1643 2526
184 100 242 141 54
697 99 760 133 DE
787 98 1010 134 ORATORE

183 195 308 236 nobis
341 209 447 248 opus
480 197 545 235 est
577 197 619 235 et
644 197 799 235 natura
812 207 986 259 usuque
1013 192 1179 247 callido,
1211 191 1283 246 qui
1309 190 1521 246 sagaciter

183 252 445 308 pervestiget
465 252 566 306 quid
587 252 652 293 sui
672 252 783 293 cives
808 252 924 305 iique
949 251 1156 304 homines,
1182 250 1335 304 quibus
1362 249 1522 303 aliquid.

186 311 362 352 dicendo
393 311 646 365 persuadere
677 310 799 363 velit,
838 309 1030 365 cogitent
1068 308 1254 350 sentiant
1293 307 1521 373 opinentur

115 369 170 410 52
186 372 419 423 expectent.
493 368 653 410 Teneat
702 344 872 422 o'poi·tet
920 382 1048 408 venas
1099 366 1301 420 cuiusque
1353 366 1519 421 generis

186 428 338 468 aetatis
371 427 530 468 ordinis
563 430 606 468 et
637 441 803 480 eorum,
840 426 950 480 apud
983 439 1088 479 quos
1121 425 1282 478 aliquid
1314 428 1414 479 aget
1446 427 1520 465 aut
1540 440 1556 466 5

116 486 268 526 224erit
288 489 473 539 acturus,
492 488 655 526 mentes
677 498 909 539 sensusque
930 484 1145 538 degustet,
1165 483 1520 537 philosophorum

187 547 330 585 autem
359 544 493 584 libros
525 546 712 584 reservet
744 543 826 583 sibi
859 542 911 583 ad
941 541 1117 583 huiusce
1150 541 1265 582 modi
1291 540 1521 582 Tusculani

185 602 376 656 requiem
408 605 535 655 atque
568 602 716 655 otium,
746 615 811 655 110,
844 600 879 641 31
912 600 1081 654 quando
1114 600 1152 641 ei
1184 599 1408 641 dicendum
1440 599 1522 640 erit

185 661 235 701 de
266 660 433 701 iustitia
466 664 507 700 et
538 660 632 714 fide,
663 662 883 700 mutuetur
915 674 938 699 a
965 658 1165 713 Platone3
1197 658 1269 711 qui
1295 672 1391 698 cum
1416 657 1520 698 haec

186 719 457 772 exprimenda
489 719 628 759 verbis
656 718 949 771 arbitraretur,
979 731 1135 757 novam
1161 716 1372 770 quandam
1396 715 1520 756 finxit
1541 732 1574 757 10

183 776 230 817 in
269 777 390 817 libris
433 776 668 831 civitatem,
708 790 841 829 usque
884 789 933 816 eo
976 775 1069 829 illa,
1112 789 1218 828 quae
1257 774 1434 815 dicenda
1471 774 1520 815 de

182 835 350 875 iustitia
381 835 580 889 putabat,
618 849 642 875 a
678 834 790 875 vitae
824 833 1129 875 consuetudine
1169 835 1210 874 et
1242 847 1267 874 a
1298 832 1521 874 civitatum

115 893 375 933 ‘225moribus
424 893 723 933 abhorrebant.
804 891 927 940 Quod
976 892 1012 932 si
1059 906 1107 932 ea
1151 891 1435 945 probarentur
1476 890 1523 931 in

183 951 352 1005 populis
386 954 512 1004 atque
543 951 590 991 in
621 950 880 1001 civitatibus,
913 950 1007 1003 quis
1033 950 1127 1003 tibi,
1159 948 1322 1003 Crasse,
1354 963 1522 990 conces-

184 1009 311 1050 sisset
344 1009 580 1050 clarissimo
613 1009 703 1050 viro
731 1012 773 1049 et
800 1008 1076 1062 amplissimo,
1106 1007 1289 1062 principi
1322 1007 1522 1061 civitatis,
1542 1022 1574 1048 15

183 1070 231 1108 ut
255 1067 330 1107 illa
350 1068 508 1108 diceres
528 1067 572 1107 in
593 1067 778 1108 maxima
805 1067 1003 1108 contione
1030 1069 1203 1106 tuorum
1231 1065 1386 1106 civium
1413 1079 1520 1118 quae

185 1125 359 1166 dixisti?
403 1125 603 1179 Eripite
634 1139 723 1165 1103
757 1140 813 1165 ex
846 1124 1087 1177 miseriis,
1119 1124 1306 1177 eripite
1333 1138 1389 1164 ex
1414 1123 1521 1164 fau-

185 1183 326 1225 cibus
370 1198 557 1236 eorum,
603 1197 813 1236 quoium
858 1182 1139 1223 crudelitas
1183 1184 1364 1222 nostro
1409 1196 1519 1222 san-

185 1242 334 1296 guine
377 1255 476 1282 non
519 1244 691 1295 potest
736 1240 947 1295 expleri3
995 1240 1159 1281 nolite
1210 1240 1379 1280 sinere
1428 1254 1519 1281 nos

184 1300 417 1353 cuiquam
456 1300 648 1340 servire
686 1299 787 1340 nisi
828 1299 974 1339 vobis
1016 1298 1291 1352 universis,
1331 1297 1518 1363 quibus
1540 1314 1574 1339 20

184 1361 232 1398 et
269 1372 536 1412 possum-us
576 1361 622 1398 et
664 1358 911 1398 debemus.
974 1355 1138 1397 Omitto
1180 1356 1436 1410 miserias,
1475 1356 1521 1397 in

184 1416 351 1470 quibus,
381 1419 429 1456 ut
454 1416 517 1456 1111
545 1415 676 1470 aiunt,
701 1416 766 1456 vir
790 1415 915 1456 fortis
943 1429 1033 1455 esse
1059 1429 1146 1455 non
1170 1417 1332 1469 potest,
1365 1414 1518 1456 omitto

182 1475 374 1528 fauces,
425 1488 475 1515 ex
520 1474 673 1527 quibus
717 1477 760 1514 te
804 1473 909 1527 eripi
953 1473 1035 1525 vis,
1077 1487 1129 1513 ne
1172 1472 1329 1514 iudicio
1371 1473 1519 1526 iniquo

182 1533 437 1573 exorbeatur
462 1532 634 1586 sanguis
660 1535 773 1585 tuus,
799 1531 910 1584 quod
937 1530 1119 1585 sapienti
1144 1534 1304 1585 negant
1329 1530 1517 1572 accidere

181 1605 325 1645 posse,
358 1590 546 1634 servire
578 1604 677 1631 vero
709 1603 795 1629 non
826 1590 952 1629 modo
991 1592 1032 1629 te
1072 1589 1143 1629 sed
1181 1588 1426 1629 um'versum
1459 1603 1519 1630 se-
1539 1607 1572 1633 25

182 1651 350 1702 natum,
389 1648 507 1689 cuius
546 1651 638 1688 tum
675 1662 847 1688 causam
885 1647 1060 1700 agebas,
1101 1661 1226 1687 ausus
1266 1661 1309 1687 es
1351 1647 1519 1688 dicere?

113 1705 387 1747 226Potestne
413 1706 561 1759 virtus,
582 1704 745 1758 Crasse,
765 1705 921 1745 servire
941 1704 1036 1745 istis
1058 1705 1317 1758 auctoribus,
1338 1719 1519 1758 quorum

183 1767 232 1805 tu
261 1767 487 1818 praecepta
520 1763 701 1804 oratoris
733 1763 937 1804 facultate
970 1763 1295 1816 complecteris?
1337 1777 1443 1817 quae
1476 1767 1519 1805 et

183 1837 350 1876 semper
382 1825 424 1862 et
456 1822 546 1862 sola
583 1821 718 1862 libera
755 1824 819 1861 est
851 1835 1058 1875 quaeque,
1096 1821 1225 1861 etiam
1264 1821 1300 1862 si
1339 1836 1516 1876 corpora

183 1883 308 1933 capta
340 1880 425 1921 sint
458 1880 586 1921 armis
620 1883 693 1920 aut
731 1879 964 1920 constricta
1004 1879 1172 1933 vinclis,
1209 1882 1355 1920 tamen
1393 1895 1517 1921 suum
1537 1898 1571 1922 30

181 1938 248 1979 ius
281 1941 408 1991 atque
442 1938 631 1978 omnium
657 1952 798 1978 rerum
822 1937 1077 1991 impunitam
1104 1937 1348 1978 libertatem
1373 1941 1516 1979 tenere

183 1996 345 2036 debeat.
390 1995 504 2044 Quae
524 2010 623 2037 vero
644 1995 856 2049 addidisti,
880 2009 966 2035 non
992 1995 1117 2036 modo
1145 1999 1340 2036 senatum
1360 1996 1516 2037 servire

180 2068 329 2108 posse
354 2055 512 2108 populo
534 2055 606 2095 sed
627 2054 755 2094 etiam
782 2054 981 2107 debere,
1008 2053 1101 2106 quis
1127 2054 1208 2095 hoc
1233 2054 1515 2108 philosophus

181 2116 272 2153 tam
303 2112 457 2166 mollis,
487 2116 576 2153 tam
606 2111 845 2166 languidus,
875 2114 965 2151 tam
990 2115 1226 2166 enervatus,
1257 2116 1347 2153 tam
1373 2112 1516 2153 omnia

182 2171 234 2211 ad
271 2170 535 2224 voluptatem
574 2170 762 2224 corporis
801 2169 1072 2222 doloremque
1110 2170 1296 2211 referens
1335 2171 1515 2224 probare
1535 2187 1568 2213 35

179 2231 339 2283 posset,
371 2231 564 2269 senatum
598 2228 753 2268 servire
785 2227 956 2281 populo,
995 2227 1058 2268 cui
1092 2229 1275 2282 populus
1305 2228 1396 2282 ipse
1428 2243 1516 2269 mo-

182 2286 355 2328 derandi
404 2290 447 2328 et
495 2286 668 2341 regendi
719 2285 784 2326 sui
833 2288 1093 2340 potestatem
1145 2287 1267 2340 quasi
1311 2287 1517 2340 quasdam
