1643 2526
160 103 245 145 298
734 104 922 139 BRUTUS

155 201 389 254 vertamur3
434 198 507 253 qui
545 202 690 240 orator
726 199 880 241 fuisset
911 199 940 254 †
973 214 1069 241 cum
1101 199 1258 241 litteris
1290 200 1497 242 eruditior

158 272 286 312 quam
324 257 452 299 Curio
490 260 584 298 tum
621 257 751 299 etiam
795 258 1034 300 accuratius
1080 258 1291 312 quoddam
1331 258 1496 300 dicendi

157 319 200 357 et
220 315 472 370 exquisitius
494 316 697 357 afferebat
719 330 870 372 genus3
897 317 1010 370 quod
1031 330 1287 382 quamquam
1313 317 1497 358 scienter

158 374 457 429 eleganterque
489 375 717 429 tractabat
746 374 927 416 nimium
958 378 1103 416 tamen
1132 375 1349 428 inquirens
1380 375 1427 416 in
1453 389 1496 417 se

158 436 285 486 atque
322 433 413 486 ipse
455 447 545 473 sese
590 433 819 474 observans
863 436 1159 488 metuensque,
1200 447 1253 474 ne
1290 433 1495 475 vitiosum

158 491 391 545 colligeret,
423 491 553 532 etiam
577 506 725 532 verum
751 492 1003 547 sanguinem
1030 491 1303 545 deperdebat.
1347 492 1498 545 Itaque

157 549 247 590 eius
280 549 417 590 oratio
448 549 581 590 nimia
610 550 817 605 religione
849 553 1070 591 attenuata
1098 549 1234 591 doctis
1261 553 1303 591 et
1335 553 1497 591 attente

158 607 430 648 audientibus
468 610 560 648 erat
596 608 809 663 inlustris,
853 624 876 650 a
912 608 1185 649 multitudine
1224 612 1368 650 autem
1399 611 1442 650 et
1474 623 1498 650 a

158 666 266 721 foro,
298 666 366 707 cui
397 668 500 707 nata
531 666 776 720 eloquentia
808 670 885 721 est,
917 667 1210 708 devorabatur.

89 734 158 765 284
277 724 386 765 Tum
417 724 595 765 Brutus:
639 724 834 766 Atticum
867 740 929 779 se,
964 725 1122 779 inquit,
1160 724 1313 766 Calvus
1350 728 1498 766 noster

160 782 243 824 dici
276 785 488 823 oratorem
526 783 714 824 volebat:
758 783 855 824 inde
893 788 984 825 erat
1020 784 1105 824 ista
1143 783 1329 838 exilitas,
1371 798 1499 837 quam

159 841 230 881 ille
257 841 306 881 de
338 840 549 881 industria
578 842 927 894 consequebatur.
978 841 1173 895 Dicebat,
1202 842 1390 896 inquam,
1420 842 1499 898 ita3

161 899 233 940 sed
259 902 301 940 et
325 898 417 953 ipse
444 899 614 940 errabat
634 903 676 940 et
702 899 808 940 alios
835 900 965 941 etiam
991 914 1129 941 errare
1157 901 1349 955 cogebat.
1386 900 1499 941 Nam

160 958 196 998 si
229 957 323 1010 quis
357 971 442 1012 603,
473 957 545 1011 qui
575 972 653 999 nec
684 957 827 1012 inepte
860 958 1007 999 dicunt
1037 972 1115 1000 nec
1142 958 1286 999 odiose
1317 973 1395 1000 1160
1425 973 1499 1012 pu-

160 1015 260 1069 tide,
290 1015 434 1056 Attice
465 1019 589 1069 putat
617 1016 765 1070 dicere,
795 1016 832 1057 is
864 1020 977 1058 recte
1008 1016 1091 1057 nisi
1117 1016 1312 1058 Atticum
1341 1017 1498 1071 probat

160 1074 385 1114 neminem.
447 1074 741 1115 Insulsitatem
773 1074 885 1115 enim
918 1078 960 1115 et
990 1075 1264 1115 insolentiam
1294 1078 1500 1128 tanquam

160 1132 372 1173 insaniam
405 1132 617 1185 quandam
650 1133 855 1173 orationis
889 1133 990 1187 odit,
1023 1133 1251 1173 sanitatem
1283 1136 1425 1174 autem
1458 1136 1500 1174 et

161 1190 457 1245 integritatem
490 1190 611 1243 quasi
642 1190 893 1245 religionem
922 1195 964 1231 et
989 1191 1285 1232 verecundiam
1317 1192 1499 1233 oratoris

162 1249 328 1303 probat.
396 1248 513 1290 Haec
558 1249 748 1290 omnium
792 1250 916 1290 debet
960 1252 1178 1290 oratorum
1222 1250 1368 1290 eadem
1409 1264 1500 1291 esse

92 1307 386 1349 285sententia.
450 1305 524 1347 Sin
557 1310 699 1348 autem
729 1307 999 1348 ieiunitatem
1030 1310 1073 1348 et
1098 1307 1336 1349 siccitatem
1367 1311 1410 1348 et
1440 1308 1501 1349 in-

97 2215 152 2256 83

96 2283 164 2315 286

164 1365 318 1419 opiam,
350 1365 577 1406 dummodo
605 1365 661 1406 sit
685 1366 834 1419 polita,
860 1367 959 1406 dum
985 1366 1160 1420 urbana,
1191 1366 1291 1406 dum
1317 1365 1502 1421 elegans,

162 1424 207 1464 in
238 1423 387 1465 Attico
421 1438 573 1478 genere
604 1424 739 1478 ponit,
769 1424 850 1465 hoc
882 1427 994 1465 recte
1028 1424 1266 1479 dumtaxat3
1299 1425 1371 1465 sed
1403 1425 1502 1478 quia

165 1485 264 1523 sunt
297 1482 344 1522 in
374 1481 532 1523 Atticis
572 1482 665 1523 aliis
705 1483 788 1523 alia
826 1483 1020 1537 meliora,
1063 1482 1204 1523 Videat
1241 1496 1293 1523 ne
1330 1482 1501 1537 ignoret

164 1543 207 1581 et
251 1540 406 1595 gradus
452 1543 494 1581 et
538 1540 903 1581 dissimilitudines
949 1544 992 1581 et
1034 1540 1122 1581 vim
1165 1543 1206 1581 et
1250 1541 1501 1582 varietatem

165 1598 421 1639 Atticorum.
467 1597 681 1653 eAtticos’,
704 1599 857 1653 inquit,
884 1599 994 1640 ‘volo
1021 1598 1208 1639 imitari.⁹
1254 1598 1398 1647 Quos?
1423 1614 1500 1641 nec

165 1656 278 1698 enim
316 1659 381 1697 est
417 1671 549 1697 unum
589 1671 732 1711 genus.
795 1656 907 1698 Nam
940 1656 1039 1710 quid
1073 1659 1138 1697 est
1175 1659 1264 1697 tam
1297 1657 1501 1699 dissimile

166 1729 294 1768 quam
325 1714 637 1755 Demosthenes
669 1718 712 1755 et
742 1714 924 1768 Lysias‘.>
975 1729 1102 1768 quam
1138 1714 1251 1755 idem
1289 1718 1330 1756 et
1361 1715 1501 1770 Hype-

165 1773 306 1813 rides‘?
339 1787 466 1825 quam
497 1772 649 1813 horum
683 1773 873 1813 omnium
898 1772 1162 1814 Aeschines?
1204 1772 1338 1820 Quem
1368 1773 1503 1828 igitur

164 1830 377 1871 imitaris?
410 1829 455 1871 Si
482 1831 682 1884 aliquem:
716 1831 844 1872 ceteri
870 1844 970 1885 ergo
994 1830 1137 1871 Attice
1162 1845 1249 1871 non
1274 1831 1502 1873 dicebant?

167 1888 203 1929 si
230 1888 384 1929 omnis:
418 1889 490 1942 qui
515 1892 651 1943 potes,
677 1904 773 1930 cum
796 1889 882 1930 sint
903 1889 984 1943 ipsi
1005 1889 1278 1930 dissimillimi
1296 1890 1409 1931 inter
1429 1890 1502 1931 se‘?

166 1946 217 1987 In
249 1961 332 1999 quo
369 1947 474 1987 illud
512 1947 642 1988 etiam
681 1962 855 2001 quaero,
893 1947 1122 1988 Phalereus
1156 1947 1227 1988 ille
1260 1948 1502 1990 Demetrius

166 2004 364 2045 Atticene
408 2005 572 2046 dixerit.
640 2005 748 2046 Mihi
787 2006 957 2059 quidem
994 2020 1044 2046 ex
1080 2005 1196 2046 illius
1237 2006 1502 2048 orationibus

166 2062 353 2103 redolere
385 2063 502 2117 ipsae
535 2063 729 2104 Athenae
760 2064 967 2104 videntur.
1031 2063 1088 2106 At
1121 2067 1185 2105 est
1217 2064 1419 2119 floridior,
1455 2068 1503 2106 ut

165 2121 229 2161 ita
254 2121 404 2176 dicam,
431 2136 558 2174 quam
576 2121 827 2176 Hyperides,
852 2136 978 2175 quam
1000 2121 1170 2176 Lysias:
1201 2126 1356 2164 natura
1382 2137 1504 2178 quae-

167 2179 263 2220 dam
296 2182 368 2220 aut
399 2180 597 2220 voluntas
629 2180 691 2221 ita
723 2180 887 2221 dicendi
918 2180 1013 2221 fuit.

284 2237 343 2278 Et
380 2238 550 2291 quidem
587 2237 668 2278 duo
706 2238 879 2279 fuerunt
915 2253 990 2293 per
1029 2239 1142 2280 idem
1179 2241 1346 2293 tempus
1385 2239 1505 2280 dissi-

168 2295 289 2337 miles
326 2295 437 2337 inter
475 2310 538 2352 se,
574 2296 647 2337 sed
684 2296 820 2338 Attici
857 2299 1018 2352 tamen,
1063 2311 1245 2350 quorum
1283 2297 1502 2339 Charisius

1518 743 1551 768 10

1519 1034 1551 1060 15

1520 1326 1554 1351 20

1522 1617 1554 1642 25

1522 1908 1556 1934 30

1523 2197 1558 2224 35
