1643 2526
519 100 618 137 CAP.
646 104 795 136 95—96.
840 104 859 143 ἓ
885 104 1083 137 325-329.
1385 101 1469 142 311

131 196 268 237 oratio
302 211 397 238 cum
428 196 608 238 incitata
639 199 681 238 et
712 196 884 237 vibrans
910 199 1004 238 tum
1035 196 1166 238 etiam
1197 198 1397 238 accurata
1429 199 1471 237 et

130 255 276 309 polita.
326 253 426 295 Non
450 256 689 309 probantur
712 254 817 296 haec
844 254 1016 296 senibus
1043 280 1090 284 —
1122 269 1246 309 saepe
1272 254 1470 296 videbam

131 328 227 354 cum
252 312 507 354 inridentem
529 316 621 354 tum
641 313 770 354 etiam
788 313 1044 354 irascentem
1064 316 1106 355 et
1127 313 1469 355 stomachantem

130 370 377 425 Philippum
418 396 490 425 —,
528 372 601 412 sed
637 371 846 412 mirantur
885 371 1196 425 adulescentes,
1236 371 1468 412 multitudo

97 444 113 469 5
134 432 337 470 movetur.
383 430 509 481 [Erat
535 430 742 471 excellens
767 429 925 471 iudicio
951 430 1069 485 vulgi
1096 434 1139 471 et
1163 430 1288 471 facile
1308 429 1539 484 primas327

131 488 305 528 tenebat
350 488 608 529 adulescens.
677 488 775 529 Etsi
819 488 932 529 enim
977 502 1109 543 genus
1153 488 1260 529 illud
1304 487 1469 529 dicendi

132 546 401 587 auctoritatis
433 547 621 587 habebat
650 561 820 601 parum,
851 549 996 587 tamen
1028 549 1176 601 aptum
1214 561 1306 587 esse
1338 545 1471 587 aetati

130 604 383 655 videbatur]
447 605 506 645 Et
538 607 664 659 certe,
696 605 809 658 quod
840 607 883 645 et
914 605 1060 660 ingeni
1093 605 1300 658 quaedam
1331 604 1471 645 forma

130 662 300 703 lucebat
325 666 367 703 et
393 662 694 704 exercitatione
720 662 911 717 perfecta
936 666 1028 704 erat
1046 664 1274 704 verborum
1294 666 1470 716 eratque

78 736 112 760 ιο
132 721 309 762 astricta
341 721 622 777 comprensio,
653 736 864 762 summam
894 721 1118 762 hominum
1144 721 1471 762 admirationem

131 779 357 820 excitabat.
411 779 493 821 Sed
519 794 614 821 cum
645 780 732 821 iam
763 779 947 821 honores
979 783 1023 821 et
1053 780 1128 820 illa
1160 780 1302 821 senior
1328 782 1471 821 aucto-

129 837 235 878 ritas
269 838 440 892 gravius
473 838 673 892 quiddam
704 838 950 891 requireret,
980 838 1231 879 remanebat
1254 838 1368 878 idem
1392 851 1470 878 nec

130 895 308 936 decebat
355 896 489 951 idem,
545 897 740 950 quodque
797 896 1147 937 exercitationem
1197 896 1469 949 studiumque

130 954 368 1008 dimiserat,
407 954 519 1008 quod
556 955 601 995 in
633 968 682 995 eo
720 954 861 995 fuerat
893 954 1164 1009 acerrimum,
1202 954 1469 996 concinnitas

79 1026 110 1051 15
130 1012 205 1052 illa
243 1012 534 1065 crebritasque
573 1013 882 1053 sententiarum
919 1012 1102 1066 pristina
1140 1013 1359 1067 manebat,
1396 1012 1470 1053 sed

130 1085 180 1111 ea
211 1070 370 1111 vestitu
408 1070 482 1111 illo
522 1071 747 1123 orationis,
785 1085 868 1125 quo
911 1074 1155 1125 consuerat,
1193 1073 1344 1111 ornata
1382 1084 1471 1111 non

130 1132 232 1169 erat.
302 1128 397 1170 Hoc
438 1128 519 1169 tibi
558 1129 649 1182 ille,
691 1128 842 1183 Brute,
885 1128 1026 1170 minus
1069 1129 1253 1170 fortasse
1295 1128 1471 1183 placuit,

131 1201 258 1240 quam
277 1187 521 1241 placuisset,
548 1187 583 1228 si
603 1187 725 1227 illum
745 1187 998 1242 flagrantem
1020 1187 1161 1228 studio
1183 1190 1226 1228 et
1236 1187 1469 1228 florentem
1499 1207 1506 1210 ³

129 1244 334 1286 facultate
368 1245 512 1286 audire
543 1245 770 1299 potuisses.
1484 1269 1540 1310 95

77 1318 112 1343 20
247 1303 356 1344 Tum
381 1303 560 1344 Brutus:
592 1303 688 1358 Ego
714 1317 827 1358 vero,
850 1303 1004 1358 inquit,
1029 1306 1072 1344 et
1096 1303 1193 1357 ista,
1219 1317 1326 1357 quae
1353 1303 1540 1368 dicis,328

130 1361 252 1402 video
291 1361 434 1415 qualia
477 1361 563 1402 sint
604 1364 646 1402 et
688 1361 969 1402 Hortensium
1009 1375 1214 1415 magnum
1256 1364 1470 1402 oratorem

132 1434 298 1473 semper
334 1419 482 1473 putavi
520 1434 800 1473 maxumeque
837 1419 1015 1473 probavi
1056 1434 1133 1473 pro
1171 1419 1373 1460 Messalla
1413 1419 1471 1460 di-

132 1481 317 1531 centem,
361 1492 457 1518 cum
494 1480 542 1518 tu
575 1477 732 1518 afuisti.
796 1476 864 1519 Sic
902 1477 1065 1531 ferunt,
1107 1477 1301 1531 inquam,
1343 1477 1470 1531 idque

133 1536 318 1577 declarat
350 1536 531 1576 totidem
570 1539 674 1589 quot
705 1535 831 1590 dixit,
867 1538 916 1576 ut
954 1535 1095 1589 aiunt,
1133 1535 1293 1589 scripta
1329 1535 1469 1576 verbis

78 1609 112 1634 25
133 1594 282 1635 oratio.
333 1594 450 1649 Ergo
482 1594 553 1634 ille
587 1609 611 1635 a
643 1593 796 1635 Crasso
830 1593 1000 1635 consule
1033 1596 1076 1634 et
1108 1592 1312 1634 Scaevola
1337 1608 1470 1647 usque

132 1653 184 1694 ad
202 1652 384 1693 Paulum
410 1655 452 1693 et
472 1652 721 1693 Marcellum
748 1652 942 1693 consules
969 1651 1128 1705 floruit,
1152 1666 1231 1692 nos
1257 1651 1302 1692 in
1323 1652 1470 1692 eodem

133 1725 258 1752 cursu
295 1710 455 1751 fuimus
495 1725 519 1751 a
551 1709 669 1751 Sulla
708 1710 916 1751 dictatore
958 1710 1010 1750 ad
1048 1710 1219 1751 eosdem
1255 1709 1342 1750 fere
1375 1724 1472 1751 con-

133 1769 256 1809 sules.
331 1767 400 1809 Sic
444 1767 490 1817 Q.
533 1768 738 1809 Hortensi
781 1782 864 1809 vox
904 1768 1093 1809 extincta
1135 1767 1225 1809 fato
1272 1781 1348 1809 suo
1394 1771 1471 1822 est,

131 1830 280 1867 nostra
304 1826 488 1880 publico.
538 1826 691 1867 Melius
719 1841 876 1880 quaeso
904 1826 1105 1879 ominare,
1129 1825 1270 1879 inquit
1297 1826 1539 1867 Brutus329

80 1900 113 1925 30
134 1883 199 1925 Sit
233 1898 333 1925 sane
370 1887 418 1925 ut
455 1884 537 1939 vis,
572 1884 765 1939 inquam,
807 1887 849 1925 et
885 1884 930 1924 id
965 1898 1052 1924 non
1089 1887 1179 1924 tam
1216 1898 1310 1924 mea
1342 1898 1471 1925 causa

133 1957 261 1996 quam
298 1946 389 1996 tua3
430 1942 503 1983 sed
539 1942 785 1983 fortunatus
823 1942 938 1983 illius
979 1942 1136 1996 exitus,
1181 1941 1254 1994 qui
1295 1956 1344 1982 ea
1383 1956 1471 1982 non

132 2001 239 2041 vidit
271 2014 367 2041 cum
398 2000 565 2054 fierent,
603 2015 709 2054 quae
746 2000 934 2054 providit
971 2000 1128 2040 futura.
1191 1999 1325 2054 Saepe
1357 2000 1470 2040 enim

132 2059 244 2099 inter
292 2072 371 2099 nos
414 2058 705 2112 impendentes
747 2073 869 2100 casus
915 2057 1183 2110 deflevimus,
1229 2073 1325 2099 cum
1368 2058 1470 2099 belli

133 2117 270 2158 civilis
297 2131 446 2157 causas
477 2116 522 2156 in
546 2116 811 2170 privatorum
837 2116 1144 2170 cupiditatibus
1170 2116 1370 2170 inclusas,
1400 2130 1471 2169 pa-

80 2190 114 2216 35
134 2175 194 2216 cis
228 2189 346 2229 spem
378 2189 402 2215 a
432 2174 604 2228 publico
638 2174 816 2215 consilio
850 2188 940 2215 esse
973 2174 1188 2215 exclusam
1218 2174 1469 2215 videremus.

135 2231 219 2274 Sed
242 2233 364 2273 illum
391 2232 558 2273 videtur
582 2232 764 2274 felicitas
790 2232 938 2287 ipsius,
964 2246 1048 2286 qua
1074 2246 1240 2286 semper
1265 2235 1330 2272 est
1355 2245 1470 2284 usus,

134 2291 186 2332 ab
202 2291 261 2332 eis
277 2290 473 2345 miseriis,
494 2304 600 2343 quae
616 2293 867 2331 consecutae
889 2293 1000 2345 sunt,
1019 2293 1156 2331 morte
1176 2288 1469 2330 vindicavisse.
