1643 2526
107 627 146 658 61

176 113 260 154 238
752 112 939 147 BRUTUS

173 207 254 249 His
298 208 411 249 enim
453 207 718 262 consulibus,
760 210 809 248 ut
848 207 893 247 in
933 207 1150 248 veteribus
1196 208 1513 250 commentariis

175 266 382 320 scriptum
413 269 490 319 est,
522 265 709 306 Naevius
742 269 807 307 est
839 269 1052 321 mortuus3
1085 280 1343 320 quamquam
1374 265 1513 307 Varro

174 328 321 365 noster
361 324 714 379 diligentissimus
755 324 1039 378 investigator
1082 324 1353 378 antiquitatis
1391 328 1515 378 putat

174 383 220 423 in
266 383 348 424 hoc
398 385 586 423 erratum
634 382 850 435 vitamque
901 381 1036 423 Naevi
1085 382 1283 436 producit
1331 383 1514 438 longius.

175 439 287 482 Nam
312 440 490 481 Plautus
522 440 567 481 P.
595 438 772 481 Claudio
805 440 850 481 L.
878 440 1044 495 Porcio,
1074 441 1229 495 viginti
1262 440 1383 482 annis
1414 444 1514 495 post

174 499 272 540 illos
306 513 412 553 quos
446 502 543 540 ante
576 499 681 553 dixi,
719 498 965 540 consulibus
1004 502 1198 540 mortuus
1231 502 1315 554 est,
1353 497 1515 540 Catone

177 572 361 598 censore.

293 615 418 656 Hunc
443 614 578 669 igitur
601 614 837 670 Cethegum
864 619 1117 657 consecutus
1145 619 1210 657 est
1236 618 1374 656 aetate
1396 614 1517 670 Cato,

176 674 248 728 qui
281 673 402 714 annis
428 673 490 713 IX
515 676 613 727 post
645 688 741 714 eum
772 673 854 714 fuit
888 674 1047 715 consul.
1097 674 1208 715 Eum
1240 688 1319 715 nos
1352 677 1401 714 ut
1426 689 1516 727 per-

176 735 362 773 veterem
386 731 605 785 habemus,
632 731 703 785 qui
729 731 776 772 L.
797 731 959 773 Marcio
986 732 1052 772 M'.
1068 732 1245 773 Manilio
1267 732 1514 774 consulibus

177 794 371 831 mortuus
405 793 481 843 est,
514 790 635 830 annis
668 789 891 831 LXXXVI
923 790 1028 843 ipsis
1058 794 1155 832 ante
1188 805 1254 831 me
1287 790 1514 831 consulem.

111 849 162 889 16
177 849 266 889 Nec
292 862 391 889 vero
417 848 555 888 habeo
583 862 838 901 quemquam
871 848 1169 903 antiquiorem,
1201 849 1319 890 cuius
1346 848 1516 902 quidem

109 1034 151 1065 62

110 1732 152 1762 63

111 2196 154 2227 (34

178 906 337 960 scripta
368 906 620 960 proferenda
646 909 805 960 putem,
836 906 919 946 nisi
946 921 1071 960 quem
1091 907 1205 961 Appi
1227 905 1350 948 Caeci
1378 907 1515 948 oratio

176 965 280 1006 haec
311 965 404 1018 ipsa
436 965 485 1005 de
517 963 682 1018 Pyrrho
721 967 764 1005 et
800 965 1029 1005 nonnullae
1072 968 1339 1006 mortuorum
1376 965 1517 1006 lauda-

178 1023 316 1064 tiones
344 1022 454 1063 forte
482 1022 703 1063 delectant.
754 1023 813 1063 Et
838 1022 1030 1064 hercules
1057 1038 1129 1064 eae
1157 1023 1325 1077 quidem
1351 1026 1516 1064 extant:

177 1081 294 1135 ipsae
339 1081 452 1121 enim
495 1080 681 1121 familiae
722 1095 799 1121 sua
839 1081 959 1135 quasi
999 1085 1249 1122 ornamenta
1287 1097 1334 1123 ac
1372 1096 1518 1123 monu-

179 1142 323 1180 menta
354 1139 582 1180 servabant
613 1142 655 1179 et
688 1139 740 1179 ad
772 1153 909 1192 usum,
940 1139 975 1180 si
1003 1139 1096 1193 quis
1130 1140 1317 1181 eiusdem
1350 1140 1516 1195 generis

180 1197 421 1251 occidisset,
458 1200 500 1237 et
533 1197 583 1237 ad
615 1197 865 1237 memoriam
902 1197 1075 1238 laudum
1113 1198 1443 1239 domesticarum
1475 1201 1517 1238 et

180 1255 232 1295 ad
262 1254 575 1296 inlustrandam
617 1255 888 1296 nobilitatem
932 1270 1063 1296 suam.
1138 1255 1406 1310 Quamquam
1449 1256 1516 1296 lxis

180 1313 497 1354 laudationibus
529 1313 712 1353 historia
738 1328 879 1354 rerum
904 1317 1150 1355 nostrarum
1176 1317 1241 1355 est
1266 1315 1380 1355 facta
1406 1328 1518 1355 men-

180 1371 332 1412 dosior.
394 1370 533 1411 Multa
571 1371 683 1412 enim
727 1371 888 1425 scripta
931 1375 1030 1413 sunt
1067 1372 1112 1412 iu
1150 1372 1209 1413 eis
1254 1387 1361 1426 quae
1404 1372 1518 1413 facta

179 1444 265 1470 non
303 1433 419 1470 sunt:
463 1429 562 1470 falsi
600 1429 827 1484 triumphi,
869 1430 1011 1483 plures
1050 1431 1318 1485 consulatus,
1363 1445 1518 1485 genera

180 1488 309 1529 etiam
346 1488 455 1528 falsa
493 1491 534 1528 et
572 1488 623 1528 ad
656 1488 822 1541 plebem
855 1488 1150 1542 transitiones,
1191 1504 1287 1530 cum
1323 1489 1517 1530 homines

178 1546 427 1587 humiliores
458 1546 504 1586 in
535 1546 720 1587 alienum
752 1546 939 1587 eiusdem
977 1547 1162 1588 nominis
1193 1547 1518 1588 infunderentur

180 1619 330 1659 genus3
374 1607 422 1644 ut
454 1604 490 1645 si
522 1618 601 1659 ego
639 1619 706 1644 me
739 1619 762 1644 a
793 1604 860 1644 M'.
893 1604 1032 1645 Tullio
1072 1620 1162 1645 esse
1201 1605 1400 1659 dicerem,
1446 1605 1516 1659 qui

179 1662 385 1716 patricius
413 1677 508 1703 cum
536 1662 683 1702 Servio
711 1660 900 1716 Sulpicio
934 1663 1082 1703 consul
1116 1677 1225 1703 anno
1257 1662 1296 1703 X
1328 1666 1427 1717 post
1453 1678 1518 1704 ex-

181 1724 298 1761 actos
330 1734 451 1775 reges
484 1720 577 1760 fuit.
638 1719 814 1761 Catonis
848 1723 990 1761 autem
1023 1721 1237 1762 orationes
1264 1735 1351 1761 non
1377 1721 1517 1762 minus

180 1778 338 1819 multae
376 1778 462 1819 fere
502 1781 601 1819 sunt
638 1792 764 1831 quam
796 1777 932 1819 Attici
964 1778 1135 1833 Lysiae,
1174 1779 1292 1820 cuius
1332 1779 1519 1820 arbitror

179 1837 383 1890 plurimas
429 1851 519 1877 esse
567 1861 615 1865 —
663 1839 728 1877 est
772 1836 884 1877 enim
925 1836 1115 1891 Atticus,
1159 1837 1361 1890 quoniam
1405 1841 1518 1879 certe

182 1895 362 1935 Athenis
407 1897 472 1935 est
515 1897 557 1935 et
599 1897 725 1935 natus
770 1898 811 1935 et
854 1897 1049 1935 mortuus
1100 1898 1141 1935 et
1184 1895 1356 1937 functus
1402 1896 1551 1937 omnis

180 1952 336 1993 civium
363 1967 549 2007 munere,
575 1967 834 2006 quamquam
859 1952 1057 1994 Timaeus
1084 1968 1180 1994 eum
1206 1954 1327 2007 quasi
1353 1953 1519 1995 Licinia

180 2013 222 2051 et
253 2010 395 2051 Mucia
426 2011 519 2065 lege
551 2011 706 2065 repetit
733 2010 964 2065 Syracusas
999 2029 1070 2066 —3
1103 2015 1147 2052 et
1178 2013 1360 2065 quodam
1392 2013 1518 2053 modo

180 2071 245 2109 est
276 2068 482 2109 nonnulla
506 2069 551 2109 in
576 2069 628 2110 iis
657 2069 786 2110 etiam
811 2069 923 2110 inter
947 2069 1064 2123 ipsos
1098 2070 1344 2111 similitudo.
1389 2070 1518 2112 Acuti

181 2130 293 2181 sunt7
318 2127 534 2180 elegantes
560 2127 690 2168 faceti
715 2128 880 2182 breves3
913 2128 985 2168 sed
1009 2128 1080 2169 ille
1109 2128 1294 2170 Graecus
1323 2129 1375 2169 ab
1403 2129 1519 2169 omm'

179 2185 303 2226 laude
335 2185 509 2226 felicior.
572 2185 715 2226 Habet
747 2185 859 2226 enim
891 2189 1029 2227 certos
1068 2187 1133 2227 sui
1172 2187 1406 2238 studiosos,
1447 2187 1518 2240 qui
1539 2204 1553 2228 3

179 2258 266 2284 non
303 2246 393 2284 tam
435 2243 609 2284 habitus
654 2244 842 2297 corporis
882 2244 1047 2298 opimos
1087 2259 1214 2298 quam
1256 2244 1518 2300 gracilitates

182 2304 497 2357 consectentur,
532 2316 637 2355 quos
646 2336 656 2356 7
688 2302 885 2343 valetudo
918 2303 1043 2343 modo
1076 2304 1188 2344 bona
1221 2303 1294 2357 sit,
1333 2303 1518 2344 tenuitas

1538 751 1569 775 10

1537 1040 1569 1066 15

1537 1333 1571 1357 20

1536 1623 1569 1647 25
