1643 2526
192 100 279 141 320
764 96 959 132 ORATOR

196 210 323 249 quam
351 194 546 249 adipatae
573 192 772 234 dictionis
800 206 945 248 genus,
977 191 1090 245 quod
1121 205 1268 232 eorum
1293 190 1421 232 vicini
1446 204 1534 231 non

194 255 257 295 ita
287 254 375 294 lato
407 252 633 293 interiecto
665 251 773 292 mari
805 250 963 291 Rhodii
994 264 1214 303 nunquam
1243 249 1532 304 probaverunt

196 312 395 365 [Graecia
427 313 570 352 autem
601 310 737 351 multo
768 309 948 363 minus],
984 307 1268 349 Athenienses
1305 322 1404 348 vero
1441 307 1534 347 fun-

196 371 310 412 ditus
342 369 690 424 repudiaverunt-,3
723 382 904 422 quorum
931 381 1096 421 semper
1121 366 1205 407 fuit
1235 366 1419 420 prudens
1453 365 1534 406 sin-

196 443 421 482 cerumque
451 427 669 482 iudicium,
699 426 807 467 nihil
839 429 887 467 ut
917 427 1093 480 possent
1123 424 1207 465 nisi
1238 425 1533 478 incorruptum
1570 440 1586 465 5

198 487 342 529 audire
375 490 417 528 et
449 486 633 541 elegans.
693 485 856 526 Eorum
888 483 1087 538 religioni
1120 498 1216 524 cum
1243 482 1419 524 serviret
1445 496 1535 523 ora-

196 549 284 599 tor,
313 545 480 586 nullum
510 544 687 585 verbum
717 543 924 597 insolens,
954 542 1121 582 nullum
1154 541 1347 582 odiosum
1377 554 1534 595 ponere

126 615 170 647 26
198 605 391 646 audebat.
442 603 592 656 ltaque
615 602 697 656 hic,
723 616 849 656 quem
874 600 1140 655 praestitisse
1162 599 1344 640 diximus
1371 598 1536 653 ceteris,

198 664 243 703 in
279 663 354 703 illa
392 675 470 716 pro
509 660 788 715 Ctesiphonte
827 660 1019 700 oratione
1057 659 1185 713 longe
1227 658 1389 712 optima
1426 672 1536 698 sum—

198 721 370 762 missius
413 735 437 761 a
476 719 634 774 primo,
678 718 844 772 deinde,
888 718 987 758 dum
1031 717 1080 757 de
1121 717 1288 771 legibus
1333 715 1537 769 disputat,
1557 732 1589 757 ιο

198 780 404 834 pressius,
446 781 545 833 post
584 777 741 818 sensim
778 776 1005 817 incendens
1042 775 1220 829 iudices,
1257 777 1305 815 ut
1336 774 1443 815 vidit
1475 788 1537 814 ar-

200 839 364 891 dentes,
400 837 447 877 in
483 836 657 889 reliquis
697 835 905 876 exultavit
944 834 1155 875 audacius.
1217 833 1281 874 Ac
1317 835 1462 873 tamen
1492 831 1538 872 in

198 897 280 937 hoc
306 896 400 950 ipso
427 895 653 949 diligenter
679 893 947 934 examinante
968 893 1195 933 verborum
1222 891 1411 932 omnium
1436 904 1538 944 pon-

200 955 299 996 dera
330 953 601 1008 reprehendit
632 952 865 993 Aeschines
904 951 1111 1004 quaedam
1149 953 1191 991 et
1222 949 1414 1004 exagitat
1444 949 1538 989 illu-

200 1014 385 1066 densque
412 1012 516 1052 dura
543 1010 690 1052 odiosa
714 1009 1001 1051 intolerabilia
1021 1023 1112 1050 esse
1133 1008 1252 1063 dicit,
1285 1008 1388 1062 quin
1407 1007 1537 1048 etiam
1559 1023 1590 1047 15

201 1071 367 1125 quaerit
404 1071 457 1111 ab
493 1070 606 1124 ipso,
650 1084 745 1110 cum
787 1067 956 1122 quidem
995 1082 1091 1108 eum
1133 1067 1303 1107 beluam
1341 1065 1538 1120 appellet,

200 1133 346 1170 utrum
388 1129 464 1169 illa
503 1128 630 1168 verba
674 1142 727 1168 an
769 1129 969 1180 portenta
1010 1126 1113 1179 sint3
1162 1128 1210 1166 ut
1245 1124 1449 1165 Aeschini
1485 1138 1538 1164 ne

131 1200 173 1230 27
201 1187 512 1229 Demosthenes
557 1186 727 1239 quidem
769 1185 963 1226 videatur
999 1184 1144 1225 Attice
1182 1183 1330 1224 dicere.
1392 1182 1536 1223 Facile

202 1249 267 1288 est
299 1246 411 1287 enim
437 1245 613 1286 verbum
640 1244 811 1297 aliquod
843 1243 1006 1296 ardens,
1036 1245 1085 1282 ut
1115 1242 1178 1282 ita
1209 1241 1359 1295 dicam,
1388 1243 1537 1281 notare

200 1305 326 1358 idque
358 1303 575 1344 restinctis
608 1303 693 1343 iam
723 1302 962 1342 animorum
987 1299 1193 1341 incendiis
1218 1299 1404 1340 irridere.
1454 1298 1539 1339 Ita·
1559 1315 1592 1339 20

202 1377 282 1416 que
322 1377 366 1403 se
409 1375 597 1416 purgans
638 1360 803 1401 iocatur
838 1359 1169 1400 Demosthenes:
1218 1360 1348 1412 negat
1390 1357 1440 1398 in
1484 1371 1538 1398 eo

201 1420 399 1475 positas
432 1434 540 1461 esse
572 1419 807 1459 fortunas
842 1417 1104 1470 Graeciae,
1143 1416 1324 1457 hocine
1357 1430 1416 1456 an
1446 1415 1538 1456 illo

202 1479 355 1520 verbo
388 1493 506 1519 usus
540 1477 625 1531 sit,
667 1477 850 1518 hucine
890 1491 949 1516 an
986 1475 1111 1516 illuc
1144 1489 1340 1515 manum
1370 1488 1541 1528 porre-

201 1537 347 1579 xerit.
420 1536 614 1585 Quonam
656 1535 791 1590 igitur
835 1535 960 1575 modo
1011 1533 1228 1574 audiretur
1270 1531 1416 1586 Mysus
1468 1534 1540 1573 aut

201 1596 344 1649 Phryx
371 1594 566 1648 Athenis,
598 1609 693 1635 cum
723 1593 851 1634 etiam
878 1592 1189 1633 Demosthenes
1222 1590 1462 1645 exagitetur
1492 1592 1540 1630 ut
1561 1605 1593 1630 25

201 1653 405 1708 putidus?
456 1653 562 1694 Cum
600 1665 699 1692 vero
737 1651 942 1692 inclinata
981 1649 1246 1702 ululantique
1284 1663 1386 1689 voce
1423 1662 1539 1689 more

202 1711 395 1752 Asiatico
429 1724 578 1752 canere
612 1709 835 1763 coepisset,
876 1708 969 1762 quis
1003 1722 1098 1748 eum
1130 1707 1260 1748 ferret
1291 1709 1364 1747 aut
1394 1706 1539 1760 potius

204 1770 299 1823 quis
330 1783 418 1809 non
447 1769 614 1809 iuberet
646 1767 831 1808 auferri?

321 1827 389 1868 Ad
421 1826 666 1867 Atticorum
703 1825 838 1880 igitur
875 1838 996 1865 aures
1035 1826 1190 1864 teretes
1233 1826 1275 1864 et
1315 1821 1538 1877 religiosas

205 1886 277 1939 qui
305 1900 348 1926 se
375 1885 711 1938 accommodant,
740 1883 771 1923 ii
799 1885 899 1923 sunt
925 1881 1195 1923 existimandi
1221 1881 1365 1922 Attice
1392 1881 1539 1922 dicere.
1560 1897 1594 1922 30

205 1944 396 1992 Quorum
429 1957 584 1998 genera
614 1942 738 1996 plura
770 1944 887 1995 sunt3
930 1940 975 1980 hi
1007 1955 1139 1981 unum
1171 1940 1296 1980 modo
1330 1939 1452 1993 quale
1486 1938 1542 1979 sit

205 2002 486 2056 suspicantur.
530 2000 692 2041 Putant
717 1999 829 2040 enim
856 1998 928 2052 qui
952 1998 1122 2039 horride
1148 1998 1391 2052 inculteque
1417 1997 1542 2050 dicat,

204 2060 330 2101 modo
373 2059 417 2100 id
461 2059 677 2113 eleganter
721 2057 1021 2110 enucleateque
1066 2057 1214 2111 faciat,
1263 2070 1359 2096 eum
1403 2055 1541 2096 solum

206 2118 350 2159 Attice
383 2117 531 2158 dicere.
593 2116 764 2169 Errant,
796 2115 908 2169 quod
941 2115 1096 2169 solum,
1129 2114 1242 2168 quod
1269 2113 1427 2167 Attice,
1455 2127 1543 2153 non

135 2188 177 2218 29
204 2176 423 2218 falluntur.
484 2174 673 2216 Istorum
711 2173 823 2215 enim
866 2173 1041 2224 iudicio,
1085 2173 1121 2214 si
1159 2172 1297 2213 solum
1333 2171 1440 2212 illud
1477 2173 1542 2211 est
1561 2187 1594 2213 35

206 2234 413 2288 Atticum,
448 2247 501 2274 ne
533 2232 718 2274 Pericles
751 2231 920 2285 quidem
952 2231 1059 2272 dixit
1089 2230 1247 2285 Attice,
1282 2229 1350 2271 cui
1379 2228 1542 2283 primae

208 2293 297 2334 sine
339 2291 631 2334 controversia
673 2289 989 2344 defereba11tur3
1033 2289 1106 2343 qui
1150 2288 1186 2330 si
1228 2287 1346 2329 tenui
1389 2301 1542 2342 genere

150 1806 176 1846 9

133 1873 177 1906 28
