1643 2526
537 91 637 127 CAP.
664 93 767 127 6—8.
817 93 836 133 ς
864 93 1013 127 18-25.
1358 90 1442 132 319

99 186 321 240 utriusque
347 186 562 241 particeps
588 187 656 228 vel
681 186 916 241 utriusque,
951 185 987 227 si
1013 200 1161 227 verum
1187 184 1445 240 quaerimus,

99 245 243 300 potius
275 259 443 299 expers3
481 244 602 299 isque
634 259 718 286 uno
755 249 915 299 tenore,
946 247 994 285 ut
1026 245 1158 299 aiunt,
1188 244 1234 285 in
1266 244 1442 285 dicendo

100 303 197 344 fluit
220 303 328 344 m'hil
354 303 533 344 afferens
558 307 728 358 praeter
753 303 1005 345 facilitatem
1029 306 1072 344 et
1093 302 1444 357 aequabilitatem

102 364 176 403 aut
214 361 331 402 addit
368 361 534 415 aliquos
566 365 615 404 ut
645 362 691 403 in
722 376 880 404 corona
918 364 1035 402 totos
1069 376 1320 415 omnemque
1354 375 1444 402 ora-

66 438 82 462 5
102 420 263 461 tionem
296 420 557 462 ornamentis
584 420 762 462 modicis
788 421 1016 462 verborum
1049 420 1443 474 sententiarumque

102 478 341 533 distinguit.
414 478 581 520 Horum
626 479 894 535 singulorum
939 493 1143 534 generum
1187 478 1443 532 quicumque
1470 489 1513 519 22

101 537 188 578 vim
219 537 264 577 in
296 537 477 592 singulis
510 537 727 579 consecuti
758 541 875 592 sunt,
916 552 1091 578 manum
1122 537 1168 578 in
1200 537 1444 578 oratoribus

100 610 258 637 nomen
282 596 536 637 habuerunt.
588 595 670 638 Sed
695 597 982 650 quaerendum
1009 599 1073 637 est
1093 596 1253 637 satisne
1273 595 1317 637 id
1332 595 1445 650 quod

102 654 299 696 volumus
333 655 558 696 effecerint.

51 730 83 754 10
220 712 426 754 Videmus
459 713 571 754 enim
602 712 734 754 fuisse
768 713 994 767 quosdam,
1031 712 1103 766 qui
1142 712 1256 753 idem
1295 714 1443 753 ornate
1473 713 1495 754 7

104 786 152 812 ac
180 771 378 826 graviter,
408 771 521 812 idem
546 774 715 813 versute
742 775 784 812 et
811 771 1028 812 subtiliter
1055 771 1253 812 dicerent.
1301 770 1444 824 Atque

103 829 268 871 utinam
299 829 345 870 in
376 829 543 871 Latinis
582 830 681 871 talis
721 830 903 871 oratoris
946 829 1222 871 simulacrum
1260 829 1444 883 reperire

103 890 344 942 possemus!
393 888 523 929 Esset
555 888 775 943 egregium
805 902 892 929 non
924 903 1124 942 quaerere
1157 891 1344 942 externa,
1375 887 1445 928 do-

105 946 293 988 mesticis
332 961 423 988 esse
462 950 698 989 contentos.
767 945 848 987 Sed
886 961 965 1002 ego
1003 947 1134 1000 idem,
1178 947 1252 1000 qui
1288 946 1333 986 in
1369 945 1444 986 illo
1472 957 1515 988 23

53 1022 84 1048 15
106 1019 298 1046 sermone
329 1008 498 1059 nostro,
535 1005 607 1059 qui
639 1008 704 1046 est
736 1005 955 1059 expositus
992 1005 1039 1045 in
1068 1005 1225 1058 Bruto,
1262 1005 1446 1046 multum

105 1063 329 1105 tribuerim
354 1062 533 1116 Latinis,
565 1063 632 1104 vel
658 1067 706 1104 ut
730 1063 927 1104 hortarer
959 1063 1065 1104 alios
1097 1063 1164 1104 vel
1197 1063 1309 1117 quod
1336 1078 1447 1103 ama-

104 1136 194 1163 rem
237 1135 374 1176 meos,
416 1122 615 1163 recordor
657 1121 784 1176 longe
829 1121 1027 1162 omnibus
1065 1136 1198 1162 unum
1237 1121 1446 1162 anteferre

104 1180 453 1235 Demosthenem,
479 1195 605 1234 quem
623 1180 752 1221 velim
779 1180 1099 1221 accommodare
1126 1180 1178 1220 ad
1205 1194 1298 1220 eam
1319 1194 1447 1233 quam
1500 1205 1508 1208 -

107 1238 288 1280 sentiam
320 1238 619 1292 eloquentiam,
650 1253 737 1279 non
763 1239 815 1279 ad
841 1253 934 1279 eam
961 1253 1089 1292 quam
1115 1238 1160 1278 in
1186 1238 1329 1293 aliquo
1354 1238 1446 1292 ipse

54 1316 86 1340 20
107 1297 391 1351 cognoverim.
423 1296 518 1338 Hoc
537 1311 614 1338 nec
636 1297 806 1351 gravior
826 1297 970 1338 extitit
991 1297 1217 1350 quisquam
1236 1311 1314 1338 nec
1334 1297 1447 1338 calli-

107 1356 201 1396 dior
219 1370 296 1396 nec
316 1355 606 1409 temperatior.
638 1355 790 1408 Itaque
809 1355 933 1396 nobis
955 1355 1155 1396 monendi
1176 1358 1276 1396 sunt
1295 1355 1326 1395 ii
1347 1369 1447 1408 quo-

106 1429 202 1454 rum
223 1428 361 1454 sermo
387 1413 611 1467 imperitus
636 1413 883 1467 increbruit,
910 1413 982 1466 qui
1009 1416 1083 1454 aut
1109 1413 1191 1454 dici
1219 1427 1262 1454 se
1290 1413 1447 1454 deside-

107 1475 204 1513 rant
229 1471 400 1513 Atticos
427 1474 501 1512 aut
525 1471 609 1526 ipsi
628 1471 773 1512 Attice
798 1472 950 1512 volunt
981 1471 1130 1536 dicere,
1161 1474 1210 1512 ut
1239 1471 1448 1512 mirentur

107 1531 220 1572 hunc
238 1530 419 1571 maxime
427 1544 541 1584 ,quo
561 1545 614 1570 ne
627 1530 821 1571 Athenas
843 1530 1043 1583 quidem'
1032 1544 1148 1583 ipsas
1168 1530 1307 1585 magis
1323 1530 1446 1571 credo

56 1607 88 1632 25
108 1589 241 1630 fuisse
261 1588 448 1643 Atticas,
481 1588 582 1643 quid
613 1588 726 1629 enim
759 1588 815 1629 sit
835 1588 1029 1629 Atticum
1061 1588 1227 1629 discant
1253 1588 1449 1642 eloquen-

109 1647 297 1700 tiamque
322 1647 457 1701 ipsius
477 1647 653 1701 viribus,
677 1661 765 1687 non
782 1646 1079 1687 imbecillitate
1103 1661 1181 1687 sua
1206 1646 1449 1687 metiantur.

108 1705 235 1747 Nunc
267 1705 379 1746 enim
411 1708 580 1746 tantum
607 1705 785 1759 quisque
817 1705 976 1759 laudat,
1007 1708 1214 1758 quzmtum
1247 1719 1290 1746 se
1322 1719 1448 1759 posse
1475 1716 1520 1746 24

112 1766 254 1818 sperat
285 1763 457 1804 imitari.
521 1762 602 1804 Sed
634 1766 779 1804 tamen
811 1777 883 1804 eos
917 1763 1058 1804 studio
1095 1763 1258 1817 optimo
1290 1763 1448 1804 iudicio

111 1822 251 1862 minus
294 1822 419 1862 firmo
463 1821 678 1876 praeditos
718 1822 867 1863 docere
905 1835 1012 1875 quae
1052 1821 1108 1862 sit
1145 1821 1319 1875 propria
1355 1821 1449 1862 laus

59 1898 92 1922 30
111 1880 357 1921 Atticorum
387 1894 475 1920 non
506 1880 692 1920 alienum
722 1883 840 1934 puto.

232 1937 407 1992 Semper
457 1941 675 1979 oratorum
730 1938 997 1991 eloquentiae
1053 1937 1314 1978 moderatrix
1368 1937 1452 1979 fuit
1478 1939 1503 1980 8

113 1996 357 2038 auditorum
399 1996 634 2049 prudentia.
697 1995 853 2037 Omnes
897 1996 1010 2037 enim
1054 1996 1126 2050 qui
1168 1995 1342 2050 probari
1382 2010 1452 2036 vo-

111 2055 206 2095 lunt
232 2054 500 2095 voluntatem
526 2068 672 2095 eorum
698 2054 770 2108 qui
803 2054 979 2095 audiunt
1010 2054 1233 2095 intuentur
1265 2055 1317 2095 ad
1343 2068 1453 2095 eam-

114 2128 194 2167 que
221 2115 264 2153 et
290 2112 342 2153 ad
368 2126 512 2153 eorum
545 2112 770 2153 arbitrium
801 2115 844 2153 et
874 2115 1028 2153 nutum
1058 2115 1175 2153 totos
1209 2126 1252 2153 se
1284 2112 1453 2167 fingunt

61 2188 95 2213 35
115 2175 157 2212 et
189 2170 523 2212 accommodant.
584 2170 734 2224 Itaque
767 2169 892 2212 Caria
929 2173 971 2211 et
1002 2169 1192 2225 Phrygia
1229 2173 1272 2211 et
1301 2170 1453 2223 Mysia,
1479 2178 1522 2210 25

116 2229 228 2283 quod
259 2228 433 2269 mim'me
464 2228 622 2282 politae
654 2228 912 2282 minimeque
945 2229 1160 2284 elegantes
1194 2231 1312 2282 sunt,
1350 2227 1453 2268 asci-

115 2290 266 2329 verunt
299 2290 446 2340 aptum
479 2286 565 2327 suis
599 2286 771 2327 auribus
812 2286 1001 2340 opimum
1039 2286 1252 2340 quoddam
1289 2288 1332 2326 et
1363 2287 1453 2325 tan-
