1643 2526
370 82 514 118 LIBER
537 83 581 118 ΙΙ.
633 82 733 119 CAP.
760 87 911 119 14—15.
950 86 969 126 ξ
997 86 1146 119 55—62.
1377 82 1430 124 81

89 177 269 233 videtur,
284 178 459 220 dulcior.
491 178 696 220 Minimus
716 181 822 220 natu
841 178 997 220 horum
1017 177 1209 220 omnium
1221 177 1435 233 Timaeus,

91 240 297 291 quantum
330 240 474 279 autem
504 237 693 279 iudicare
724 251 921 292 possum,
957 237 1085 292 longe
1118 236 1433 278 eruditissimus

91 298 134 337 et
165 310 307 336 rerum
340 296 463 350 copia
501 298 544 337 et
576 296 887 337 sententiarum
918 295 1127 336 varietate
1159 295 1434 337 abundantis-

92 354 224 395 simus
263 357 306 395 et
341 354 437 408 ipsa
474 354 784 408 compositione
823 354 1050 395 verborum
1093 368 1182 395 non
1216 353 1434 409 incompo-

56 428 72 455 5
93 412 200 453 situs
232 426 434 467 magnam
466 413 755 466 eloquentiam
792 412 846 453 ad
878 412 1150 454 scribendum
1181 412 1328 454 attulit
1361 412 1434 454 sed

89 471 255 511 nullum
286 485 412 511 usum
442 470 666 512 forensem.

208 528 326 570 Haec
358 544 454 570 cum
485 529 557 570 ille
590 529 780 584 dixisset,
818 528 928 577 Quid
960 531 1037 583 est,
1067 528 1221 583 inquit,
1253 527 1433 571 Catule?
1460 539 1503 571 59

92 585 266 642 Caesar3
297 587 372 628 ubi
404 590 504 629 sunt
537 588 608 641 qui
640 587 879 629 Antonium
912 586 1071 628 Graece
1102 590 1264 642 negant
1296 588 1433 629 scire?

93 648 198 699 quot
229 645 459 687 historicos
490 646 750 687 nominavit!
795 661 923 700 quam
955 645 1150 700 scienter,
1182 660 1309 699 quam
1339 660 1435 700 pro-

42 704 185 758 1oprie
224 704 273 745 de
305 718 390 745 uno
424 719 591 758 quoque
624 704 751 746 dixit!
801 704 852 745 Id
889 704 1148 759 mehercule,
1184 704 1325 758 inquit
1358 704 1434 746 Ca-

91 762 228 817 tulus,
265 762 479 803 admirans
510 763 617 804 illud
647 763 735 804 iam
766 762 914 804 mirari
945 762 1111 816 desino,
1151 763 1264 816 quod
1295 763 1432 804 multo

92 820 230 876 magis
264 823 361 862 ante
394 821 593 876 mirabar,
623 822 749 876 hunc,
781 835 911 875 quom
941 820 1046 861 haec
1077 821 1274 875 nesciret,
1305 822 1350 862 in
1376 821 1434 862 di-

93 880 225 921 cendo
256 893 383 933 posse
414 882 595 920 tantum.
655 879 803 934 Atqui,
835 878 999 933 Catule,
1032 879 1174 932 inquit
1204 879 1434 934 Antonius,

92 952 180 978 non
223 952 302 992 ego
347 937 582 979 utilitatem
625 937 813 992 aliquam
854 938 907 979 ad
948 938 1173 979 dicendum
1216 952 1432 992 aucupans

41 1011 73 1038 15
92 996 247 1037 horum
295 995 428 1037 libros
479 999 522 1037 et
569 997 799 1037 nonnullos
845 996 970 1051 alios,
1019 996 1093 1037 sed
1135 996 1432 1038 delectationis

94 1069 233 1109 causa,
265 1068 395 1107 quom
422 1058 487 1095 est
513 1054 660 1108 otium,
692 1055 833 1110 legere
860 1054 988 1095 soleo.
1050 1053 1161 1102 Quid
1193 1055 1324 1109 ergo?
1357 1057 1434 1110 est,
1460 1065 1504 1096 60

92 1113 278 1167 fatebor,
319 1113 479 1166 aliquid
515 1116 678 1169 tamen,
722 1116 788 1168 ut,
830 1127 959 1167 quom
996 1112 1042 1153 in
1080 1113 1168 1153 sole
1207 1113 1434 1167 ambulem,
1485 1159 1492 1162 ἢ

93 1171 224 1212 etiam
250 1171 286 1212 si
319 1185 399 1225 ego
432 1171 561 1212 aliam
594 1172 648 1213 ob
681 1186 855 1213 causam
887 1171 1123 1225 ambulem,
1153 1171 1247 1212 fieri
1277 1174 1434 1212 natura

92 1233 238 1270 tamen
268 1232 316 1270 ut
348 1230 529 1285 colorer,
562 1230 641 1284 sic,
672 1245 800 1283 quom
830 1230 939 1271 istos
970 1229 1105 1270 libros
1138 1230 1190 1270 ad
1220 1229 1434 1271 Misenum

41 1303 74 1328 20
97 1312 147 1317 —-
181 1302 282 1329 nam
312 1287 475 1329 Romae
507 1288 578 1329 vix
608 1288 709 1329 licet
744 1313 792 1318 —
830 1288 1065 1329 studiosius
1096 1288 1259 1343 legero,
1294 1289 1432 1330 sentio

92 1346 266 1387 illorum
303 1349 423 1387 tactu
462 1346 701 1388 orationem
738 1361 878 1388 meam
921 1346 1043 1400 quasi
1088 1346 1282 1387 colorari.
1352 1345 1434 1388 Sed

92 1419 145 1445 ne
175 1404 305 1445 latius
336 1404 419 1445 hoc
443 1405 565 1446 vobis
590 1408 736 1459 patere
762 1405 968 1459 videatur,
998 1404 1103 1445 haec
1135 1405 1359 1446 dumtaxat
1388 1405 1434 1446 in

95 1462 268 1504 Graecis
293 1462 511 1518 intellego,
542 1478 649 1518 quae
674 1463 770 1517 ipsi,
803 1463 876 1517 qui
902 1462 1175 1517 scripserunt,
1206 1464 1434 1504 voluerunt

93 1522 223 1576 vulgo
256 1521 466 1576 intellegi,
508 1522 554 1562 in
590 1521 869 1576 philosophos
901 1525 1067 1563 vestros
1100 1521 1136 1562 si
1170 1522 1338 1575 quando
1369 1522 1434 1562 in-
1460 1532 1503 1564 61

41 1594 74 1620 25
95 1579 190 1634 cidi,
215 1579 415 1634 deceptus
435 1580 646 1621 indicibus
666 1580 888 1634 librorum,
914 1580 986 1633 qui
1007 1582 1107 1620 sunt
1125 1579 1212 1620 fere
1238 1579 1435 1634 inscripti

94 1638 143 1679 de
174 1638 302 1678 rebus
333 1638 448 1679 notis
487 1641 530 1679 et
566 1638 839 1693 inlustribus,
876 1638 926 1679 de
958 1638 1135 1692 virtute,
1173 1638 1223 1679 de
1254 1638 1435 1692 iustitia,

94 1696 144 1737 de
169 1695 408 1751 honestate,
439 1697 488 1737 de
514 1696 748 1751 voluptate,
778 1696 957 1738 verbum
982 1711 1157 1751 prorsus
1184 1696 1349 1738 nullum
1374 1696 1435 1737 in-

93 1754 270 1809 tellego3
312 1754 375 1795 ita
413 1758 514 1796 sunt
551 1755 745 1810 angustis
781 1757 824 1796 et
856 1755 1037 1796 concisis
1070 1755 1433 1809 disputationibus

93 1812 276 1867 inligati.
344 1812 501 1854 Poetas
546 1813 719 1854 omnino
765 1813 887 1867 quasi
932 1813 1016 1853 alia
1059 1813 1242 1866 quadam
1285 1813 1435 1868 lingua

41 1886 74 1911 30
92 1870 262 1912 locutos
298 1884 384 1911 non
423 1885 553 1912 conor
591 1872 814 1927 attingere.
883 1869 992 1912 Cum
1029 1870 1082 1912 iis
1120 1885 1206 1925 me,
1248 1874 1297 1912 ut
1335 1871 1434 1925 dixi,

95 1929 279 1983 oblecto,
311 1928 384 1982 qui
415 1943 481 1970 res
516 1932 659 1985 gestas
692 1932 766 1971 aut
793 1929 1007 1971 orationes
1041 1929 1302 1983 scripserunt
1334 1943 1432 1970 suas

94 1990 168 2028 aut
194 1987 267 2041 qui
292 1986 355 2027 ita
379 1987 625 2042 loquontur,
643 1991 692 2029 ut
716 1988 941 2029 videantur
965 1987 1151 2029 voluisse
1178 2002 1270 2028 esse
1294 1988 1433 2042 nobis,
1481 2022 1499 2032 -

93 2045 166 2098 qui
184 2059 273 2086 non
292 2059 438 2086 sumus
459 2046 762 2101 eruditissumi,
780 2045 1025 2087 familiares.
1071 2044 1154 2087 Sed
1172 2046 1274 2087 illuc
1294 2046 1431 2087 redeo.
1451 2023 1504 2064 10

92 2102 315 2144 Videtisne
342 2106 549 2156 quantum
575 2119 728 2146 munus
762 2104 818 2145 sit
850 2104 1033 2145 oratoris
1063 2103 1275 2145 historia?
1306 2103 1433 2145 Haud
1459 2090 1503 2122 ⁶²

39 2176 74 2202 35
93 2161 181 2202 scio
214 2175 268 2202 an
299 2161 473 2203 flumine
507 2163 712 2204 orationis
745 2166 787 2204 et
818 2163 1027 2204 varietate
1059 2177 1324 2216 maxumum3
1363 2176 1432 2203 ne-

93 2233 173 2273 que
205 2234 299 2261 eam
328 2220 494 2274 reperio
525 2235 706 2275 usquam
742 2220 973 2274 separatim
1002 2220 1261 2262 instructam
1291 2220 1432 2261 rheto—

92 2292 188 2318 rum
211 2277 470 2334 praeceptis3
502 2279 585 2320 sita
610 2282 709 2320 sunt
736 2279 849 2321 enim
876 2282 974 2321 ante
1001 2279 1159 2321 oculos.
1200 2278 1315 2320 Nam
1336 2277 1431 2331 quis

163 2351 234 2378 cic.
255 2352 278 2378 1.
299 2353 323 2378 2.
1126 2350 1145 2382 6
