1643 2526
558 99 657 135 CAP.
685 102 716 134 9.
755 102 774 141 g
800 101 949 133 26-33.
1346 96 1427 137 321

89 198 299 250 uteretur,
335 209 554 249 nunquam
587 194 639 235 ab
670 192 962 247 Aristophane
993 195 1122 247 poeta
1153 191 1336 247 fulgere,
1369 193 1433 232 to-

87 269 205 309 nare,
240 253 494 308 permiscere
528 252 751 294 Graeciam
783 251 922 292 dictus
954 253 1077 292 esset.
1138 250 1267 291 Dicat
1297 249 1432 305 igitur

89 312 234 354 Attice
266 311 593 353 venustissimus
630 310 703 352 ille
742 310 924 364 scriptor
957 324 1005 351 ac
1036 309 1319 363 politissimus
1351 307 1432 362 Ly-

92 371 176 412 sias
208 395 264 399 —-
297 370 390 424 quis
424 370 536 411 enim
566 370 611 410 id
640 368 779 423 possit
809 368 996 423 negare?
1032 393 1097 422 -—-,
1137 368 1238 408 dum
1267 367 1432 408 intelle-

53 447 70 471 5
92 444 241 484 gamus
279 428 360 470 hoc
399 443 490 469 esse
521 427 717 469 Atticum
747 427 793 467 in
823 426 972 481 Lysia,
1014 440 1101 467 non
1139 426 1252 480 quod
1289 425 1431 466 tenuis

92 488 148 528 sit
185 490 312 541 atque
350 487 594 541 inornatus,
637 486 709 527 sed
747 485 859 539 quod
896 485 1004 525 nihil
1045 484 1203 525 habeat
1242 483 1430 525 insolens

91 549 165 587 aut
202 546 411 600 ineptum,
457 548 603 586 ornate
641 558 740 586 vero
779 547 822 584 et
859 543 1047 598 graviter
1084 546 1126 584 et
1171 542 1341 596 copiose
1375 542 1433 582 di-

91 619 184 645 cere
225 607 299 645 aut
343 603 589 645 Atticorum
633 603 689 644 sit
732 605 806 643 aut
852 616 904 642 ne
949 602 1005 643 sit
1046 600 1281 642 Aeschines
1327 615 1432 641 neve

89 662 402 703 Demosthenes
439 662 623 703 Atticus.
685 661 796 702 Ecce
834 663 977 701 autem
1015 660 1148 713 aliqui
1187 674 1230 700 se
1268 658 1433 713 Thucy-

39 738 73 763 10
93 721 229 762 didios
262 736 354 762 esse
384 721 658 775 profitentur:
698 734 859 761 novum
891 719 1104 772 quoddam
1134 717 1434 772 imperitorum

92 783 134 820 et
176 779 418 820 inauditum
467 793 610 834 genus.
688 777 802 818 Nam
846 777 918 831 qui
959 777 1135 831 Lysiam
1185 778 1433 830 sequuntur,

92 838 353 880 causidicum
399 838 624 891 quemdam
669 839 906 889 sequuntur
953 850 1041 876 non
1089 835 1212 875 illum
1262 834 1433 888 quidem

92 896 281 951 amplum
314 899 441 950 atque
475 896 691 950 grandem,
722 894 924 935 subtilem
950 897 992 934 et
1019 894 1258 948 elegantem
1289 896 1434 933 tamen

92 958 135 995 et
163 955 235 1008 qui
260 955 305 995 in
330 954 571 995 forensibus
599 953 737 995 causis
769 952 907 1007 possit
938 952 1154 1006 praeclare
1188 951 1431 992 consistere.

39 1031 71 1055 15
91 1013 359 1067 Thucydides
387 1015 530 1054 autem
555 1027 622 1052 res
650 1014 792 1067 gestas
820 1014 863 1052 et
888 1011 1001 1051 bella
1019 1013 1166 1051 narrat
1192 1013 1234 1050 et
1258 1009 1433 1063 proelia,

93 1071 280 1126 graviter
306 1085 406 1112 sane
433 1073 475 1111 et
500 1071 644 1125 probe,
677 1070 749 1111 sed
779 1069 886 1110 nihil
920 1069 973 1109 ab
1006 1083 1055 1110 eo
1087 1068 1310 1109 transferri
1340 1071 1434 1122 pot-

92 1133 157 1171 est
189 1130 241 1171 ad
272 1129 486 1170 forensem
518 1144 642 1170 usum
674 1131 716 1169 et
747 1128 979 1182 publicum.
1041 1126 1165 1181 Ipsae
1204 1126 1302 1167 illae
1338 1140 1434 1167 con-

91 1188 231 1229 tiones
256 1188 319 1229 ita
341 1187 498 1228 multas
518 1187 678 1228 habent
700 1187 902 1227 obscuras
924 1185 1176 1239 abditasque
1198 1185 1431 1226 sententias

92 1247 162 1287 vix
188 1249 236 1287 ut
261 1246 585 1301 intellegantur,
617 1245 731 1299 quod
755 1247 821 1285 est
845 1244 891 1285 in
918 1245 1111 1285 oratione
1139 1243 1254 1285 civili
1280 1243 1433 1284 vitium

39 1323 72 1347 20
92 1305 159 1346 vel
197 1304 441 1345 maximum.
504 1303 619 1352 Quae
658 1306 722 1344 est
767 1306 910 1344 autem
947 1303 992 1343 in
1028 1302 1275 1343 hominibus
1313 1304 1435 1342 tanta

92 1363 362 1418 perversitas,
393 1365 442 1403 ut
466 1362 651 1403 inventis
677 1361 873 1416 frugibus
902 1361 1053 1416 glande
1079 1360 1334 1401 vescantur‘.>
1365 1359 1435 1400 An

93 1422 231 1463 victus
263 1421 487 1462 hominum
513 1420 842 1461 Atheniensium
873 1418 1080 1460 beneficio
1113 1418 1248 1459 excoli
1279 1418 1435 1472 potuit,

96 1480 233 1521 oratio
273 1494 361 1520 non
400 1479 571 1533 potuit?
621 1478 724 1527 Quis
767 1492 895 1532 porro
939 1492 1129 1531 unquam
1175 1476 1435 1517 Graecorum

94 1538 314 1579 rhetorum
347 1553 371 1578 a
401 1537 646 1591 Thucydide
680 1536 907 1590 quicquam
940 1535 1089 1576 duxit?
1130 1534 1205 1576 ‘At
1235 1535 1434 1575 laudatus

42 1614 75 1639 25
95 1600 160 1638 est
192 1597 245 1637 ab
279 1595 507 1637 omnibus?
568 1595 742 1650 Fateor,
775 1595 847 1635 sed
871 1594 935 1635 ita
958 1597 1007 1634 ut
1031 1608 1175 1634 rerum
1201 1594 1436 1648 explicator

95 1655 280 1710 prudens
326 1669 495 1695 severus
541 1654 700 1709 gravis,
742 1667 830 1694 non
870 1655 918 1693 ut
955 1652 1001 1693 in
1036 1652 1205 1694 iudiciis
1246 1654 1436 1693 versaret

96 1728 258 1768 causas,
290 1713 363 1754 sed
393 1715 442 1753 ut
472 1713 519 1753 in
549 1712 742 1753 historiis
774 1711 887 1752 bella
916 1714 1128 1765 narraret,
1161 1711 1306 1765 itaque
1331 1724 1436 1750 nun—

97 1787 225 1826 quam
263 1774 327 1812 est
363 1774 612 1812 numeratus
654 1773 818 1825 orator,
860 1784 938 1810 nec
974 1783 1093 1823 vero,
1138 1769 1173 1810 si
1209 1769 1436 1809 historiam

95 1844 183 1870 non
215 1829 474 1884 scripsisset,
512 1844 668 1870 nomen
706 1829 795 1869 eius
829 1830 1012 1882 extaret,
1050 1842 1146 1868 cum
1182 1827 1435 1881 praesertim

44 1905 79 1931 30
97 1888 250 1929 fuisset
275 1888 510 1928 honoratus
532 1891 574 1929 et
592 1887 762 1928 nobilis.
812 1886 952 1927 Huius
979 1889 1123 1926 tamen
1147 1900 1272 1926 nemo
1298 1900 1436 1939 neque

96 1946 325 1987 verborum
350 1959 486 1999 neque
514 1945 821 1987 sententiarum
850 1944 1106 1999 gravitatem
1130 1944 1338 1998 imitatur,
1364 1944 1437 1984 sed

99 2019 196 2046 cum
227 2004 379 2045 mutila
410 2005 616 2057 quaedam
648 2007 690 2045 et
720 2003 885 2044 hiantia
915 2002 1050 2053 locuti
1082 2005 1193 2056 sunt,
1232 2016 1338 2055 quae
1370 2002 1437 2042 vel

100 2063 189 2104 sine
221 2062 429 2116 magistro
467 2062 605 2103 facere
642 2064 893 2116 potuerunt,
937 2075 1162 2115 germanos
1201 2075 1245 2101 se
1282 2063 1436 2115 putant

100 2135 190 2162 esse
217 2120 499 2174 Thucydidas.
558 2120 722 2161 Nactus
755 2135 850 2161 sum
882 2119 1011 2160 etiam
1041 2119 1113 2173 qui
1138 2118 1436 2173 Xenophontis

45 2196 80 2221 35
101 2179 283 2220 similem
316 2193 407 2219 esse
441 2193 484 2219 se
517 2182 701 2233 cuperet,
743 2179 861 2220 cuius
895 2192 1033 2219 sermo
1067 2180 1131 2219 est
1161 2177 1233 2218 ille
1267 2177 1436 2230 quidem

99 2237 223 2278 melle
256 2236 431 2291 dulcior,
464 2237 537 2278 sed
568 2252 593 2277 a
622 2237 782 2278 forensi
815 2236 997 2290 strepitu
1027 2236 1352 2277 remotissimus.

216 2295 466 2336 Referamus
505 2295 639 2350 igitur
668 2309 746 2336 nos
780 2296 832 2337 ad
863 2309 958 2336 eum
992 2309 1116 2348 quem
1148 2294 1344 2335 volumus
1377 2292 1437 2332 in-

171 2370 240 2396 CIC.
261 2371 284 2396 1.
305 2372 327 2397 2.
1103 2366 1143 2396 21

1459 668 1503 698 30

1461 1311 1558 1345 31,

1462 2303 1506 2332 33
