1643 2526
364 83 507 118 LIBER
530 83 556 118 Ι.
607 82 707 118 CAP.
734 86 884 118 29—30.
933 86 952 125 ξ
978 86 1173 118 127-134.
1384 83 1438 124 31,

103 177 276 220 Cottam
313 179 379 220 ius
418 178 540 220 civile
579 181 654 219 aut
690 193 780 220 rem
820 177 1051 219 militarem
1089 177 1212 219 iubes
1250 176 1441 219 discere?

100 236 214 279 Nam
247 237 342 292 quis
375 237 427 278 ad
457 237 544 278 ista
582 252 748 278 summa
780 239 907 291 atque
939 236 984 277 in
1016 236 1132 277 omni
1166 251 1318 292 genere
1349 251 1442 290 per-

100 296 213 337 fecta
243 298 389 350 potest
419 295 668 349 pervenire?
722 295 831 336 Tum
869 295 958 336 ille:
995 295 1092 350 Ego
1133 310 1252 349 vero,
1279 294 1442 349 inquit,

102 355 214 408 quod
250 355 295 395 in
331 354 453 395 vobis
493 353 710 409 egregiam
749 354 962 407 quandam
1000 368 1048 394 ac
1085 353 1348 407 praeclaram
1379 353 1441 393 in-

66 429 81 454 5
101 413 240 454 dolem
272 412 324 453 ad
355 412 579 454 dicendum
605 427 696 453 esse
722 412 917 466 cognovi,
946 412 1104 453 idcirco
1132 412 1236 453 haec
1263 411 1440 466 exposui

102 471 261 526 omnia3
285 485 363 512 nec
389 470 527 526 magis
554 471 606 511 ad
632 485 704 511 eos
731 470 1017 524 deterrendos,
1042 470 1114 524 qui
1140 484 1227 511 non
1251 473 1442 524 possent,

101 544 225 584 quam
261 529 313 570 ad
343 543 438 583 vos,
475 529 547 582 qui
584 528 788 583 possetis,
824 529 1088 570 exacuendos
1122 528 1440 570 accommodavi

101 587 339 629 orationem
376 601 532 642 meam,
573 590 615 628 et
652 601 911 640 quamquam
947 587 993 628 in
1029 590 1211 640 utroque
1250 589 1440 627 vestrum

102 661 315 687 summum
347 660 438 686 esse
470 645 691 700 ingenium
733 646 1005 699 studiumque
1043 645 1259 699 perspexi,
1296 648 1441 685 tamen

49 705 205 746 1ohaec
250 718 356 758 quae
401 706 500 745 sunt
543 704 589 744 in
633 704 771 758 specie
815 705 975 758 posita,
1025 704 1074 744 de
1119 703 1274 757 quibus
1318 703 1441 757 plura

100 762 283 803 fortasse
316 762 402 803 dixi
430 776 558 816 quam
584 762 724 803 solent
751 762 902 804 Graeci
928 762 1079 817 dicere,
1109 762 1154 802 in
1179 765 1234 816 te,
1267 760 1441 815 Sulpici,

100 821 243 862 divina
275 824 386 862 sunt.
448 821 544 875 Ego
577 820 691 861 enim
727 821 942 861 neminem
978 835 1056 861 nec
1088 823 1210 861 motu
1248 820 1509 874 corporis132

99 894 235 933 neque
278 879 372 933 ipso
416 879 569 920 habitu
614 882 741 932 atque
784 879 924 919 forma
967 878 1177 932 aptiorem
1219 892 1297 919 nec
1337 892 1439 919 voce

99 938 335 992 pleniorem
377 940 451 978 aut
493 937 732 978 suaviorem
772 937 878 978 mihi
918 937 1064 977 videor
1108 936 1292 991 audisse,
1333 950 1440 989 qua-e

49 1012 81 1038 15
102 996 256 1049 quibus
284 1011 308 1036 a
332 998 486 1036 natura
513 995 679 1036 minora
706 995 804 1036 data
831 998 943 1049 sunt,
968 998 1113 1036 tamen
1137 995 1243 1035 illud
1272 994 1451 1049 assequi.

98 1057 292 1109 possunt,
323 1057 372 1094 ut
396 1053 450 1094 iis
477 1068 584 1107 quae
610 1053 770 1094 habent
796 1054 959 1095 modice
987 1056 1029 1094 et
1056 1053 1240 1094 scienter
1264 1055 1441 1093 utantur

100 1116 142 1154 et
173 1116 222 1153 ut
252 1127 305 1153 ne
338 1112 548 1153 dedeceat.
611 1111 661 1152 Id
693 1112 806 1152 enim
838 1115 903 1153 est
929 1111 1112 1152 maxime
1145 1111 1365 1152 vitandum
1398 1114 1441 1151 et
1488 1159 1495 1162 ,

101 1172 150 1212 de
187 1171 269 1212 hoc
309 1185 393 1211 uno
435 1170 610 1211 minime
652 1173 717 1211 est
757 1170 882 1211 facile
921 1170 1164 1224 praecipere
1205 1184 1291 1210 non
1334 1169 1440 1210 mihi

101 1230 240 1283 modo,
266 1229 339 1282 qui
365 1229 477 1270 sicut
503 1243 611 1269 unus
632 1228 942 1282 paterfamilias
963 1229 1029 1269 his
1051 1229 1100 1269 de
1120 1228 1247 1269 rebus
1273 1228 1440 1282 loquor,

49 1303 82 1328 20
102 1288 175 1329 sed
213 1287 342 1328 etiam
379 1287 463 1340 ipsi
500 1287 564 1327 illi
601 1286 777 1341 Roscio,
815 1301 941 1340 quem
980 1301 1104 1340 saepe
1143 1286 1269 1327 audio
1302 1286 1439 1327 dicere

101 1348 229 1399 caput
267 1359 358 1386 esse
397 1345 500 1385 artis
540 1345 703 1399 decere,
741 1345 854 1398 quod
894 1348 1039 1386 tamen
1079 1360 1212 1385 unum
1251 1344 1295 1384 id
1336 1359 1441 1398 esse,

101 1404 214 1457 quod
245 1403 357 1444 tradi
390 1406 479 1443 arte
510 1417 597 1443 non
628 1402 777 1456 possit.
823 1401 917 1457 Sed,
949 1404 984 1443 si
1016 1403 1168 1456 placet,
1200 1412 1509 1443 sermonem133

101 1462 185 1503 alio
218 1461 527 1502 transferamus
561 1463 602 1501 et
633 1464 783 1502 nostro
816 1475 933 1502 more
961 1461 1202 1515 aliquando,
1231 1475 1319 1501 non
1350 1460 1442 1501 rhe-

102 1520 252 1573 torico,
281 1520 518 1574 loquamur.

49 1597 82 1622 25
218 1578 394 1619 Minime
432 1592 552 1632 vero,
586 1577 728 1631 inquit
766 1575 905 1618 Cotta.
967 1576 1093 1618 Nunc
1126 1576 1239 1618 enim
1276 1580 1317 1617 te
1354 1576 1439 1618 iam

101 1651 322 1678 exoremus
365 1650 536 1677 necesse
581 1639 664 1689 est,
708 1635 908 1689 quoniam
952 1635 1110 1676 retines
1154 1649 1232 1676 nos
1276 1636 1322 1676 in
1358 1635 1440 1676 hoc

102 1695 243 1736 studio
274 1709 353 1736 1188
385 1695 437 1735 ad
469 1694 597 1735 aliam
629 1694 811 1735 dimittis
839 1697 987 1748 artem,
1017 1697 1066 1734 ut
1090 1694 1216 1734 nobis
1244 1693 1440 1748 explices,

105 1753 304 1807 quicquid
336 1755 401 1793 est
431 1753 564 1805 istud,
603 1752 729 1809 quod·
753 1756 801 1793 tu
838 1752 884 1792 in
915 1752 1092 1793 dicendo
1123 1755 1265 1806 potes3
1302 1766 1439 1806 neque

104 1811 217 1852 enim
249 1825 395 1851 sumus
426 1811 555 1851 nimis
588 1810 716 1851 avidi:
749 1811 834 1851 ista
859 1813 934 1851 tua
960 1810 1163 1851 mediocri
1195 1810 1440 1863 eloquentia

52 1887 86 1912 30
106 1869 297 1911 contenti
329 1883 493 1923 sumus,
523 1869 649 1922 idque
682 1883 732 1909 ex
763 1872 805 1910 te
832 1868 1080 1922 quaerimus
1108 1894 1162 1897 —
1189 1871 1238 1908 ut
1263 1883 1315 1908 ne
1341 1868 1438 1922 plus

100 1942 178 1968 nos
218 1941 494 1980 assequamur
531 1941 659 1980 quam
697 1927 949 1980 quantulum
987 1929 1035 1967 tu
1075 1926 1120 1966 in
1158 1926 1334 1967 dicendo
1376 1941 1440 1967 as-

102 1989 272 2027 secutus
305 2000 348 2026 es
375 2009 443 2039 ——,
473 1985 674 2038 quoniam
706 1999 812 2039 quae
840 2000 863 2025 a
887 1988 1042 2025 natura
1072 1985 1307 2038 expetenda
1338 1988 1438 2025 sunt

102 2059 152 2085 ea
183 2044 287 2084 dicis
318 2058 405 2084 non
435 2043 562 2084 nimis
596 2044 740 2084 deesse
770 2043 917 2097 nobis,
955 2043 1055 2096 quid
1092 2046 1313 2097 praeterea
1345 2057 1436 2083 esse

102 2101 404 2143 assumendum
416 2102 570 2155 putes?
601 2101 711 2142 Tum
726 2100 904 2142 Crassus
920 2101 1125 2142 arridens:
1148 2100 1258 2149 Quid
1278 2115 1436 2153 censes,
1451 2078 1507 2118 30

49 2177 82 2202 35
101 2160 252 2214 inquit,
272 2158 412 2213 Cotta,
431 2159 514 2200 nisi
534 2160 723 2200 studium
743 2163 785 2200 et
806 2159 999 2200 ardorem
1020 2159 1229 2213 quendam
1249 2146 1506 2199 amoris?134

103 2219 192 2259 sine
225 2232 308 2271 quo
342 2232 437 2259 cum
467 2218 514 2258 in
544 2218 633 2259 vita
663 2218 772 2258 nihil
805 2218 1031 2271 quisquam
1068 2217 1307 2272 egregium,
1342 2220 1436 2257 tum

103 2279 215 2317 certe
245 2276 327 2317 hoc
359 2276 473 2329 quod
503 2278 551 2317 tu
588 2276 751 2330 expetis
789 2290 914 2317 nemo
952 2290 1140 2330 unquam
1173 2277 1434 2328 assequetur.
