1643 2526
529 92 629 128 CAP.
655 95 805 127 83—84.
856 95 875 134 g
901 95 1098 128 284—289.
1395 92 1480 135 299

140 187 373 229 multarum
405 187 660 242 orationum,
691 201 796 242 quas
823 187 1039 228 scribebat
1065 187 1172 242 aliis,
1204 202 1300 229 cum
1327 202 1479 242 cupere

139 246 354 287 videretur
380 245 541 287 imitari
567 245 757 301 Lysiam3
788 245 1076 287 Demochares
1109 249 1265 300 autem,
1297 246 1370 300 qui
1396 246 1479 287 fuit

140 303 422 346 Demostheni
454 304 611 346 sororis
643 304 768 359 filius,
799 307 842 345 et
875 304 1090 346 orationes
1116 304 1289 359 scripsit
1315 305 1479 359 aliquot

141 365 184 404 et
214 377 359 404 earum
390 377 532 404 rerum
563 363 801 417 historiam,
840 377 946 416 quae
978 365 1100 404 erant
1130 362 1312 404 Athenis
1344 363 1479 417 ipsius

105 439 122 464 5
142 424 281 462 aetate
307 423 466 476 gestae,
496 436 584 462 non
608 424 698 462 tam
721 421 929 462 historico
956 436 1084 475 quam
1110 421 1299 462 oratorio
1327 436 1478 477 genere

139 479 399 534 perscripsit.
473 479 536 521 Ac
575 478 741 521 Charisi
788 480 880 520 vult
917 479 1127 535 Hegesias
1176 494 1267 521 esse
1315 480 1480 534 similis,

139 538 260 592 isque
305 552 348 579 se
389 538 452 579 ita
493 541 618 593 putat
653 538 868 593 Atticum,
910 541 959 579 ut
996 552 1118 579 veros
1156 538 1254 579 illos
1294 553 1396 592 prae
1436 553 1479 579 se

139 610 273 651 paene
305 597 487 652 agrestis
519 600 652 651 putet.
713 597 773 638 At
806 597 906 651 quid
938 599 1003 637 est
1034 600 1124 638 tam
1154 596 1354 652 fractum,
1390 600 1549 639 tam-287

141 655 367 709 minutum,
398 658 487 696 tam
518 656 564 696 in
593 656 699 710 ipsa,
732 670 859 709 quam
891 658 1035 696 tamen
1067 655 1354 710 consequitur,
1386 669 1481 697 con-

89 731 122 756 10
143 713 347 755 cinnitate
387 713 578 768 puerile?
628 713 888 755 ‘Atticorum
926 714 1086 754 similes
1127 728 1218 755 esse
1255 713 1479 755 volumus.³

142 771 344 827 Optume3
388 775 541 813 suntne
578 772 712 827 igitur
748 772 793 813 hi
823 772 962 814 Attici
997 772 1218 813 oratores?
1262 771 1381 821 ‘Quis
1412 786 1483 813 ne-

143 845 243 885 gare
273 830 447 884 potest?
478 830 570 872 Hos
602 830 847 872 imitamur?
910 830 1001 879 Quo
1031 831 1170 884 modo,
1203 831 1274 884 qui
1307 834 1407 872 sunt
1439 833 1482 872 et

140 889 253 930 inter
285 904 329 930 se
362 889 588 930 dissimiles
621 892 664 930 et
695 889 906 930 aliorum?
956 889 1290 943 ‘Thucydidem',
1329 889 1482 943 inquit,

142 947 405 988 ‘imitamur'
474 946 677 1002 Optume,
721 948 757 988 si
800 947 1027 988 historiam
1071 947 1275 1002 scribere,
1315 962 1402 988 non
1446 947 1483 988 si

91 1023 123 1049 15
145 1020 293 1047 causas
321 1006 459 1047 dicere
487 1006 700 1061 cogitatis.
745 1005 1011 1060 Thucydides
1038 1005 1152 1046 enim
1176 1020 1319 1046 rerum
1346 1009 1484 1061 gesta-

141 1079 236 1105 rum
267 1064 569 1118 pronuntiator
600 1064 789 1105 sincerus
822 1067 864 1105 et
896 1064 1068 1119 grandis
1102 1063 1232 1104 etiam
1263 1063 1362 1119 fuit3
1401 1064 1483 1105 hoc

141 1123 309 1164 forense
348 1122 708 1164 concertatorium
744 1122 943 1163 iudiciale
980 1136 1068 1163 non
1101 1122 1305 1163 tractavit
1338 1136 1483 1188 genus.

142 1180 367 1222 Orationes
412 1184 573 1236 autem,
617 1195 721 1235 quas
764 1180 1025 1235 interposuit
1068 1206 1122 1209 —
1167 1181 1326 1222 multae
1370 1181 1505 1222 enim-

144 1242 243 1280 sunt
268 1264 338 1294 —‚
369 1254 438 1280 eas
472 1253 551 1294 ego
583 1239 756 1280 laudare
783 1239 917 1294 soleo3
948 1239 1110 1280 imitari
1140 1253 1278 1293 neque
1309 1239 1485 1304 possim,

90 1315 124 1339 20
145 1298 181 1339 si
212 1297 357 1352 velim,
399 1312 476 1339 nec
496 1276 641 1339 C>velim
678 1298 879 1352 fortasse,
921 1297 957 1338 si
993 1297 1166 1352 possim.
1228 1296 1289 1338 Ut
1321 1297 1357 1338 si
1389 1298 1484 1352 quis

144 1356 326 1397 Falerno
358 1356 457 1396 vino
490 1356 735 1411 delectetur
769 1357 842 1397 sed
875 1370 924 1397 eo
955 1370 1033 1397 nec
1063 1356 1126 1397 ita
1155 1370 1281 1410 novo,
1311 1358 1359 1396 ut
1391 1371 1486 1410 pro-

143 1414 283 1455 xumis
322 1414 568 1456 consulibus
600 1417 750 1455 natum
781 1414 903 1469 velit,
937 1428 1015 1455 nec
1053 1428 1201 1455 rursus
1237 1414 1301 1455 ita
1331 1417 1486 1468 vetere,

143 1476 193 1514 ut
226 1472 444 1526 Opimium
477 1476 551 1513 aut
582 1472 783 1514 Anicium
819 1472 1037 1514 consulem
1070 1475 1246 1526 quaerat
1282 1497 1331 1501 —
1367 1472 1486 1526 atqui

143 1531 224 1572 hae
244 1534 370 1571 notae
398 1534 497 1571 sunt
523 1534 736 1585 optumae,
762 1531 905 1585 credo3
936 1531 1009 1571 sed
1033 1530 1167 1571 nimia
1192 1533 1383 1571 vetustas
1409 1545 1487 1572 nec

93 1606 126 1632 25
145 1590 275 1630 habet
307 1604 418 1643 eam,
449 1603 578 1642 quam
609 1589 869 1644 quaerimus,
907 1588 1164 1630 suavitatem
1194 1603 1272 1630 nec
1305 1591 1369 1630 est
1400 1589 1487 1630 iam

147 1662 246 1689 sane
278 1647 515 1688 tolerabilis
550 1672 603 1676 ——
635 1662 738 1688 num
767 1648 920 1702 igitur,
952 1647 1025 1701 qui
1056 1647 1136 1688 hoc
1170 1647 1346 1701 sentiat,
1381 1647 1417 1688 si
1448 1647 1556 1689 is288

144 1709 295 1760 potare
320 1706 435 1759 velit,
467 1706 516 1747 de
543 1706 656 1747 dolio
684 1706 767 1747 sibi
798 1706 1079 1747 hauriendum
1109 1705 1261 1760 putet?
1293 1705 1488 1759 Minime,

148 1765 221 1806 sed
263 1764 491 1818 quamdam
534 1767 736 1818 sequatur
777 1767 971 1805 aetatem.
1035 1762 1105 1805 Sic
1143 1778 1222 1819 ego
1260 1764 1356 1805 istis
1396 1779 1489 1805 cen-

148 1822 306 1863 suerim
338 1825 380 1863 et
410 1837 565 1863 novam
596 1823 726 1864 istam
753 1823 874 1876 quasi
901 1823 950 1863 de
982 1825 1124 1863 musto
1159 1837 1206 1863 ac
1237 1822 1333 1864 lacu
1365 1822 1488 1863 fervi-

95 1898 129 1923 30
149 1881 246 1921 dam
278 1881 514 1921 orationem
544 1881 792 1936 fugiendam
820 1896 898 1922 nec
935 1881 1055 1921 ill-am
1085 1880 1347 1934 praeclaram
1378 1880 1490 1921 Thu-

149 1939 287 1993 cydidi
317 1938 445 1979 nimis
476 1942 663 1980 veterem
688 1943 908 1993 tamquam
933 1938 1187 1980 Anicianam
1218 1941 1367 1980 notam
1398 1953 1489 1993 per-

150 1997 418 2050 sequendam.
467 1997 564 2051 Ipse
590 1998 703 2038 enim
727 1997 994 2052 Thucydides
1022 1997 1057 2038 si
1082 1997 1295 2050 posterius
1322 1997 1489 2051 fuisset,

149 2055 285 2096 multo
312 2055 520 2095 maturior
544 2055 698 2097 fuisset
718 2059 760 2097 et
780 2056 936 2097 mitior.
981 2055 1332 2096 ‘Demosthenem
1353 2055 1488 2110 igitur
1504 2055 1559 2095 84

148 2112 392 2154 imitemur.'
456 2112 490 2153 O
516 2113 558 2154 di
583 2114 703 2169 boni3
736 2115 848 2169 quid,
874 2128 1044 2168 quaeso,
1074 2127 1152 2154 nos
1180 2113 1295 2154 aliud
1321 2114 1488 2168 agimus

97 2187 132 2213 35
153 2174 226 2212 aut
270 2171 371 2224 quid
415 2171 529 2212 aliud
572 2173 799 2226 optamus?
850 2173 909 2213 At
946 2186 1033 2213 non
1071 2172 1347 2225 assequimur.
1408 2170 1489 2211 Isti

151 2229 265 2270 em‘m
295 2229 492 2270 videlicet
523 2228 659 2271 Attici
695 2231 832 2272 nostri
865 2230 977 2284 quod
1008 2230 1159 2271 volunt
1192 2232 1488 2282 assequuntur.

151 2286 217 2328 Ne
247 2287 354 2328 illud
386 2288 555 2342 quidem
584 2288 852 2343 intellegunt,
889 2303 976 2329 non
1007 2288 1132 2329 modo
1164 2288 1226 2329 ita
1258 2286 1559 2327 memoriae-289
