1643 2526
521 100 622 135 CAP.
649 103 800 135 43-44,
850 104 867 142 g
898 103 1093 134 156—162.
1389 99 1475 141 263

132 195 368 250 perbrevis3
410 195 497 236 iam
528 196 573 236 in
605 195 847 237 altercando
879 194 1041 236 invenit
1071 209 1219 249 parem
1249 194 1544 236 neminem.159

133 253 339 294 Versatus
378 256 443 294 est
479 253 525 294 in
563 253 679 294 omni
717 253 803 294 fere
837 267 989 308 genere
1023 268 1264 308 causarum3
1308 256 1474 294 mature

132 312 178 353 in
202 311 341 353 locum
368 312 609 366 principum
637 314 852 352 oratorum
884 312 1009 352 venit.
1053 287 1284 353 Accusavit
1311 311 1355 353 C
1376 309 1477 352 Car-

133 370 289 410 bonem
309 369 704 424 eloquentissimum
723 369 940 410 hominem
961 370 1188 410 admodum
1209 369 1475 424 adulescens;

98 444 114 470 5
136 442 345 469 summam
376 428 523 482 ingeni
553 442 640 469 non
670 428 839 469 laudem
870 428 996 468 modo
1031 428 1103 468 sed
1135 428 1264 469 etiam
1297 428 1475 468 admira-

133 486 294 527 tionem
327 489 392 527 est
424 489 688 527 consecutus.
748 485 951 526 Defendit
981 488 1132 539 postea
1157 485 1367 527 Liciniam
1393 485 1473 527 vir-
1459 494 1544 525 -160

134 544 293 599 ginem,
338 559 434 585 eum
478 559 610 585 annos
652 543 819 584 XXVII
854 547 982 584 natus
1021 546 1144 584 esset.
1205 543 1256 584 In
1294 558 1343 584 ea
1378 543 1474 597 ipsa

133 617 262 644 causa
298 602 381 643 fuit
420 602 793 656 eloquentissimus
833 601 1123 655 orationisque
1161 601 1251 642 eius
1291 601 1472 655 scriptas

134 660 338 713 quasdam
369 661 504 714 partis
536 660 720 714 reliquit.
778 659 929 701 Voluit
960 660 1206 701 adulescens
1236 659 1281 700 in
1307 659 1474 700 colonia

80 736 113 760 10
132 718 404 759 Narbonensi
431 733 581 760 causae
607 718 825 772 popularis
853 718 1013 771 aliquid
1045 718 1263 773 adtingere
1296 732 1473 771 eamque

134 776 358 831 coloniam,
389 779 438 817 ut
469 776 583 830 fecit,
612 777 704 830 ipse
731 777 953 829 deducere3
985 779 1103 817 extat
1132 776 1178 816 in
1210 791 1303 816 eam
1334 776 1474 830 legem

134 835 293 889 senior,
331 838 379 875 ut
416 835 477 875 ita
515 835 668 888 dicam,
707 849 834 889 quam
873 837 990 875 aetas
1020 834 1096 875 illa
1127 834 1292 875 ferebat
1325 834 1474 875 oratio.

132 893 295 934 Multae
334 893 481 933 deinde
521 907 689 947 causae3
729 892 799 933 sed
835 892 899 933 ita
935 892 1092 933 tacitus
1130 892 1375 932 tribunatus
1414 894 1475 946 ut,

132 951 216 992 nisi
248 951 292 991 111
319 965 367 992 00
397 951 654 1005 magistratu
686 950 923 992 cenavisset
949 951 1061 1004 apud
1092 964 1346 1004 praeconem
1373 949 1475 990 Gra-

82 1024 115 1050 15
134 1009 254 1050 11111111
284 1009 410 1062 idque
447 1009 572 1049 nobis
612 1009 677 1049 bis
715 1009 975 1049 narravisset
1005 1008 1217 1062 Lucilius,
1254 1008 1474 1048 tribunum

132 1067 269 1122 plebis
302 1067 562 1108 nesciremus
595 1067 737 1107 fuisse.
797 1066 866 1107 Ita
896 1080 1085 1120 prorsus,
1123 1066 1264 1119 inquit
1295 1066 1544 1121 Brutus3161

133 1126 207 1166 sed
231 1140 283 1166 ne
311 1125 360 1166 de
388 1124 615 1166 Scaevolae
648 1125 818 1178 quidem
849 1124 1073 1165 tribunatu
1100 1124 1329 1178 quicquam
1361 1124 1476 1165 audi-

132 1184 244 1224 visse
288 1183 434 1224 videor
477 1186 520 1224 et
568 1197 664 1223 eum
709 1183 932 1238 conlegam
976 1181 1119 1223 Crassi
1164 1183 1287 1223 credo
1332 1182 1475 1223 fuisse.
1499 1207 1507 1210 -

135 1241 343 1283 Omnibus
377 1241 547 1295 quidem
579 1241 693 1295 aliis,
722 1241 916 1294 inquam,
946 1240 992 1280 in
1023 1240 1370 1295 magistratibus,
1403 1240 1476 1281 sed

81 1317 114 1341 20
134 1299 331 1341 tribunus
358 1314 468 1340 anno
494 1302 593 1353 post
619 1299 702 1339 fuit
728 1313 861 1352 eoque
887 1299 933 1339 in
951 1298 1121 1339 Rostris
1149 1299 1319 1339 sedente
1341 1298 1476 1339 suasit

136 1356 357 1399 Serviliam
388 1357 528 1412 legem
555 1356 750 1411 Crassus3
781 1371 880 1397 nam
907 1371 1129 1397 censuram
1155 1356 1244 1397 sine
1273 1355 1477 1397 Scaevola

136 1415 287 1471 gessit:
319 1430 415 1455 eum
447 1415 560 1455 enim
592 1415 893 1469 magistratum
918 1428 1042 1455 nemo
1069 1429 1272 1467 umquam
1300 1413 1478 1455 Scaevo-

134 1474 273 1515 larum
304 1473 467 1526 petivit.
531 1472 612 1514 Sed
643 1473 747 1514 11300
780 1471 923 1513 Crassi
956 1487 1051 1513 cum
1083 1472 1196 1513 edita
1229 1472 1366 1512 oratio
1399 1475 1477 1526 est,

138 1546 265 1585 quam
296 1535 338 1572 te
371 1546 494 1585 saepe
526 1531 681 1585 legisse
714 1534 829 1572 certo
856 1530 956 1584 3010,
989 1533 1192 1583 quattuor
1224 1533 1266 1571 et
1297 1530 1477 1585 triginta

85 1607 118 1632 25
139 1593 232 1631 tum
256 1590 444 1630 habebat
471 1603 604 1630 annos
631 1589 894 1642 totidemque
921 1589 1042 1629 annis
1068 1588 1174 1628 mihi
1195 1591 1334 1629 aetate
1360 1602 1478 1642 prae-

137 1648 292 1689 stabat.
341 1647 421 1688 His
448 1647 561 1688 enim
588 1647 833 1688 consulibus
860 1661 953 1687 eam
977 1646 1117 1701 legem
1144 1647 1291 1700 suasit,
1323 1646 1476 1699 quibus

136 1706 228 1746 nati
255 1720 412 1758 sumus,
445 1720 540 1746 cum
571 1705 662 1759 ipse
695 1708 808 1746 esset
839 1704 885 1753 Q.
907 1703 1120 1758 Caepione
1153 1704 1325 1745 consule
1350 1707 1476 1745 natus

138 1767 180 1804 et
224 1762 268 1804 C.
306 1763 472 1817 Laelio,
520 1763 704 1804 triennio
752 1763 847 1816 ipso
892 1763 1031 1803 minor
1080 1778 1207 1816 quam
1250 1762 1477 1803 Antonius.

138 1821 259 1869 Quod
287 1821 443 1862 idcirco
475 1821 612 1875 posui,
643 1824 691 1861 ut
717 1820 882 1862 dicendi
908 1820 1060 1861 Latine
1086 1821 1225 1874 prima
1250 1820 1476 1861 maturitas

86 1896 120 1922 30
138 1879 184 1919 in
215 1881 299 1932 qua
330 1882 469 1919 aetate
495 1880 708 1920 extitisset
739 1882 886 1933 posset
915 1879 1059 1919 notari
1085 1882 1127 1919 et
1157 1878 1479 1933 intellegeretur

139 1937 225 1977 iam
258 1937 310 1976 ad
342 1951 555 1977 summum
590 1951 722 1991 paene
761 1951 852 1978 esse
890 1937 1156 1991 perductam,
1196 1939 1244 1977 ut
1283 1950 1331 1977 eo
1368 1936 1477 1976 nihil

139 1995 271 2035 ferme
305 1994 529 2047 quisquam
560 1995 710 2036 addere
741 1998 900 2049 posset,
929 1994 1013 2034 nisi
1047 1994 1118 2048 qui
1144 2009 1168 2034 a
1192 1994 1478 2048 philosophia,

141 2067 165 2094 a
189 2053 280 2092 iure
313 2052 438 2104 civili,
471 2053 522 2093 ab
554 2052 736 2094 historia
766 2053 920 2093 fuisset
949 2052 1212 2093 instructior.
1274 2052 1383 2106 Erit,
1413 2052 1476 2092 in-

142 2111 234 2164 quit
265 2109 439 2163 Br,utus
470 2112 544 2150 aut
573 2110 658 2152 iam
691 2114 756 2151 est
786 2111 868 2151 iste
901 2125 1027 2163 quem
1060 2110 1287 2164 expectas?
1320 2109 1476 2150 Nescio

89 2185 123 2210 35
142 2168 326 2221 inquam.
390 2166 472 2208 Sed
510 2171 574 2208 est
612 2168 741 2209 etiam
778 2168 824 2208 L.
857 2167 1000 2209 Crassi
1042 2168 1089 2208 in
1131 2168 1356 2209 consulatu
1398 2181 1476 2220 pro

144 2225 191 2274 Q.
224 2224 434 2280 Caepione
466 2225 496 2278 †
533 2225 774 2267 defensione
817 2226 964 2267 iuncta
1005 2239 1092 2267 non
1128 2226 1269 2267 brevis
1307 2228 1355 2265 ut
1390 2225 1479 2265 lau—

143 2283 279 2338 datio,
331 2286 380 2323 ut
430 2283 566 2324 oratio
616 2287 759 2324 autem
808 2284 968 2338 111-01113,
1022 2286 1240 2338 postrema
1289 2282 1477 2323 censoris

1491 2029 1548 2068 44

1483 2097 1546 2126 162
