1643 2526
89 434 106 459 ὅ

75 726 107 749 10

74 1015 106 1041 15

75 1598 108 1622 25

75 1889 109 1912 30

76 2178 111 2211 ,⁹35

370 88 512 122 LIBER
536 89 597 124 ΙΠ.
647 88 747 126 ΟΑΡ.
773 93 922 124 45-47.
973 93 992 132 ξ
1020 94 1215 125 176-182.
1378 90 1463 131 209

125 184 266 238 spatia
292 184 478 238 quinque
500 184 648 226 stellae
669 184 828 239 dispari
848 188 970 226 motu
990 200 1201 240 cursuque
1223 185 1462 227 conficiant.

124 242 242 284 Haec
274 245 438 283 tantam
464 242 626 284 habent
657 243 756 297 vim7
785 243 961 297 paulum
993 247 1041 284 ut
1071 244 1285 285 inmutata
1317 244 1533 286 cohae-179

124 315 216 342 rere
259 315 347 342 non
388 301 575 355 possint,
623 304 789 342 tantam
830 302 1212 358 pulchritudinem,
1255 306 1303 343 ut
1345 302 1464 342 nulla

127 359 288 413 species
325 374 377 400 ne
417 360 598 414 cogitari
637 359 806 414 quidem
842 360 981 414 possit
1020 361 1221 402 ornatior.
1289 361 1462 402 Referte

124 432 237 458 nunc
276 417 465 458 animum
503 418 556 459 ad
586 418 808 459 hominum
839 419 905 459 vel
945 419 1075 460 etiam
1108 423 1345 460 ceterarum
1377 419 1464 460 ani-

125 476 335 516 mantium
360 475 544 517 formam
571 480 613 517 et
640 477 833 532 figuram.
876 476 1053 518 Nullam
1078 481 1245 531 partem
1272 478 1462 532 corporis

126 534 216 575 sine
261 534 403 588 aliqua
446 535 700 576 necessitate
751 535 961 576 adfectam
1010 539 1232 590 totamque
1281 536 1464 577 formam

126 592 248 646 quasi
279 593 513 646 perfectam
539 593 760 648 reperietis
788 596 890 648 arte,
920 609 1007 635 non
1034 609 1145 636 casu.
1190 594 1301 643 Quid
1331 594 1377 635 in
1402 594 1462 635 eis
1476 594 1533 635 46

126 651 381 691 arboribus?
412 651 458 691 in
485 651 638 704 quibus
664 666 751 692 non
776 655 965 707 truncus,
990 667 1077 693 non
1101 653 1222 707 rami,
1247 667 1334 693 non
1359 653 1464 694 folia

126 711 226 750 sunt
259 709 438 763 denique
470 709 553 750 nisi
586 710 637 750 ad
670 725 790 751 suam
822 711 1088 752 retinendam
1115 712 1464 753 conservandam-

127 781 206 822 que
226 770 442 821 naturam3
462 782 674 822 nusquam
694 772 839 809 tamen
859 772 924 810 est
943 769 1031 810 ulla
1050 785 1149 824 pars
1168 770 1252 811 nisi
1273 772 1463 810 venusta.

124 825 389 879 Linquamus
421 829 620 867 naturam
652 830 848 880 artesque
881 828 1110 868 videamus,
1163 828 1273 877 Quid
1304 831 1394 869 tam
1419 828 1534 868 in180

124 884 297 939 navigio
347 884 633 925 necessarium
690 900 818 938 quam
867 886 1020 940 latera,
1071 901 1199 940 quam
1249 901 1465 940 cavernae,

127 957 254 996 quam
273 956 412 996 prora,
439 957 566 996 quam
585 943 753 997 puppis,
779 959 907 998 quam
927 947 1149 999 antennae,
1176 947 1321 999 [quam
1341 945 1462 999 vela7]

127 1014 255 1053 quam
296 1000 426 1041 mali?
467 1015 574 1054 quae
615 1004 759 1042 tamen
796 1002 906 1043 hanc
943 1002 1104 1044 habent
1139 1003 1185 1043 in
1223 1003 1361 1057 specie
1398 1018 1465 1044 ve-

125 1061 361 1113 nustatem,
397 1061 445 1099 ut
481 1073 569 1099 non
601 1059 739 1100 solum
772 1060 922 1101 salutis
962 1061 1035 1101 sed
1067 1061 1196 1102 etiam
1228 1062 1463 1116 voluptatis

127 1131 255 1157 causa
294 1117 469 1157 inventa
509 1132 600 1158 esse
642 1118 876 1159 videantur.
939 1117 1172 1160 Columnae
1216 1120 1378 1174 templa
1422 1123 1464 1160 et

125 1175 317 1229 porticus
357 1175 586 1230 sustinent;
623 1178 767 1217 tamen
803 1176 964 1218 habent
1001 1192 1089 1218 non
1125 1178 1220 1232 plus
1261 1178 1464 1219 utilitatis
1500 1205 1508 1208 -

127 1247 255 1286 quam
280 1233 515 1288 dignitatis.
561 1232 747 1288 Capitoli
773 1234 998 1290 fastigium
1024 1236 1130 1277 illud
1156 1240 1198 1277 et
1225 1240 1463 1278 ceterarum

74 1308 89 1331 2
127 1291 295 1332 aedium
313 1306 401 1332 non
419 1295 620 1333 venustas
647 1293 719 1333 sed
743 1294 976 1334 necessitas
1002 1294 1095 1348 ipsa
1114 1295 1326 1336 fabricata
1353 1296 1464 1347 [est].

126 1349 240 1390 Nam
284 1363 380 1390 cum
423 1353 535 1390 esset
578 1350 728 1391 habita
770 1352 880 1392 ratio
928 1367 1053 1405 quem
1099 1353 1151 1393 ad
1195 1353 1370 1394 modum
1413 1368 1464 1394 ex

126 1411 306 1461 utraque
333 1407 436 1448 tecti
461 1411 582 1462 parte
609 1423 718 1462 aqua
744 1409 1022 1464 delaberetur,
1053 1411 1288 1452 utilitatem
1314 1412 1464 1465 templi

126 1465 291 1520 fastigii
335 1466 521 1520 dignitas
567 1470 854 1522 consecutast3
898 1471 964 1522 ut,
1008 1468 1138 1509 etiam
1179 1469 1215 1509 si
1258 1469 1304 1509 in
1347 1470 1463 1510 caelo

129 1522 390 1578 Capitolium
416 1528 688 1578 statueretur,
713 1525 786 1565 ubi
811 1525 949 1567 imber
970 1541 1060 1567 esse
1086 1541 1173 1567 non
1197 1530 1356 1581 posset,
1375 1528 1465 1568 nul-

127 1582 213 1622 lam
239 1582 329 1622 sine
358 1582 534 1637 fastigio
558 1583 812 1638 <lignitatem
838 1584 1087 1625 habiturum
1107 1585 1238 1626 fuisse
1259 1586 1464 1626 Videatur.

127 1640 221 1681 Hoc
264 1640 310 1680 in
354 1641 551 1681 omnibus
590 1641 696 1682 item
734 1642 930 1696 partibus
970 1643 1176 1684 orationis
1217 1644 1375 1697 evenit,
1418 1648 1533 1685 ut181

127 1698 361 1739 utilitatem
393 1714 440 1740 ac
471 1714 603 1753 prope
629 1700 929 1741 necessitatem
962 1701 1150 1742 suavitas
1184 1703 1392 1755 quaedam
1424 1706 1467 1743 et

127 1757 246 1810 lepos
280 1760 576 1810 consequatur.
634 1756 856 1800 Clausulas
889 1759 1002 1800 enim
1035 1763 1163 1813 atque
1194 1760 1467 1814 interpuncta

127 1815 355 1856 verborum
387 1816 551 1856 animae
588 1816 835 1857 interclusio
875 1820 1001 1871 atque
1034 1818 1257 1872 angustiae
1291 1819 1466 1872 spiritus

130 1873 377 1913 attulerunt.
438 1873 487 1914 Id
517 1874 738 1915 inventum
770 1876 831 1915 ita
864 1890 991 1916 suave
1025 1880 1106 1929 est,
1138 1879 1204 1929 ut7
1242 1876 1277 1917 si
1310 1877 1377 1918 cui
1411 1877 1467 1918 sit

129 1931 321 1971 infinitus
355 1931 529 1984 spiritus
563 1933 705 1986 datus,
743 1936 887 1974 tamen
925 1948 1021 1974 eum
1051 1937 1304 1988 perpetuare
1336 1935 1466 1975 verba

127 1988 324 2029 nolimus.
368 1989 418 2029 Id
438 1990 550 2030 enim
570 1991 743 2031 auribus
769 1992 929 2032 nostris
953 1995 1123 2046 gratum
1144 1996 1208 2033 est
1233 1993 1467 2047 inventum,

128 2047 242 2100 quod
285 2046 507 2088 hominum
549 2048 755 2089 lateribus
804 2063 891 2090 non
940 2050 1162 2091 tolerabile
1208 2051 1346 2091 solum
1394 2051 1466 2091 sed
1479 2074 1534 2114 47

129 2105 259 2145 etiam
285 2105 408 2146 facile
435 2119 525 2146 esse
551 2110 706 2159 posset.
749 2107 1067 2162 Longissimast
1088 2109 1221 2163 igitur
1242 2109 1464 2163 conplexio

129 2163 374 2216 verborum,
418 2177 525 2216 quae
568 2165 680 2205 volvi
724 2179 808 2206 uno
854 2166 1008 2219 spiritu
1051 2170 1205 2221 potest.
1270 2166 1351 2208 Sed
1395 2167 1464 2207 hic

128 2224 305 2261 naturae
338 2221 488 2261 modus
520 2224 598 2276 est,
630 2223 733 2263 artis
760 2223 879 2264 alius.
923 2223 1036 2265 Nam
1062 2240 1159 2266 cum
1186 2225 1272 2265 sint
1297 2225 1464 2265 numeri

128 2279 283 2333 plures,
314 2279 505 2319 iambum
537 2282 578 2320 et
609 2280 858 2322 trochaeum
888 2282 1155 2336 frequentem
1182 2286 1381 2337 segregat
1407 2282 1461 2322 ab

200 2352 269 2378 CIC.
288 2353 311 2378 1Α
333 2354 354 2378 2.
1142 2354 1185 2383 14

1471 2142 1535 2172 182
