1643 2526
363 95 559 130 LIBERI.
610 94 710 130 CAP.
739 99 889 131 38—39.
929 99 947 137 ξ
978 99 1172 131 173-180.
1385 96 1439 137 41

103 190 329 245 tumviros,
372 205 500 244 quom
540 190 662 231 miles
706 190 879 231 domum
923 190 1155 232 revenisset
1199 190 1442 245 egissetque

102 249 195 303 lege
215 249 260 289 in
278 248 559 290 hereditatem
585 252 807 303 paternam
832 251 1092 290 testamento
1114 249 1287 290 exheres
1314 249 1441 290 filius.

104 306 304 361 [Nempe]
337 307 382 347 in
409 321 458 348 ea
484 321 612 348 causa
637 307 878 360 quaesitum
905 310 970 348 est
996 308 1046 348 de
1078 307 1168 348 iure
1201 307 1315 348 civili
1346 321 1442 361 pos-

104 368 221 406 setne
251 368 528 419 paternorum
560 366 771 406 bonorum
802 365 976 406 exheres
1015 380 1106 406 esse
1144 365 1278 420 filius,
1316 380 1442 419 quem

67 439 83 465 5
101 427 223 478 pater
265 426 524 464 testamento
573 438 709 477 neque
758 423 956 465 heredem
1003 438 1140 478 neque
1191 424 1441 465 exheredem

103 481 344 536 scripsisset
380 482 646 523 nominatim.
715 481 855 531 Quid‘?
899 496 982 536 qua
1019 483 1069 523 de
1107 497 1150 523 re
1188 482 1301 523 inter
1331 482 1441 522 Mar-

103 540 231 581 cellos
252 543 295 581 et
315 540 515 582 Claudios
535 540 738 594 patricios
760 540 1013 582 centumviri
1038 541 1293 594 iudicarunt,
1313 554 1442 594 quom

102 598 295 639 Marcelli
321 599 373 639 ab
399 598 544 639 liberti
568 599 657 640 filio
685 598 829 653 stirpe,
860 598 1027 640 Claudii
1057 599 1228 653 patricii
1254 599 1442 640 eiusdem

102 657 288 698 hominis
313 657 594 698 hereditatem
616 660 740 712 gente
762 658 814 698 ad
833 672 877 698 se
897 657 1055 698 redisse
1077 657 1277 711 dicerent,
1301 671 1441 698 nonne

52 715 148 758 10111
178 730 227 756 ea
259 730 386 757 causa
416 715 499 756 fuit
532 715 773 757 oratoribus
812 716 861 757 de
894 719 987 757 toto
1021 716 1167 770 stirpis
1200 719 1242 756 et
1275 715 1442 770 gentili-

101 774 205 814 tatis
242 773 333 814 iure
372 773 623 815 dicendum?
694 773 834 822 Quid?
879 775 994 828 quod
1029 774 1134 815 item
1170 774 1216 815 in
1254 777 1511 816 centum-177

102 832 225 872 virali
255 832 412 873 iudicio
445 835 656 873 certatum
682 847 773 873 esse
800 833 1053 887 accepimus,
1084 832 1156 887 qui
1183 832 1365 873 Romam
1396 832 1442 873 in

103 890 278 931 exilium
315 891 521 944 venisset,
557 893 623 932 cui
656 890 817 931 Romae
850 891 1018 931 exulare
1056 891 1122 931 ius
1162 894 1291 944 esset,
1328 890 1365 931 si
1398 905 1441 931 se

104 949 156 989 ad
188 949 372 1002 aliquem
404 949 526 1002 quasi
556 952 787 1003 patronum
819 949 1120 1003 applicavisset
1150 949 1441 1003 intestatoque

52 1023 84 1049 15
104 1010 216 1048 esset
247 1010 440 1048 mortuus
471 1025 536 1062 —3
566 1021 706 1048 nonne
733 1007 778 1047 in
803 1022 852 1048 ea
877 1022 1006 1049 causa
1035 1007 1102 1048 ius
1130 1007 1442 1061 applicationis,

103 1065 333 1106 obscurum
365 1080 465 1106 sane
497 1068 539 1106 et
569 1065 785 1120 ignotum,
821 1066 1085 1119 patefactum
1115 1065 1162 1105 in
1192 1065 1348 1106 iudicio
1382 1068 1442 1106 at-

103 1138 184 1177 que
215 1123 493 1164 inlustratum
525 1127 590 1164 est
622 1139 646 1164 a
676 1123 889 1178 patrono?
951 1123 1090 1172 Quid?
1132 1138 1280 1178 nuper,
1312 1136 1511 1177 quom178

103 1195 182 1236 ego
210 1180 253 1223 C.
276 1180 413 1236 Sergii
438 1181 627 1222 Auratae
660 1185 810 1223 contra
840 1182 953 1223 hunc
980 1185 1178 1223 nostrum
1203 1182 1442 1223 Antonium

101 1239 258 1281 iudicio
278 1240 446 1294 privato
467 1255 639 1281 causam
659 1240 938 1295 defenderem,
967 1255 1108 1281 nonne
1130 1240 1268 1281 omnis
1293 1243 1443 1281 nostra

51 1315 84 1339 20
102 1298 148 1338 in
172 1298 264 1338 iure
289 1301 459 1339 versata
484 1298 745 1339 defensiost‘?
779 1298 919 1347 Quom
945 1299 1059 1339 enim
1081 1298 1136 1339 M.
1156 1298 1318 1339 Marius
1341 1297 1442 1339 Gra-

104 1356 290 1396 tidianus
318 1356 432 1396 aedis
457 1355 645 1397 Auratae
671 1356 930 1397 vendidisset
959 1371 1096 1410 neque
1130 1356 1286 1397 servire
1315 1371 1442 1409 quan-

105 1414 201 1455 dam
235 1429 379 1455 earum
417 1414 584 1455 aedium
620 1417 787 1467 partem
818 1415 863 1454 in
893 1415 1095 1468 mancipii
1127 1415 1220 1469 lege
1253 1415 1442 1468 dixisset,

104 1472 446 1527 defendebamus,
471 1473 674 1526 quicquid
699 1472 852 1513 fuisset
870 1472 1132 1514 incommodi
1150 1472 1196 1512 in
1215 1472 1442 1526 mancipio,

102 1530 147 1571 id
178 1531 214 1571 si
245 1531 440 1571 venditor
473 1531 624 1572 scisset
654 1545 790 1584 neque
823 1531 1090 1585 declarasset,
1126 1534 1343 1584 praestare
1376 1531 1443 1571 de-

51 1606 83 1630 ·25
102 1589 213 1630 bere.
264 1588 355 1637 Quo
383 1589 553 1642 quidem
584 1589 630 1629 in
661 1603 814 1644 genere
846 1589 1069 1630 familiaris
1101 1592 1248 1629 noster
1278 1588 1334 1628 M.
1361 1588 1511 1632 Bri-179

104 1647 277 1701 culeius,
307 1647 436 1688 homo
468 1661 605 1701 neque
636 1661 731 1688 meo
762 1647 920 1689 iudicio
954 1648 1110 1688 stultus
1144 1650 1186 1687 et
1218 1661 1294 1688 suo
1321 1647 1441 1687 valde

105 1705 272 1759 sapiens
300 1708 342 1746 et
368 1705 420 1746 ab
452 1705 557 1746 iuris
590 1705 731 1746 studio
762 1720 850 1746 non
881 1705 1128 1759 abhorrens,
1160 1705 1291 1746 simili
1321 1705 1366 1745 in
1398 1719 1442 1745 re

105 1764 289 1817 quodam
314 1764 439 1804 modo
465 1778 602 1817 nuper
628 1763 795 1804 erravit.
844 1763 958 1804 Nam
984 1778 1080 1805 cum
1110 1763 1225 1804 aedis
1252 1763 1298 1803 L.
1319 1763 1442 1803 Fufio

103 1822 320 1875 venderet,
356 1821 402 1861 in
438 1822 650 1876 mancipio
689 1822 851 1862 lumina
887 1822 952 1862 uti
992 1825 1085 1862 tum
1116 1824 1258 1862 essent
1289 1821 1352 1862 ita
1382 1836 1444 1862 re-

51 1896 85 1921 30
104 1879 227 1933 cepit.
276 1879 423 1920 Fufius
451 1883 605 1934 autem,
637 1880 765 1920 simul
791 1883 917 1933 atque
951 1879 1218 1921 exaedificari
1245 1882 1442 1933 coeptum

104 1941 169 1978 est
198 1937 244 1978 in
276 1938 458 1990 quadam
489 1941 609 1992 parte
641 1938 779 1991 urbis,
822 1952 929 1992 quae
967 1938 1093 1978 modo
1129 1952 1179 1978 ex
1214 1937 1300 1978 illis
1334 1937 1444 1978 aedi-

103 1996 182 2036 bus
215 1995 403 2049 conspici
434 1999 593 2049 posset,
624 1996 713 2051 egit
745 1996 894 2037 statim
920 2010 1048 2049 quom
1074 1995 1291 2049 Buculeio,
1318 1996 1443 2049 quod,

104 2053 420 2107 quoiquomque
446 2054 680 2107 particulae
704 2054 810 2095 caeli
837 2054 1090 2107 officeretur,
1116 2054 1309 2108 quamvis
1330 2056 1443 2094 esset

104 2112 265 2165 procul,
295 2112 453 2152 mutari
478 2112 640 2152 lumina
664 2113 856 2166 putabat.
906 2111 1017 2160 Quid
1042 2112 1173 2153 vero?
1205 2111 1512 2153 clarissima180

51 2186 84 2211 35
104 2169 159 2209 M’
187 2169 304 2211 Curii
337 2184 464 2210 causa
487 2169 706 2224 Marcique
733 2169 915 2224 Coponii
945 2185 1080 2224 nuper
1113 2171 1224 2224 apud
1256 2173 1442 2211 centum-

103 2227 217 2268 viros
239 2241 321 2281 quo
349 2241 556 2269 concursu
580 2228 814 2282 hominum,
841 2243 924 2282 qua
949 2229 1242 2282 expectatione
1269 2228 1442 2268 defensa

105 2286 198 2326 est?
233 2299 361 2339 quom
389 2285 434 2333 Q.
457 2285 672 2341 Scaevola,
697 2286 887 2340 aequalis
909 2289 951 2328 et
971 2287 1135 2340 collega
1154 2300 1286 2340 meus,
1310 2285 1439 2326 homo

1456 461 1511 501 39

1447 529 1511 560 176
