1643 2526
70 714 102 739 10

71 1005 102 1030 15

72 1297 105 1321 20

72 1586 106 1612 25

73 1877 107 1902 30

73 2167 108 2192 35

481 120 484 123 Ι
527 51 803 111 mma-25.
857 79 1050 118 ξεῖ-94.
1181 96 1185 103 -
1287 63 1289 65 ’
1372 76 1458 116 447

115 171 335 227 bipertito,
366 174 408 212 et
438 174 594 212 natura
618 173 661 211 et
691 170 903 211 instituto.
954 169 1122 211 Natura
1152 173 1298 223 partes
1329 170 1461 210 habet

118 231 234 277 duas,
266 229 547 271 tributionem
579 229 645 270 sui
677 229 828 282 cuique
861 231 903 269 et
934 228 1167 270 ulciscendi
1198 228 1276 269 ius.
1334 228 1461 268 Insti-

117 288 229 330 tutio
262 291 406 329 autem
438 287 666 341 aequitatis
699 287 976 341 tripertitast3
1017 301 1102 327 una
1132 301 1232 341 pars
1263 286 1460 341 legitima

118 350 202 401 est,
234 346 368 387 altera
399 346 671 398 conveniens,
708 346 837 386 tertia
869 345 1000 386 moris
1032 348 1246 386 vetustate
1278 345 1458 386 firmata.

120 406 282 458 [Atque
314 405 445 446 etiam
478 404 670 458 aequitas
702 403 919 458 tripertita
951 403 1107 444 dicitur
1139 418 1248 458 esse3
1292 418 1376 444 una
1408 403 1461 444 ad

119 477 294 518 superos
328 464 442 517 (1603,
473 463 607 504 altera
633 462 685 503 ad
710 477 869 517 maneS‚
899 462 1029 503 tertia
1060 462 1113 502 ad
1143 462 1338 502 homines
1369 476 1461 515 per-

118 522 266 563 tinere.
322 521 466 562 Prima
496 521 646 575 pietas,
679 521 863 562 secunda
889 520 1108 574 sanctitas7
1140 520 1268 561 tertia
1292 520 1462 560 iustitia

120 583 194 621 aut
232 580 425 633 aequitas
462 580 738 630 nominatur]
806 578 870 620 De
908 578 1131 633 proposito
1171 579 1275 620 satis
1313 578 1533 632 multa724

120 638 317 693 deinceps
356 638 405 679 de
447 653 575 679 causa
618 637 822 692 pauciora
865 637 1040 678 dicenda
1079 640 1190 678 sunt.
1252 636 1461 690 Pleraque

122 696 235 737 enim
267 699 367 737 sunt
399 696 437 737 61
470 711 566 737 cum
596 696 819 750 proposito
853 695 1107 737 communia.

237 754 338 795 Tria
379 757 478 795 sunt
518 754 684 809 [igitur]
726 769 884 809 genera
924 768 1166 794 causarum:
1210 753 1358 794 iudicii
1396 753 1462 794 de·
1488 763 1530 794 91

120 813 388 854 liberationis
419 813 690 868 laudationis.
751 812 940 861 Quarum
976 813 1082 852 fines
1119 811 1203 866 ipsi
1244 812 1463 852 declarant

122 872 276 926 quibus
314 871 519 912 utendum
556 871 662 912 locis
702 871 767 912 sit.
830 870 939 911 Nam
974 870 1120 911 iudicii
1157 870 1254 911 finis
1288 873 1353 911 est
1382 870 1465 924 ius,

122 945 173 971 ex
205 944 288 984 quo
322 929 452 970 etiam
482 944 649 970 nomen.
710 929 821 970 Iuris
855 932 998 970 autem
1035 932 1177 982 partes
1213 931 1307 969 tum
1340 943 1465 982 expo-

123 988 244 1042 sitae,
276 1003 372 1029 cum
404 988 643 1041 aequitatis.
693 987 970 1028 Deliberandi
1001 987 1098 1028 finis
1132 987 1311 1039 utilitas,
1343 986 1462 1027 cuius

122 1061 194 1087 eae
214 1049 370 1100 partes,
391 1061 497 1100 quae
517 1046 643 1086 modo
665 1046 915 1100 expositae[‚
939 1060 1082 1086 rerum
1102 1045 1462 1099 expetendarum}

121 1104 401 1145 Laudationis
427 1104 525 1145 finis
544 1105 761 1158 honestas,
788 1105 837 1144 de
858 1118 941 1157 qua
959 1103 1064 1144 item
1085 1106 1150 1144 est
1171 1107 1269 1144 ante
1290 1103 1462 1144 dictum.

123 1161 206 1204 Sed
231 1162 428 1203 definitae
456 1162 726 1215 quaestiones
748 1177 772 1203 a
792 1162 879 1202 suis
907 1176 1074 1215 quoque
1099 1161 1206 1203 locis
1230 1161 1353 1215 quasi
1370 1175 1465 1215 pro·
1491 1172 1535 1202 92

122 1220 228 1275 priis
252 1220 551 1274 instituuntur,
575 1221 605 1273 ἦ·
626 1235 732 1274 quae
757 1220 803 1260 in
823 1220 1139 1261 accusationem
1159 1220 1466 1261 defensionem-
1486 1227 1493 1230 '

125 1293 205 1333 que
236 1279 438 1333 partitae3
468 1279 514 1318 in
540 1278 694 1331 quibus
721 1279 910 1319 existunt
941 1279 1045 1319 haec
1072 1292 1239 1333 genera,
1271 1281 1319 1318 ut
1346 1292 1466 1319 accu-

124 1340 242 1378 sator
272 1351 499 1391 personam
532 1339 685 1391 arguat
715 1336 832 1390 facti,
864 1336 1060 1377 defensor
1089 1336 1249 1390 aliquid
1277 1339 1466 1390 opponat

124 1395 174 1436 de
200 1395 356 1436 tribus:
388 1398 462 1436 aut
487 1409 574 1436 non
600 1409 691 1435 esse
717 1395 878 1436 factum
906 1398 992 1448 aut,
1018 1394 1053 1435 si
1074 1394 1130 1435 sit
1150 1394 1325 1447 factum,
1351 1394 1466 1435 aliud

125 1453 214 1494 eius
251 1453 356 1494 facti
392 1468 549 1494 nomen
587 1467 677 1494 esse
717 1456 789 1493 aut
825 1453 916 1493 iure
955 1467 1046 1493 esse
1078 1452 1251 1493 factum.
1313 1452 1465 1506 Itaque

126 1515 200 1552 aut
230 1511 424 1552 infitialis
451 1515 526 1552 aut
552 1511 849 1552 coniecturalis
876 1511 1014 1565 prima
1041 1511 1291 1565 appelletur,
1323 1511 1467 1551 defini-

124 1570 215 1610 tiva
246 1570 397 1624 altera,
434 1570 580 1624 tertia,
612 1570 805 1623 quamvis
837 1569 1067 1610 molestum
1098 1584 1253 1610 nomen
1284 1569 1366 1610 hoc
1400 1569 1468 1623 sit,

123 1627 373 1669 iuridicialis
413 1631 599 1669 vocetur.
661 1628 826 1669 Harum
867 1643 1091 1669 causarum
1130 1628 1304 1681 propria
1345 1641 1467 1682 argu·
1481 1628 1537 1668 525

125 1689 269 1727 menta
300 1701 351 1727 ex
380 1686 433 1727 iis
467 1689 637 1740 sumpta
667 1686 786 1739 locis,
818 1700 924 1740 quos
957 1686 1243 1740 exposuimus,
1273 1686 1319 1726 in
1349 1700 1468 1740 prae-

126 1744 261 1798 ceptis
294 1744 492 1785 oratoriis
519 1745 729 1799 explicata
756 1748 865 1785 sunt.
916 1744 1137 1785 Refutatio
1171 1748 1315 1785 autem
1348 1759 1466 1785 accu-
1492 1755 1536 1785 93

127 1802 319 1853 sationis,
348 1803 395 1842 in
421 1818 504 1856 qua
529 1808 594 1843 est
620 1803 812 1856 depulsio
843 1803 1044 1856 criminis,
1077 1803 1278 1856 quoniam
1307 1801 1465 1843 Graece

127 1860 274 1908 στοὲσις
293 1860 460 1913 dicitur,
479 1861 715 1914 appelletur
734 1860 887 1901 Latine
911 1864 1067 1915 status3
1099 1861 1144 1901 in
1171 1875 1253 1914 quo
1279 1861 1467 1914 primum

126 1918 288 1959 insistit
338 1919 459 1971 quasi
509 1919 561 1959 ad
609 1919 931 1973 repugnandum
984 1933 1214 1974 congressa
1264 1919 1464 1959 defensio.

126 1976 268 2030 Atque
299 1976 345 2016 in
376 1976 753 2018 deliberationibus
785 1978 916 2018 etiam
941 1980 983 2018 et
1007 1977 1326 2018 laudationibus
1353 1977 1466 2017 idem

127 2034 315 2075 existunt
352 2038 501 2075 status.
569 2035 682 2076 Nam
726 2039 768 2076 et
808 2038 1022 2090 negantur
1060 2050 1184 2089 saepe
1224 2050 1272 2076 ea
1309 2035 1466 2087 futura,

127 2107 232 2146 quae
271 2093 324 2133 ab
363 2093 504 2146 aliquo
536 2093 581 2133 in
613 2094 825 2135 sententia
862 2094 975 2135 dicta
1008 2097 1107 2134 sunt
1139 2093 1247 2143 fore,
1287 2093 1359 2133 sed
1391 2095 1465 2133 aut

128 2151 300 2191 omnino
331 2151 424 2191 fieri
454 2165 541 2192 non
571 2152 738 2206 possint
776 2156 848 2192 aut
887 2152 977 2192 sine
1016 2167 1182 2192 summa
1213 2151 1465 2192 difficultate

126 2223 213 2250 non
231 2209 416 2263 possint3
446 2209 491 2249 in
511 2225 594 2262 qua
616 2210 985 2265 argumentatione
1007 2214 1146 2251 status
1168 2208 1464 2250 coniecturalis

128 2267 291 2321 existit3
323 2270 396 2308 aut
423 2282 519 2308 cum
545 2268 704 2321 aliquid
725 2269 773 2308 de
794 2269 982 2309 utilitate
1002 2268 1227 2309 honestate
1250 2266 1464 2319 aequitate
1491 2276 1535 2306 91
