1643 2526
353 91 497 126 LIBER
521 91 565 127 ΙΙ.
616 90 715 126 CAP.
745 94 896 125 50—51.
945 94 963 133 ξ
989 93 1186 126 201-207.
1357 90 1440 132 119

96 188 326 243 inprobum
364 186 606 228 defendenti
644 186 953 242 ignoscendum
994 189 1171 240 propter
1209 185 1440 227 necessitu-

97 247 239 288 dinem
260 246 584 299 arbitrarentur,
610 260 776 299 serpere
798 246 962 286 occulte
989 244 1179 299 coepisti,
1204 244 1313 285 nihil
1339 244 1439 285 dum

99 305 194 347 aliis
216 304 550 358 suspicantibus,
575 318 641 344 me
661 318 761 344 vero
782 304 868 344 iam
888 301 1227 358 pertimescente,
1250 305 1300 344 ut
1319 302 1438 344 illam

100 378 186 405 non
205 362 401 404 Norbani
423 362 677 403 seditionem
703 362 777 403 sed
801 362 950 416 populi
969 361 1154 402 Romani
1174 361 1439 403 iracundiam

67 436 236 475 5neque
277 435 371 462 eam
407 421 613 461 iniustam
651 421 725 461 sed
760 420 958 461 meritam
995 435 1043 461 ac
1081 420 1270 460 debitam
1306 419 1438 460 fuisse

100 480 356 521 defenderes.
401 479 564 520 Deinde
591 479 663 532 qui
688 479 806 520 locus
834 494 858 520 a
883 482 925 520 te
951 479 1278 533 praetermissus
1306 481 1371 519 est
1394 478 1441 518 in

101 537 388 593 Caepionem?
424 536 483 578 Ut
509 540 557 578 tu
582 537 656 578 illa
677 538 819 578 omnia
840 537 936 578 odio
962 537 1123 577 invidia
1148 536 1440 578 misericordia

99 596 329 638 miscuisti!
363 596 512 650 Neque
543 595 648 637 haec
681 596 820 637 solum
851 595 897 636 in
929 595 1172 636 defensione
1205 596 1278 636 sed
1310 595 1458 635 etiam'

99 655 145 696 in
171 654 332 696 Scauro
361 654 597 708 ceterisque
623 654 729 695 meis
755 654 953 709 testibus,
984 668 1166 707 quorum
1191 653 1441 694 testimonia

48 730 80 754 ιο
99 728 187 754 11011
223 713 453 754 refellendo
492 713 565 753 sed
603 713 655 753 ad
692 713 871 754 eundem
908 713 1117 766 impetum
1154 712 1303 766 populi
1342 725 1439 753 con-

99 772 301 827 fugiendo
334 771 544 812 refutasti.
607 770 722 819 Quae
755 785 884 825 quom
916 772 992 812 abs
1024 774 1066 811 te
1099 771 1224 811 modo
1259 780 1511 811 comme-204

100 833 392 884 morarentur,
441 829 635 883 equidem
683 829 802 870 nulla
850 832 1077 883 praecepta
1126 828 1441 883 desiderabam3

99 889 238 943 ipsam
285 891 430 929 tamen
483 888 614 928 istam
665 888 1090 939 [demonstrationem
1146 887 1440 928 defensionum

101 950 273 988 tuarum
311 947 386 987 abs
424 949 466 987 te
502 946 596 1000 ipso
636 948 1031 997 commemoratam]
1072 945 1309 986 doctrinam
1348 959 1439 986 esse

49 1021 82 1047 15
101 1020 188 1046 non
225 1005 482 1045 mediocrem
513 1007 630 1058 puto.
692 1003 845 1058 Atqui,
883 1005 918 1045 si
955 1004 1017 1045 ita
1053 1004 1210 1058 placet,
1251 1003 1436 1057 [inquit,]

102 1064 318 1104 trademus
360 1063 490 1103 etiam
527 1077 633 1115 quae
670 1076 749 1103 nos
789 1063 907 1116 sequi
945 1062 991 1102 in
1033 1062 1209 1103 dicendo
1249 1076 1439 1115 quaeque

102 1136 298 1162 maxume
325 1124 517 1175 spectare
546 1120 743 1161 solemus.
793 1120 953 1162 Docuit
974 1120 1086 1161 enim
1105 1120 1191 1161 iam
1211 1134 1289 1161 nos
1310 1120 1441 1175 longa
1486 1159 1494 1163 -

101 1180 190 1221 vita
209 1194 394 1233 ususque
414 1194 556 1220 rerum
575 1194 884 1233 maxumarum,
909 1182 957 1220 ut
978 1179 1132 1232 quibus
1153 1179 1280 1220 rebus
1309 1178 1440 1219 animi

101 1238 324 1279 hominum
350 1240 623 1279 moverentur
653 1240 905 1278 teneremus.
1454 1259 1509 1301 51

49 1313 82 1338 20
218 1296 431 1350 Equidem
473 1296 660 1350 primum
710 1296 977 1336 considerare
1028 1295 1145 1336 soleo
1194 1295 1511 1359 postuletne205

102 1369 240 1396 causa.
302 1354 416 1395 Nam
451 1368 588 1407 neque
624 1354 766 1407 parvis
803 1354 850 1394 in
879 1355 1006 1395 rebus
1046 1354 1308 1394 adhibendae
1341 1356 1441 1394 sunt

101 1413 181 1453 hae
220 1413 385 1453 dicendi
422 1412 536 1453 faces
573 1426 710 1465 neque
746 1412 809 1453 ita
848 1412 1048 1452 animatis
1088 1411 1354 1466 hominibus,
1393 1414 1442 1452 ut

101 1471 210 1512 1111111
248 1471 300 1511 ad
337 1485 485 1511 eorum
525 1473 689 1511 mentes
732 1470 924 1511 oratione
964 1470 1194 1511 flectendas
1234 1470 1440 1523 proficere

101 1529 328 1584 possimus,
358 1543 411 1569 ne
444 1532 518 1569 aut
548 1528 753 1569 inrisione
786 1532 860 1569 aut
887 1528 983 1569 odio
1011 1528 1129 1583 digni
1160 1531 1372 1582 putemur,
1404 1528 1441 1569 si

51 1603 85 1629 25
105 1591 179 1628 aut
210 1587 452 1642 tragoedias
485 1601 662 1642 agamus
694 1587 739 1627 in
762 1587 890 1642 nugis
917 1590 991 1627 aut
1017 1587 1251 1627 convellere
1279 1586 1440 1627 adoria-

103 1660 199 1687 mur
230 1660 291 1699 ea,
323 1660 430 1699 quae
461 1659 548 1686 non
578 1646 748 1699 possint
780 1645 1049 1686 commoveri.
1111 1645 1204 1685 Iam
1238 1644 1511 1698 quoniam-206

103 1704 207 1744 haec
244 1704 331 1744 fere
369 1718 565 1744 maxume
604 1707 704 1744 sunt
739 1704 786 1744 in
821 1703 1009 1745 iudicum
1048 1703 1201 1744 animis
1241 1706 1314 1744 aut
1352 1703 1442 1757 qui-

105 1776 320 1816 quomque
351 1762 415 1802 illi
447 1765 589 1815 erunt,
620 1762 731 1816 apud
764 1777 870 1815 quos
903 1776 1097 1817 agemus,
1130 1761 1321 1802 oratione
1354 1775 1442 1802 mo-

104 1820 256 1873 lienda,
283 1834 402 1861 amor
429 1820 572 1860 odium
597 1820 817 1861 iracundia
841 1820 1002 1861 invidia
1026 1819 1318 1860 misericordia
1344 1834 1440 1873 spes

53 1895 86 1920 30
105 1878 271 1919 laetitia
295 1878 426 1919 timor
450 1878 660 1932 molestia,
693 1879 900 1919 sentimus
928 1893 1116 1919 amorem
1148 1877 1379 1931 conciliari,
1405 1877 1441 1918 si

104 1936 148 1977 id
166 1936 257 1977 iure
276 1936 506 1990 videamur,
526 1937 638 1990 quod
659 1937 715 1977 sit
740 1937 844 1977 utile
864 1936 970 1990 ipsis
992 1937 1103 1990 apud
1124 1950 1230 1989 quos
1252 1950 1442 1990 agamus,

106 1994 346 2049 defendere,
379 1998 451 2035 aut
484 1995 519 2035 si
550 2009 627 2049 pro
654 1995 779 2035 bonis
804 1995 907 2036 viris
935 1997 1009 2035 aut
1035 1997 1147 2036 certe
1173 2008 1250 2048 pro
1277 1994 1343 2048 iis,
1370 1994 1442 2048 qui

105 2052 191 2093 illis
223 2052 327 2093 boni
367 2056 493 2107 atque
531 2053 658 2094 utiles
697 2053 801 2107 sint,
838 2053 1043 2094 laborare.
1104 2052 1299 2106 Namque
1336 2052 1442 2093 haec

106 2125 173 2152 res
218 2125 406 2151 amorem
449 2111 586 2166 magis
636 2111 854 2165 conciliat,
907 2111 981 2151 illa
1028 2111 1201 2152 virtutis
1252 2110 1440 2151 defensio

56 2185 89 2210 35
109 2168 350 2223 caritatem3
387 2169 566 2223 plusque
598 2169 786 2223 proficit,
824 2169 859 2210 si
890 2172 1074 2223 ponetur
1111 2184 1206 2223 spes
1239 2168 1441 2209 utilitatis

108 2226 277 2268 futurae
310 2241 437 2280 quam
468 2227 689 2281 praeteriti
714 2227 910 2269 beneficii
936 2227 1298 2269 commemoratio.
1342 2226 1511 2267 Eni-207

109 2285 343 2340 tendumst,
380 2288 428 2326 ut
460 2286 657 2339 ostendas
688 2286 734 2326 in
765 2301 814 2327 ea
851 2301 913 2341 re,
952 2301 1080 2340 quam
1112 2285 1330 2339 defendas,
1367 2286 1442 2325 aut
