1643 2526
169 105 256 147 268
746 104 936 140 BRUTUS

168 200 353 255 publicis
397 199 526 254 1111111,
566 199 613 241 111
654 200 833 254 privatis
879 200 982 241 satis
1022 202 1238 241 veterator
1276 199 1510 242 videbatur.

170 259 278 300 Erat
308 258 354 298 in
384 258 565 312 privatis
593 258 731 300 causis
760 257 805 306 Q.
825 258 1050 299 Lucretius
1070 257 1254 312 Vispillo
1287 261 1329 299 et
1361 261 1510 300 acutus

171 321 213 358 et
244 316 350 357 iuris
381 316 564 370 peritus3
604 330 704 357 nam
737 315 874 357 Ofella
906 316 1178 357 contionibus
1211 316 1352 371 aptior
1384 331 1511 370 quam

170 375 349 416 iudiciis.
411 374 603 415 Prudens
643 374 772 416 etiam
804 374 849 415 Τ.
876 374 1043 415 Annius
1075 374 1229 416 Velina
1266 377 1309 415 et
1344 374 1391 415 in
1421 374 1511 416 eius

173 432 338 489 generis
377 433 517 474 causis
556 435 701 474 orator
739 447 837 474 sane
870 432 1121 473 tolerabilis.
1182 432 1234 474 In
1265 433 1412 474 eodem
1444 447 1513 487 ge·
1548 450 1564 476 5

170 506 270 532 nere
315 505 539 532 causarum
582 491 766 532 multum
811 494 902 532 erat
940 490 985 531 T.
1015 490 1235 532 luventius
1275 491 1403 531 nimis
1439 491 1511 532 ille

172 549 342 604 quidem
384 549 526 590 lentus
569 549 615 589 in
657 549 833 590 dicendo
873 552 915 590 et
951 564 1084 603 paene
1122 549 1322 604 frigidus,
1365 549 1439 590 sed
1469 552 1512 590 et

173 607 349 649 callidus
376 611 418 648 et
437 607 483 648 in
509 607 713 662 capiendo
740 607 980 648 adversario
1007 610 1202 648 versutus
1226 610 1268 648 et
1292 610 1512 661 praeterea

170 680 248 707 nec
279 666 477 706 indoctus
510 669 552 706 et
583 679 739 720 magna
773 680 869 707 cum
899 665 1005 706 iuris
1038 666 1173 707 civilis
1205 665 1511 720 intellegentia.

102 722 304 765 179Cuius
338 724 506 764 auditor
531 723 577 764 P.
599 723 754 764 Orbius
786 739 905 765 meus
938 724 1026 764 fere
1053 723 1240 778 aequalis
1265 724 1311 764 in
1336 724 1511 765 dicendo
1534 742 1566 767 10

171 796 259 823 non
284 781 410 823 nimis
438 781 707 836 exercitatus,
731 782 777 822 in
802 782 893 823 iure
917 785 1058 823 autem
1087 782 1201 823 civili
1226 796 1314 823 non
1337 782 1513 823 inferior

173 855 300 894 quam
332 840 539 894 magister
576 839 671 880 fuit.
732 838 845 880 Nam
882 839 928 881 T.
953 840 1167 893 Aufidius,
1209 840 1280 893 qui
1317 840 1424 881 vixit
1462 840 1514 881 ad

174 913 385 939 summam
417 900 692 952 senectutem,
723 898 895 939 volebat
921 912 1012 939 esse
1040 898 1192 939 similis
1222 898 1377 941 horum
1409 901 1516 940 erat-

174 971 252 1010 que
286 960 328 997 et
359 957 497 996 bonus
524 956 588 996 vir
614 959 657 996 et
686 956 904 1011 innocens,
936 957 1008 997 sed
1040 957 1209 998 dicebat
1239 971 1407 1011 parum3
1437 971 1515 998 nec

176 1029 276 1056 sane
308 1014 404 1068 plus
436 1013 569 1055 frater
600 1014 689 1055 eius
719 1014 775 1055 M.
795 1013 1026 1070 Vergilius,
1058 1015 1129 1068 qui
1154 1015 1352 1056 tribunus
1377 1014 1514 1069 plebis
1536 1032 1568 1058 15

175 1073 221 1114 L.
250 1072 390 1114 Sullae
422 1072 672 1126 imperatori
704 1072 815 1113 diem
848 1073 965 1113 dixit.
1026 1073 1132 1114 Eius
1160 1073 1332 1129 conlega
1359 1072 1404 1114 P.
1425 1072 1516 1114 Ma-

106 1131 271 1186 180gius
303 1131 349 1171 in
380 1130 556 1171 dicendo
589 1130 716 1184 paulo
750 1134 894 1171 tamen
926 1131 1148 1185 copiosior.
1212 1130 1294 1172 Sed
1327 1131 1516 1172 omnium

176 1192 394 1229 oratorum
427 1188 514 1229 sive
552 1188 817 1242 rabularum,
857 1189 929 1242 qui
961 1192 1004 1229 et
1034 1189 1158 1243 plane
1190 1189 1351 1230 indocti
1383 1193 1426 1230 et
1455 1189 1516 1230 in-

174 1247 326 1288 urbani
371 1250 444 1287 aut
487 1246 636 1288 rustici
678 1247 807 1288 etiam
847 1247 1038 1300 fuerunt,
1083 1261 1188 1300 quos
1227 1247 1397 1300 quidem
1435 1261 1514 1302 ego

176 1305 468 1360 cognoverim,
509 1305 822 1345 solutissimum
857 1305 903 1345 in
935 1305 1111 1346 dicendo
1145 1308 1187 1346 et
1220 1305 1514 1346 acutissimum
1534 1323 1568 1348 ρο

173 1364 314 1404 iudico
346 1363 484 1404 nostri
523 1363 683 1403 ordinis
718 1363 763 1411 Q.
797 1362 1053 1418 Sertorium,
1092 1363 1302 1416 equestris
1335 1362 1379 1404 C.
1413 1362 1516 1404 Gar-

177 1422 362 1476 gonium.
424 1421 526 1462 Fuit
560 1421 689 1462 etiam
720 1421 858 1462 facilis
887 1425 929 1462 et
955 1422 1174 1475 expeditus
1208 1422 1261 1462 ad
1292 1422 1514 1462 djcendum

174 1483 217 1521 et
253 1480 365 1520 vitae
410 1479 632 1533 splendore
677 1480 813 1520 multo
858 1483 900 1520 et
942 1479 1115 1535 ingenio
1161 1494 1260 1521 sane
1300 1480 1514 1534 probabili

174 1537 218 1578 T.
246 1538 394 1578 Iunius
426 1537 472 1578 L.
499 1537 545 1578 F.
578 1537 852 1592 tribunicius,
890 1552 974 1591 quo
1007 1541 1232 1579 accusante
1264 1537 1309 1578 P.
1343 1536 1513 1578 Sextius

172 1599 342 1650 praeter
379 1596 626 1649 designatus
664 1596 889 1637 damnatus
931 1598 996 1637 est
1028 1596 1232 1649 ambitus3
1274 1595 1311 1636 is
1348 1610 1514 1650 proces-
1533 1613 1567 1638 25

175 1654 301 1694 sisset
338 1653 573 1694 honoribus
617 1653 807 1708 longius,
849 1654 933 1694 nisi
977 1668 1143 1707 semper
1180 1653 1349 1694 infirma
1387 1657 1514 1707 atque

176 1712 304 1752 etiam
338 1725 465 1766 aegra
496 1711 736 1752 valetudine
769 1711 932 1752 fuisset.

291 1769 434 1823 Atque
467 1783 546 1824 ego
578 1769 792 1823 praeclare
823 1769 1028 1823 intellego
1060 1784 1127 1810 me
1156 1769 1201 1810 in
1227 1784 1372 1810 eorum
1405 1784 1514 1811 com-

177 1827 483 1868 memoratione
509 1828 668 1868 versaii
689 1827 761 1881 qui
785 1842 862 1868 nec
888 1827 1024 1868 habiti
1051 1827 1136 1868 sint
1163 1831 1353 1868 oratores
1377 1842 1513 1881 neque

173 1885 345 1940 fuerint,
381 1885 688 1940 praeteririque
721 1900 745 1926 a
775 1900 842 1926 me
875 1885 1038 1940 aliquot
1071 1901 1121 1926 ex
1152 1887 1367 1926 veteribus
1400 1900 1510 1927 com·
1532 1904 1569 1929 30

174 1945 481 1984 memoratione
515 1947 588 1985 aut
618 1944 742 1984 laude
769 1944 933 1998 dignos.
985 1942 1067 1984 Sed
1091 1944 1172 1985 hoc
1200 1944 1369 1997 quidem
1393 1944 1512 1998 igno-

173 2002 356 2056 ratione3
401 2002 500 2055 quid
539 2002 652 2043 enim
691 2004 755 2043 est
791 2001 1021 2055 superioris
1055 2002 1207 2043 aetatis
1241 2002 1352 2056 quod
1384 2002 1512 2043 scribi

173 2059 311 2113 possit
344 2060 392 2100 de
425 2060 504 2114 eis,
543 2060 592 2100 de
631 2060 786 2113 quibus
824 2060 941 2100 nulla
973 2063 1250 2101 monumenta
1280 2060 1513 2113 loquuntur

172 2132 249 2159 1160
288 2118 469 2158 aliorum
507 2132 583 2159 nec
623 2118 844 2172 ipsorum?
895 2118 944 2158 de
982 2118 1048 2159 1113
1088 2122 1249 2172 autem,
1287 2132 1392 2172 quos
1429 2117 1512 2171 ipsi

172 2175 375 2229 vidimus,
411 2176 623 2216 neminem
661 2176 747 2217 fere
784 2176 1166 2230 praetermittimus
1208 2178 1373 2228 [eorum
1405 2190 1510 2229 quos
1532 2193 1566 2218 35

103 2234 400 2288 182aliquando
434 2234 613 2275 dicentis
645 2234 859 2285 vidimus}
909 2234 1020 2275 Volo
1054 2235 1166 2275 enim
1199 2234 1297 2276 sciri
1321 2233 1367 2274 in
1392 2236 1513 2274 tanta

171 2295 214 2334 et
236 2296 324 2333 tam
352 2295 494 2333 vetere
520 2307 565 2333 re
591 2292 762 2346 publica
788 2292 998 2334 maxumis
1024 2292 1225 2348 praemiis
1245 2291 1512 2345 eloquentiae

103 1748 158 1788 49

107 1816 168 1846 181
