<?xml version="1.0" encoding="UTF-8"?>
<!DOCTYPE html PUBLIC "-//W3C//DTD XHTML 1.0 Transitional//EN"
    "http://www.w3.org/TR/xhtml1/DTD/xhtml1-transitional.dtd">
<html xmlns="http://www.w3.org/1999/xhtml" xml:lang="en" lang="en">
 <head>
  <title>
</title>
<meta http-equiv="Content-Type" content="text/html;charset=utf-8" />
  <meta name='ocr-system' content='tesseract 3.04.00' />
  <meta name='ocr-capabilities' content='ocr_page ocr_carea ocr_par ocr_line ocrx_word'/>
</head>
<body>
  <div class='ocr_page' id='page_1' title='image "./p2scriptaquaemanse01ciceuoft_0226.png"; bbox 0 0 1643 2526; ppageno 0'>
   <div class='ocr_carea' id='block_1_1' title="bbox 173 109 997 152">
    <p class='ocr_par' dir='ltr' id='par_1_1' title="bbox 173 109 997 152">
     <span class='ocr_line' id='line_1_1' title="bbox 173 109 997 152; baseline -0.011 0"><span class='ocrx_word' id='word_1_1' title='bbox 173 112 257 152; x_wconf 79' lang='grc'>124</span> <span class='ocrx_word' id='word_1_2' title='bbox 682 109 745 144; x_wconf 89' lang='lat' dir='ltr'>DE</span> <span class='ocrx_word' id='word_1_3' title='bbox 772 109 997 145; x_wconf 77' lang='lat' dir='ltr'>ORATORE</span> 
     </span>
    </p>
   </div>
   <div class='ocr_carea' id='block_1_2' title="bbox 99 205 1563 2357">
    <p class='ocr_par' dir='ltr' id='par_1_2' title="bbox 99 205 1563 2357">
     <span class='ocr_line' id='line_1_2' title="bbox 169 205 1506 261; baseline 0.001 -14"><span class='ocrx_word' id='word_1_4' title='bbox 169 206 444 248; x_wconf 86' lang='lat' dir='ltr'>tumeliarum</span> <span class='ocrx_word' id='word_1_5' title='bbox 485 205 672 259; x_wconf 89' lang='lat' dir='ltr'>inerant,</span> <span class='ocrx_word' id='word_1_6' title='bbox 714 219 886 246; x_wconf 86' lang='lat' dir='ltr'>causam</span> <span class='ocrx_word' id='word_1_7' title='bbox 927 205 1048 246; x_wconf 91' lang='lat' dir='ltr'>illam</span> <span class='ocrx_word' id='word_1_8' title='bbox 1088 205 1506 261; x_wconf 73' lang='lat' dir='ltr'>disputationemque</span> 
     </span>
     <span class='ocr_line' id='line_1_3' title="bbox 168 263 1508 319; baseline 0 -13"><span class='ocrx_word' id='word_1_9' title='bbox 168 265 285 319; x_wconf 85' lang='lat' dir='ltr'>lusit,</span> <span class='ocrx_word' id='word_1_10' title='bbox 317 264 377 305; x_wconf 92' lang='lat' dir='ltr'>sic</span> <span class='ocrx_word' id='word_1_11' title='bbox 408 264 454 305; x_wconf 90' lang='lat' dir='ltr'>in</span> <span class='ocrx_word' id='word_1_12' title='bbox 484 263 634 317; x_wconf 87' lang='lat' dir='ltr'>Bruto,</span> <span class='ocrx_word' id='word_1_13' title='bbox 665 278 791 317; x_wconf 90' lang='lat' dir='ltr'>quem</span> <span class='ocrx_word' id='word_1_14' title='bbox 818 264 964 305; x_wconf 86' lang='lat' dir='ltr'>oderat</span> <span class='ocrx_word' id='word_1_15' title='bbox 990 266 1032 304; x_wconf 90' lang='lat' dir='ltr'>et</span> <span class='ocrx_word' id='word_1_16' title='bbox 1058 278 1183 318; x_wconf 83' lang='lat' dir='ltr'>quem</span> <span class='ocrx_word' id='word_1_17' title='bbox 1208 263 1385 319; x_wconf 81' lang='lat' dir='ltr'>dignum</span> <span class='ocrx_word' id='word_1_18' title='bbox 1411 279 1508 306; x_wconf 90' lang='lat' dir='ltr'>con-</span> 
     </span>
     <span class='ocr_line' id='line_1_4' title="bbox 99 322 1506 377; baseline 0 -12"><span class='ocrx_word' id='word_1_19' title='bbox 99 323 347 366; x_wconf 82' lang='lat' dir='ltr'>223tumelia</span> <span class='ocrx_word' id='word_1_20' title='bbox 384 322 621 377; x_wconf 86' lang='lat' dir='ltr'>iudicabat,</span> <span class='ocrx_word' id='word_1_21' title='bbox 660 325 843 375; x_wconf 89' lang='lat' dir='ltr'>utroque</span> <span class='ocrx_word' id='word_1_22' title='bbox 886 336 1038 377; x_wconf 80' lang='lat' dir='ltr'>genere</span> <span class='ocrx_word' id='word_1_23' title='bbox 1078 323 1299 377; x_wconf 81' lang='lat' dir='ltr'>pugnavit.</span> <span class='ocrx_word' id='word_1_24' title='bbox 1370 322 1506 372; x_wconf 83' lang='lat' dir='ltr'>Quam</span> 
     </span>
     <span class='ocr_line' id='line_1_5' title="bbox 170 380 1507 436; baseline 0.001 -14"><span class='ocrx_word' id='word_1_25' title='bbox 170 381 307 422; x_wconf 88' lang='lat' dir='ltr'>multa</span> <span class='ocrx_word' id='word_1_26' title='bbox 343 381 393 422; x_wconf 90' lang='lat' dir='ltr'>de</span> <span class='ocrx_word' id='word_1_27' title='bbox 424 381 608 435; x_wconf 79' lang='lat' dir='ltr'>balneis,</span> <span class='ocrx_word' id='word_1_28' title='bbox 643 395 748 434; x_wconf 84' lang='lat' dir='ltr'>quas</span> <span class='ocrx_word' id='word_1_29' title='bbox 788 395 923 434; x_wconf 81' lang='lat' dir='ltr'>nuper</span> <span class='ocrx_word' id='word_1_30' title='bbox 960 380 1034 421; x_wconf 90' lang='lat' dir='ltr'>ille</span> <span class='ocrx_word' id='word_1_31' title='bbox 1075 381 1339 436; x_wconf 85' lang='lat' dir='ltr'>vendiderat,</span> <span class='ocrx_word' id='word_1_32' title='bbox 1379 396 1507 436; x_wconf 89' lang='lat' dir='ltr'>quam</span> 
     </span>
     <span class='ocr_line' id='line_1_6' title="bbox 170 438 1541 495; baseline 0.002 -15"><span class='ocrx_word' id='word_1_33' title='bbox 170 440 306 481; x_wconf 88' lang='lat' dir='ltr'>multa</span> <span class='ocrx_word' id='word_1_34' title='bbox 337 440 387 480; x_wconf 93' lang='lat' dir='ltr'>de</span> <span class='ocrx_word' id='word_1_35' title='bbox 419 439 577 480; x_wconf 88' lang='lat' dir='ltr'>amisso</span> <span class='ocrx_word' id='word_1_36' title='bbox 608 438 869 492; x_wconf 85' lang='lat' dir='ltr'>patrimonio</span> <span class='ocrx_word' id='word_1_37' title='bbox 903 438 1027 479; x_wconf 80' lang='lat' dir='ltr'>dixit!</span> <span class='ocrx_word' id='word_1_38' title='bbox 1073 441 1200 492; x_wconf 88' lang='lat' dir='ltr'>atque</span> <span class='ocrx_word' id='word_1_39' title='bbox 1236 439 1312 480; x_wconf 90' lang='lat' dir='ltr'>illa</span> <span class='ocrx_word' id='word_1_40' title='bbox 1347 440 1541 495; x_wconf 84' lang='lat' dir='ltr'>brevia,5</span> 
     </span>
     <span class='ocr_line' id='line_1_7' title="bbox 171 497 1507 552; baseline 0.001 -14"><span class='ocrx_word' id='word_1_41' title='bbox 171 512 301 552; x_wconf 87' lang='lat' dir='ltr'>quom</span> <span class='ocrx_word' id='word_1_42' title='bbox 348 497 421 538; x_wconf 91' lang='lat' dir='ltr'>ille</span> <span class='ocrx_word' id='word_1_43' title='bbox 472 498 630 539; x_wconf 88' lang='lat' dir='ltr'>diceret</span> <span class='ocrx_word' id='word_1_44' title='bbox 673 511 716 538; x_wconf 91' lang='lat' dir='ltr'>se</span> <span class='ocrx_word' id='word_1_45' title='bbox 768 497 856 538; x_wconf 91' lang='lat' dir='ltr'>sine</span> <span class='ocrx_word' id='word_1_46' title='bbox 907 511 1034 538; x_wconf 84' lang='lat' dir='ltr'>causa</span> <span class='ocrx_word' id='word_1_47' title='bbox 1083 498 1251 538; x_wconf 89' lang='lat' dir='ltr'>sudare:</span> <span class='ocrx_word' id='word_1_48' title='bbox 1300 497 1507 539; x_wconf 87' lang='lat' dir='ltr'>Minime</span> 
     </span>
     <span class='ocr_line' id='line_1_8' title="bbox 171 555 1509 612; baseline 0 -14"><span class='ocrx_word' id='word_1_49' title='bbox 171 556 319 610; x_wconf 86' lang='lat' dir='ltr'>enim,</span> <span class='ocrx_word' id='word_1_50' title='bbox 338 556 481 597; x_wconf 89' lang='lat' dir='ltr'>modo</span> <span class='ocrx_word' id='word_1_51' title='bbox 503 555 656 597; x_wconf 84' lang='lat' dir='ltr'>existi</span> <span class='ocrx_word' id='word_1_52' title='bbox 677 556 731 596; x_wconf 87' lang='lat' dir='ltr'>de</span> <span class='ocrx_word' id='word_1_53' title='bbox 752 555 1311 609; x_wconf 81' lang='lat' dir='ltr'>balneis,innumerabilia</span> <span class='ocrx_word' id='word_1_54' title='bbox 1323 556 1509 612; x_wconf 86' lang='lat' dir='ltr'>fuerunt,</span> 
     </span>
     <span class='ocr_line' id='line_1_9' title="bbox 172 613 1507 668; baseline 0 -12"><span class='ocrx_word' id='word_1_55' title='bbox 172 615 244 656; x_wconf 87' lang='lat' dir='ltr'>sed</span> <span class='ocrx_word' id='word_1_56' title='bbox 263 628 351 655; x_wconf 89' lang='lat' dir='ltr'>non</span> <span class='ocrx_word' id='word_1_57' title='bbox 369 614 510 655; x_wconf 89' lang='lat' dir='ltr'>minus</span> <span class='ocrx_word' id='word_1_58' title='bbox 530 614 714 655; x_wconf 88' lang='lat' dir='ltr'>iucunda</span> <span class='ocrx_word' id='word_1_59' title='bbox 732 614 807 654; x_wconf 90' lang='lat' dir='ltr'>illa</span> <span class='ocrx_word' id='word_1_60' title='bbox 821 617 1035 668; x_wconf 86' lang='lat' dir='ltr'>perpetua.</span> <span class='ocrx_word' id='word_1_61' title='bbox 1069 613 1207 662; x_wconf 82' lang='lat' dir='ltr'>Quom</span> <span class='ocrx_word' id='word_1_62' title='bbox 1221 614 1334 655; x_wconf 90' lang='lat' dir='ltr'>enim</span> <span class='ocrx_word' id='word_1_63' title='bbox 1347 614 1507 656; x_wconf 87' lang='lat' dir='ltr'>Brutus</span> 
     </span>
     <span class='ocr_line' id='line_1_10' title="bbox 171 672 1508 715; baseline 0 -1"><span class='ocrx_word' id='word_1_64' title='bbox 171 673 253 714; x_wconf 89' lang='lat' dir='ltr'>duo</span> <span class='ocrx_word' id='word_1_65' title='bbox 284 673 465 714; x_wconf 88' lang='lat' dir='ltr'>lectores</span> <span class='ocrx_word' id='word_1_66' title='bbox 498 672 725 713; x_wconf 71' lang='lat' dir='ltr'>excitasset</span> <span class='ocrx_word' id='word_1_67' title='bbox 752 675 793 713; x_wconf 88' lang='lat' dir='ltr'>et</span> <span class='ocrx_word' id='word_1_68' title='bbox 820 672 943 713; x_wconf 88' lang='lat' dir='ltr'>alteri</span> <span class='ocrx_word' id='word_1_69' title='bbox 969 672 1018 713; x_wconf 90' lang='lat' dir='ltr'>de</span> <span class='ocrx_word' id='word_1_70' title='bbox 1044 672 1211 714; x_wconf 88' lang='lat' dir='ltr'>colonia</span> <span class='ocrx_word' id='word_1_71' title='bbox 1235 672 1508 715; x_wconf 80' lang='lat' dir='ltr'>Narbonensi</span> 
     </span>
     <span class='ocr_line' id='line_1_11' title="bbox 172 729 1561 787; baseline 0.001 -15"><span class='ocrx_word' id='word_1_72' title='bbox 172 729 315 772; x_wconf 81' lang='lat' dir='ltr'>Crassi</span> <span class='ocrx_word' id='word_1_73' title='bbox 358 731 597 772; x_wconf 85' lang='lat' dir='ltr'>orationem</span> <span class='ocrx_word' id='word_1_74' title='bbox 639 730 863 785; x_wconf 82' lang='lat' dir='ltr'>legendam</span> <span class='ocrx_word' id='word_1_75' title='bbox 905 730 1107 785; x_wconf 74' lang='lat' dir='ltr'>dedisset,</span> <span class='ocrx_word' id='word_1_76' title='bbox 1155 731 1279 772; x_wconf 84' lang='lat' dir='ltr'>alteri</span> <span class='ocrx_word' id='word_1_77' title='bbox 1320 731 1369 772; x_wconf 90' lang='lat' dir='ltr'>de</span> <span class='ocrx_word' id='word_1_78' title='bbox 1413 732 1507 787; x_wconf 83' lang='lat' dir='ltr'>lege</span> <span class='ocrx_word' id='word_1_79' title='bbox 1529 751 1561 776; x_wconf 82' lang='grc' dir='ltr'>ιο</span> 
     </span>
     <span class='ocr_line' id='line_1_12' title="bbox 173 788 1508 844; baseline 0.001 -14"><span class='ocrx_word' id='word_1_80' title='bbox 173 788 370 843; x_wconf 80' lang='lat' dir='ltr'>Servilia,</span> <span class='ocrx_word' id='word_1_81' title='bbox 410 792 452 830; x_wconf 91' lang='lat' dir='ltr'>et</span> <span class='ocrx_word' id='word_1_82' title='bbox 491 803 587 829; x_wconf 91' lang='lat' dir='ltr'>cum</span> <span class='ocrx_word' id='word_1_83' title='bbox 626 788 840 830; x_wconf 83' lang='lat' dir='ltr'>contraria</span> <span class='ocrx_word' id='word_1_84' title='bbox 875 788 988 829; x_wconf 89' lang='lat' dir='ltr'>inter</span> <span class='ocrx_word' id='word_1_85' title='bbox 1029 803 1119 830; x_wconf 90' lang='lat' dir='ltr'>sese</span> <span class='ocrx_word' id='word_1_86' title='bbox 1160 790 1210 830; x_wconf 91' lang='lat' dir='ltr'>de</span> <span class='ocrx_word' id='word_1_87' title='bbox 1250 803 1295 830; x_wconf 90' lang='lat' dir='ltr'>re</span> <span class='ocrx_word' id='word_1_88' title='bbox 1335 790 1508 844; x_wconf 89' lang='lat' dir='ltr'>publica</span> 
     </span>
     <span class='ocr_line' id='line_1_13' title="bbox 172 846 1507 902; baseline 0.001 -14"><span class='ocrx_word' id='word_1_89' title='bbox 172 848 313 902; x_wconf 82' lang='lat' dir='ltr'>capita</span> <span class='ocrx_word' id='word_1_90' title='bbox 350 847 621 900; x_wconf 84' lang='lat' dir='ltr'>contulisset,</span> <span class='ocrx_word' id='word_1_91' title='bbox 657 850 804 887; x_wconf 87' lang='lat' dir='ltr'>noster</span> <span class='ocrx_word' id='word_1_92' title='bbox 843 846 913 888; x_wconf 86' lang='lat' dir='ltr'>hic</span> <span class='ocrx_word' id='word_1_93' title='bbox 952 847 1213 888; x_wconf 80' lang='lat' dir='ltr'>facetissime</span> <span class='ocrx_word' id='word_1_94' title='bbox 1254 847 1332 889; x_wconf 90' lang='lat' dir='ltr'>tris</span> <span class='ocrx_word' id='word_1_95' title='bbox 1371 848 1507 902; x_wconf 85' lang='lat' dir='ltr'>patris</span> 
     </span>
     <span class='ocr_line' id='line_1_14' title="bbox 171 904 1507 960; baseline 0.001 -14"><span class='ocrx_word' id='word_1_96' title='bbox 171 905 296 946; x_wconf 82' lang='lat' dir='ltr'>Bruti</span> <span class='ocrx_word' id='word_1_97' title='bbox 345 906 395 946; x_wconf 90' lang='lat' dir='ltr'>de</span> <span class='ocrx_word' id='word_1_98' title='bbox 437 905 529 946; x_wconf 87' lang='lat' dir='ltr'>iure</span> <span class='ocrx_word' id='word_1_99' title='bbox 579 905 694 946; x_wconf 85' lang='lat' dir='ltr'>civili</span> <span class='ocrx_word' id='word_1_100' title='bbox 736 904 904 946; x_wconf 85' lang='lat' dir='ltr'>libellos</span> <span class='ocrx_word' id='word_1_101' title='bbox 949 905 1086 946; x_wconf 90' lang='lat' dir='ltr'>tribus</span> <span class='ocrx_word' id='word_1_102' title='bbox 1136 905 1337 960; x_wconf 80' lang='lat' dir='ltr'>legendos</span> <span class='ocrx_word' id='word_1_103' title='bbox 1381 906 1507 948; x_wconf 88' lang='lat' dir='ltr'>dedit.</span> 
     </span>
     <span class='ocr_line' id='line_1_15' title="bbox 102 963 1508 1017; baseline 0.001 -12"><span class='ocrx_word' id='word_1_104' title='bbox 102 964 239 1005; x_wconf 75' lang='lat' dir='ltr'>224Ex</span> <span class='ocrx_word' id='word_1_105' title='bbox 276 964 387 1004; x_wconf 80' lang='lat' dir='ltr'>libro</span> <span class='ocrx_word' id='word_1_106' title='bbox 424 963 583 1017; x_wconf 83' lang='lat' dir='ltr'>primo:</span> <span class='ocrx_word' id='word_1_107' title='bbox 622 975 774 1005; x_wconf 86' lang='lat' dir='ltr'>FORTE</span> <span class='ocrx_word' id='word_1_108' title='bbox 814 975 1008 1017; x_wconf 82' lang='lat' dir='ltr'>EVENIT,</span> <span class='ocrx_word' id='word_1_109' title='bbox 1044 976 1103 1005; x_wconf 88' lang='lat' dir='ltr'>UT</span> <span class='ocrx_word' id='word_1_110' title='bbox 1142 976 1189 1005; x_wconf 83' lang='lat' dir='ltr'>IN</span> <span class='ocrx_word' id='word_1_111' title='bbox 1226 976 1508 1006; x_wconf 81' lang='lat' dir='ltr'>PRIVERNATI</span> 
     </span>
     <span class='ocr_line' id='line_1_16' title="bbox 172 1022 1562 1077; baseline 0.002 -14"><span class='ocrx_word' id='word_1_112' title='bbox 172 1034 375 1064; x_wconf 72' lang='lat' dir='ltr'>Essfflms</span> <span class='ocrx_word' id='word_1_113' title='bbox 415 1034 507 1063; x_wconf 72' lang='lat' dir='ltr'>Eoo</span> <span class='ocrx_word' id='word_1_114' title='bbox 548 1034 606 1062; x_wconf 88' lang='lat' dir='ltr'>ET</span> <span class='ocrx_word' id='word_1_115' title='bbox 647 1034 692 1062; x_wconf 84' lang='lat' dir='ltr'>M.</span> <span class='ocrx_word' id='word_1_116' title='bbox 734 1033 896 1063; x_wconf 83' lang='lat' dir='ltr'><strong>FILIUS.</strong></span> <span class='ocrx_word' id='word_1_117' title='bbox 968 1022 1143 1077; x_wconf 83' lang='lat' dir='ltr'>Brute,</span> <span class='ocrx_word' id='word_1_118' title='bbox 1185 1022 1509 1064; x_wconf 80' lang='lat' dir='ltr'>testificatur</span> <span class='ocrx_word' id='word_1_119' title='bbox 1529 1041 1562 1067; x_wconf 87' lang='lat'>15</span> 
     </span>
     <span class='ocr_line' id='line_1_17' title="bbox 173 1079 1508 1135; baseline 0.001 -14"><span class='ocrx_word' id='word_1_120' title='bbox 173 1084 319 1135; x_wconf 88' lang='lat' dir='ltr'>pater</span> <span class='ocrx_word' id='word_1_121' title='bbox 358 1095 406 1121; x_wconf 88' lang='lat' dir='ltr'>se</span> <span class='ocrx_word' id='word_1_122' title='bbox 444 1079 543 1121; x_wconf 91' lang='lat' dir='ltr'>tibi</span> <span class='ocrx_word' id='word_1_123' title='bbox 579 1079 932 1121; x_wconf 86' lang='lat' dir='ltr'>Privernatem</span> <span class='ocrx_word' id='word_1_124' title='bbox 972 1080 1179 1121; x_wconf 83' lang='lat' dir='ltr'>fundum</span> <span class='ocrx_word' id='word_1_125' title='bbox 1220 1081 1508 1135; x_wconf 81' lang='lat' dir='ltr'>reliquisse.</span> 
     </span>
     <span class='ocr_line' id='line_1_18' title="bbox 173 1139 1507 1181; baseline 0.001 -2"><span class='ocrx_word' id='word_1_126' title='bbox 173 1139 336 1180; x_wconf 82' lang='lat' dir='ltr'>Deinde</span> <span class='ocrx_word' id='word_1_127' title='bbox 368 1153 419 1179; x_wconf 81' lang='lat' dir='ltr'>ex</span> <span class='ocrx_word' id='word_1_128' title='bbox 449 1139 560 1179; x_wconf 82' lang='lat' dir='ltr'>libro</span> <span class='ocrx_word' id='word_1_129' title='bbox 593 1139 794 1179; x_wconf 79' lang='lat' dir='ltr'>secundo:</span> <span class='ocrx_word' id='word_1_130' title='bbox 833 1151 881 1178; x_wconf 83' lang='lat' dir='ltr'>IN</span> <span class='ocrx_word' id='word_1_131' title='bbox 907 1150 1091 1180; x_wconf 73' lang='lat' dir='ltr'>ALEANo</span> <span class='ocrx_word' id='word_1_132' title='bbox 1118 1151 1302 1180; x_wconf 81' lang='lat' dir='ltr'>ERAMUS</span> <span class='ocrx_word' id='word_1_133' title='bbox 1328 1151 1421 1181; x_wconf 82' lang='lat' dir='ltr'>EGo</span> <span class='ocrx_word' id='word_1_134' title='bbox 1448 1152 1507 1181; x_wconf 92' lang='lat' dir='ltr'>ET</span> 
     </span>
     <span class='ocr_line' id='line_1_19' title="bbox 173 1195 1508 1252; baseline 0.001 -14"><span class='ocrx_word' id='word_1_135' title='bbox 173 1209 217 1238; x_wconf 86' lang='lat' dir='ltr'>M.</span> <span class='ocrx_word' id='word_1_136' title='bbox 249 1208 408 1238; x_wconf 81' lang='lat' dir='ltr'>FILIUS.</span> <span class='ocrx_word' id='word_1_137' title='bbox 472 1195 684 1250; x_wconf 80' lang='lat' dir='ltr'>Sapiens</span> <span class='ocrx_word' id='word_1_138' title='bbox 716 1196 962 1238; x_wconf 87' lang='lat' dir='ltr'>videlicet</span> <span class='ocrx_word' id='word_1_139' title='bbox 998 1197 1145 1238; x_wconf 86' lang='lat' dir='ltr'>homo</span> <span class='ocrx_word' id='word_1_140' title='bbox 1184 1212 1292 1238; x_wconf 88' lang='grc'><strong>611111</strong></span> <span class='ocrx_word' id='word_1_141' title='bbox 1328 1198 1508 1252; x_wconf 87' lang='lat' dir='ltr'>primis</span> 
     </span>
     <span class='ocr_line' id='line_1_20' title="bbox 173 1255 1509 1311; baseline 0.001 -15"><span class='ocrx_word' id='word_1_142' title='bbox 173 1258 381 1296; x_wconf 82' lang='lat' dir='ltr'>nostrae</span> <span class='ocrx_word' id='word_1_143' title='bbox 431 1255 665 1296; x_wconf 83' lang='lat' dir='ltr'>civitatis</span> <span class='ocrx_word' id='word_1_144' title='bbox 714 1258 863 1296; x_wconf 86' lang='lat' dir='ltr'>norat</span> <span class='ocrx_word' id='word_1_145' title='bbox 910 1255 1039 1296; x_wconf 86' lang='lat' dir='ltr'>hunc</span> <span class='ocrx_word' id='word_1_146' title='bbox 1090 1256 1366 1311; x_wconf 78' lang='lat' dir='ltr'>gurgitem3</span> <span class='ocrx_word' id='word_1_147' title='bbox 1414 1271 1509 1298; x_wconf 89' lang='grc'><strong>1116-</strong></span> 
     </span>
     <span class='ocr_line' id='line_1_21' title="bbox 174 1313 1563 1368; baseline 0.003 -14"><span class='ocrx_word' id='word_1_148' title='bbox 174 1314 353 1355; x_wconf 85' lang='lat' dir='ltr'>tuebat</span> <span class='ocrx_word' id='word_1_149' title='bbox 383 1328 460 1368; x_wconf 93' lang='lat' dir='ltr'>ne,</span> <span class='ocrx_word' id='word_1_150' title='bbox 492 1327 638 1366; x_wconf 91' lang='lat' dir='ltr'>quom</span> <span class='ocrx_word' id='word_1_151' title='bbox 669 1313 712 1354; x_wconf 92' lang='lat' dir='ltr'>is</span> <span class='ocrx_word' id='word_1_152' title='bbox 744 1313 875 1354; x_wconf 87' lang='lat' dir='ltr'>nihil</span> <span class='ocrx_word' id='word_1_153' title='bbox 906 1314 1136 1368; x_wconf 86' lang='lat' dir='ltr'>haberet,</span> <span class='ocrx_word' id='word_1_154' title='bbox 1161 1314 1293 1354; x_wconf 89' lang='lat' dir='ltr'>nihil</span> <span class='ocrx_word' id='word_1_155' title='bbox 1324 1329 1432 1356; x_wconf 90' lang='lat' dir='ltr'>esse</span> <span class='ocrx_word' id='word_1_156' title='bbox 1465 1315 1509 1356; x_wconf 87' lang='lat' dir='ltr'>ei</span> <span class='ocrx_word' id='word_1_157' title='bbox 1529 1333 1563 1359; x_wconf 81' lang='lat'>20</span> 
     </span>
     <span class='ocr_line' id='line_1_22' title="bbox 174 1371 1509 1427; baseline 0.001 -15"><span class='ocrx_word' id='word_1_158' title='bbox 174 1372 410 1413; x_wconf 85' lang='lat' dir='ltr'>relictum</span> <span class='ocrx_word' id='word_1_159' title='bbox 440 1375 722 1425; x_wconf 84' lang='lat' dir='ltr'>putaretur.</span> <span class='ocrx_word' id='word_1_160' title='bbox 784 1371 893 1413; x_wconf 84' lang='lat' dir='ltr'>Tum</span> <span class='ocrx_word' id='word_1_161' title='bbox 927 1386 977 1412; x_wconf 82' lang='lat' dir='ltr'>ex</span> <span class='ocrx_word' id='word_1_162' title='bbox 1013 1372 1124 1413; x_wconf 88' lang='lat' dir='ltr'>libro</span> <span class='ocrx_word' id='word_1_163' title='bbox 1157 1373 1306 1427; x_wconf 89' lang='lat' dir='ltr'>tertio,</span> <span class='ocrx_word' id='word_1_164' title='bbox 1341 1373 1387 1413; x_wconf 88' lang='lat' dir='ltr'>in</span> <span class='ocrx_word' id='word_1_165' title='bbox 1425 1387 1509 1427; x_wconf 91' lang='lat' dir='ltr'>quo</span> 
     </span>
     <span class='ocr_line' id='line_1_23' title="bbox 173 1429 1510 1484; baseline 0.001 -13"><span class='ocrx_word' id='word_1_166' title='bbox 173 1431 302 1471; x_wconf 87' lang='lat' dir='ltr'>finem</span> <span class='ocrx_word' id='word_1_167' title='bbox 328 1430 540 1471; x_wconf 89' lang='lat' dir='ltr'>scribendi</span> <span class='ocrx_word' id='word_1_168' title='bbox 565 1429 668 1471; x_wconf 86' lang='lat' dir='ltr'>fecit</span> <span class='ocrx_word' id='word_1_169' title='bbox 697 1455 746 1459; x_wconf 90' lang='lat'><strong>—</strong></span> <span class='ocrx_word' id='word_1_170' title='bbox 775 1433 842 1471; x_wconf 92' lang='lat' dir='ltr'>tot</span> <span class='ocrx_word' id='word_1_171' title='bbox 868 1430 993 1484; x_wconf 89' lang='lat' dir='ltr'>enim,</span> <span class='ocrx_word' id='word_1_172' title='bbox 1019 1433 1066 1471; x_wconf 89' lang='lat' dir='ltr'>ut</span> <span class='ocrx_word' id='word_1_173' title='bbox 1093 1430 1234 1471; x_wconf 81' lang='lat' dir='ltr'>audivi</span> <span class='ocrx_word' id='word_1_174' title='bbox 1262 1429 1510 1473; x_wconf 80' lang='lat' dir='ltr'>Scaevolam</span> 
     </span>
     <span class='ocr_line' id='line_1_24' title="bbox 175 1488 1509 1542; baseline 0.001 -14"><span class='ocrx_word' id='word_1_175' title='bbox 175 1488 331 1542; x_wconf 81' lang='lat' dir='ltr'>dicere,</span> <span class='ocrx_word' id='word_1_176' title='bbox 371 1491 471 1529; x_wconf 90' lang='lat' dir='ltr'>sunt</span> <span class='ocrx_word' id='word_1_177' title='bbox 510 1488 598 1529; x_wconf 79' lang='lat' dir='ltr'>veri</span> <span class='ocrx_word' id='word_1_178' title='bbox 639 1488 763 1529; x_wconf 87' lang='lat' dir='ltr'>Bruti</span> <span class='ocrx_word' id='word_1_179' title='bbox 803 1488 904 1529; x_wconf 86' lang='lat' dir='ltr'>libri</span> <span class='ocrx_word' id='word_1_180' title='bbox 942 1513 1017 1542; x_wconf 93' lang='lat'>——-,</span> <span class='ocrx_word' id='word_1_181' title='bbox 1055 1501 1102 1529; x_wconf 85' lang='lat' dir='ltr'>IN</span> <span class='ocrx_word' id='word_1_182' title='bbox 1140 1501 1323 1530; x_wconf 82' lang='lat' dir='ltr'>TIBURTI</span> <span class='ocrx_word' id='word_1_183' title='bbox 1361 1501 1509 1531; x_wconf 80' lang='lat' dir='ltr'>FORTE</span> 
     </span>
     <span class='ocr_line' id='line_1_25' title="bbox 174 1546 1509 1601; baseline 0 -13"><span class='ocrx_word' id='word_1_184' title='bbox 174 1558 426 1588; x_wconf 77' lang='lat' dir='ltr'>ASSEDIMUS</span> <span class='ocrx_word' id='word_1_185' title='bbox 458 1558 548 1588; x_wconf 82' lang='lat' dir='ltr'>EGo</span> <span class='ocrx_word' id='word_1_186' title='bbox 581 1558 636 1586; x_wconf 87' lang='lat' dir='ltr'>ET</span> <span class='ocrx_word' id='word_1_187' title='bbox 667 1558 712 1587; x_wconf 80' lang='lat' dir='ltr'>M.</span> <span class='ocrx_word' id='word_1_188' title='bbox 743 1558 903 1588; x_wconf 73' lang='lat' dir='ltr'>Emms.</span> <span class='ocrx_word' id='word_1_189' title='bbox 970 1546 1069 1587; x_wconf 88' lang='lat' dir='ltr'>Ubi</span> <span class='ocrx_word' id='word_1_190' title='bbox 1107 1550 1225 1588; x_wconf 79' lang='lat' dir='ltr'>sunt</span> <span class='ocrx_word' id='word_1_191' title='bbox 1262 1547 1312 1587; x_wconf 88' lang='lat' dir='ltr'>hi</span> <span class='ocrx_word' id='word_1_192' title='bbox 1348 1547 1509 1601; x_wconf 87' lang='lat' dir='ltr'>fundi,</span> 
     </span>
     <span class='ocr_line' id='line_1_26' title="bbox 175 1604 1561 1658; baseline 0.002 -13"><span class='ocrx_word' id='word_1_193' title='bbox 175 1605 349 1658; x_wconf 84' lang='lat' dir='ltr'>Brute,</span> <span class='ocrx_word' id='word_1_194' title='bbox 386 1619 510 1658; x_wconf 90' lang='lat' dir='ltr'>quos</span> <span class='ocrx_word' id='word_1_195' title='bbox 549 1604 648 1645; x_wconf 88' lang='lat' dir='ltr'>tibi</span> <span class='ocrx_word' id='word_1_196' title='bbox 684 1608 830 1658; x_wconf 84' lang='lat' dir='ltr'>pater</span> <span class='ocrx_word' id='word_1_197' title='bbox 866 1604 1090 1658; x_wconf 84' lang='lat' dir='ltr'>publicis</span> <span class='ocrx_word' id='word_1_198' title='bbox 1124 1606 1508 1647; x_wconf 88' lang='lat' dir='ltr'>commentariis</span> <span class='ocrx_word' id='word_1_199' title='bbox 1528 1623 1561 1649; x_wconf 81' lang='lat'>25</span> 
     </span>
     <span class='ocr_line' id='line_1_27' title="bbox 175 1662 1510 1719; baseline 0.001 -16"><span class='ocrx_word' id='word_1_200' title='bbox 175 1663 509 1717; x_wconf 82' lang='lat' dir='ltr'>consignatos</span> <span class='ocrx_word' id='word_1_201' title='bbox 542 1662 788 1715; x_wconf 80' lang='lat' dir='ltr'>reliquit?</span> <span class='ocrx_word' id='word_1_202' title='bbox 850 1662 989 1710; x_wconf 83' lang='lat' dir='ltr'>Quod</span> <span class='ocrx_word' id='word_1_203' title='bbox 1026 1662 1127 1703; x_wconf 89' lang='lat' dir='ltr'>nisi</span> <span class='ocrx_word' id='word_1_204' title='bbox 1164 1663 1404 1716; x_wconf 86' lang='lat' dir='ltr'>puberem</span> <span class='ocrx_word' id='word_1_205' title='bbox 1441 1668 1510 1719; x_wconf 90' lang='lat' dir='ltr'>te,</span> 
     </span>
     <span class='ocr_line' id='line_1_28' title="bbox 174 1720 1510 1775; baseline 0.002 -15"><span class='ocrx_word' id='word_1_206' title='bbox 174 1720 364 1775; x_wconf 84' lang='lat' dir='ltr'>inquit,</span> <span class='ocrx_word' id='word_1_207' title='bbox 410 1720 509 1760; x_wconf 89' lang='lat' dir='ltr'>iam</span> <span class='ocrx_word' id='word_1_208' title='bbox 562 1720 799 1774; x_wconf 84' lang='lat' dir='ltr'>haberet,</span> <span class='ocrx_word' id='word_1_209' title='bbox 848 1723 1082 1774; x_wconf 83' lang='lat' dir='ltr'>quartum</span> <span class='ocrx_word' id='word_1_210' title='bbox 1140 1721 1326 1762; x_wconf 90' lang='lat' dir='ltr'>librum</span> <span class='ocrx_word' id='word_1_211' title='bbox 1381 1736 1510 1764; x_wconf 91' lang='lat' dir='ltr'>com-</span> 
     </span>
     <span class='ocr_line' id='line_1_29' title="bbox 173 1778 1509 1833; baseline 0.002 -14"><span class='ocrx_word' id='word_1_212' title='bbox 173 1778 437 1833; x_wconf 87' lang='lat' dir='ltr'>posuisset</span> <span class='ocrx_word' id='word_1_213' title='bbox 480 1782 528 1819; x_wconf 89' lang='lat' dir='ltr'>et</span> <span class='ocrx_word' id='word_1_214' title='bbox 572 1793 621 1819; x_wconf 94' lang='lat' dir='ltr'>se</span> <span class='ocrx_word' id='word_1_215' title='bbox 666 1778 819 1819; x_wconf 88' lang='lat' dir='ltr'>etiam</span> <span class='ocrx_word' id='word_1_216' title='bbox 861 1779 913 1819; x_wconf 90' lang='grc'>111</span> <span class='ocrx_word' id='word_1_217' title='bbox 956 1779 1153 1820; x_wconf 79' lang='lat' dir='ltr'>balneis</span> <span class='ocrx_word' id='word_1_218' title='bbox 1196 1779 1358 1821; x_wconf 91' lang='lat' dir='ltr'>lotum</span> <span class='ocrx_word' id='word_1_219' title='bbox 1401 1795 1509 1822; x_wconf 88' lang='grc'><strong>611111</strong></span> 
     </span>
     <span class='ocr_line' id='line_1_30' title="bbox 104 1836 1509 1892; baseline 0.001 -14"><span class='ocrx_word' id='word_1_220' title='bbox 104 1837 292 1878; x_wconf 62' lang='grc'><strong>22511110</strong></span> <span class='ocrx_word' id='word_1_221' title='bbox 335 1836 582 1890; x_wconf 86' lang='lat' dir='ltr'>scriptum</span> <span class='ocrx_word' id='word_1_222' title='bbox 622 1836 932 1891; x_wconf 86' lang='lat' dir='ltr'>reliquisset.</span> <span class='ocrx_word' id='word_1_223' title='bbox 1001 1836 1104 1885; x_wconf 83' lang='lat' dir='ltr'>Quis</span> <span class='ocrx_word' id='word_1_224' title='bbox 1146 1840 1211 1878; x_wconf 92' lang='lat' dir='ltr'>est</span> <span class='ocrx_word' id='word_1_225' title='bbox 1246 1838 1398 1892; x_wconf 81' lang='lat' dir='ltr'>igitur,</span> <span class='ocrx_word' id='word_1_226' title='bbox 1438 1839 1509 1892; x_wconf 89' lang='lat' dir='ltr'>qui</span> 
     </span>
     <span class='ocr_line' id='line_1_31' title="bbox 172 1895 1563 1950; baseline 0.002 -14"><span class='ocrx_word' id='word_1_227' title='bbox 172 1910 261 1937; x_wconf 91' lang='lat' dir='ltr'>non</span> <span class='ocrx_word' id='word_1_228' title='bbox 291 1895 478 1936; x_wconf 79' lang='lat' dir='ltr'>fateatur</span> <span class='ocrx_word' id='word_1_229' title='bbox 508 1895 589 1936; x_wconf 85' lang='lat' dir='ltr'>hoo</span> <span class='ocrx_word' id='word_1_230' title='bbox 620 1895 763 1949; x_wconf 89' lang='lat' dir='ltr'>lepore</span> <span class='ocrx_word' id='word_1_231' title='bbox 796 1898 922 1950; x_wconf 84' lang='lat' dir='ltr'>atque</span> <span class='ocrx_word' id='word_1_232' title='bbox 954 1895 1020 1936; x_wconf 90' lang='lat' dir='ltr'>his</span> <span class='ocrx_word' id='word_1_233' title='bbox 1052 1895 1219 1936; x_wconf 83' lang='lat' dir='ltr'>facetiis</span> <span class='ocrx_word' id='word_1_234' title='bbox 1250 1911 1338 1936; x_wconf 90' lang='lat' dir='ltr'>non</span> <span class='ocrx_word' id='word_1_235' title='bbox 1368 1897 1508 1938; x_wconf 89' lang='lat' dir='ltr'>minus</span> <span class='ocrx_word' id='word_1_236' title='bbox 1528 1914 1563 1940; x_wconf 90' lang='lat'>30</span> 
     </span>
     <span class='ocr_line' id='line_1_32' title="bbox 173 1953 1508 2009; baseline 0.001 -15"><span class='ocrx_word' id='word_1_237' title='bbox 173 1953 408 1994; x_wconf 82' lang='lat' dir='ltr'>refutatum</span> <span class='ocrx_word' id='word_1_238' title='bbox 453 1968 544 1994; x_wconf 88' lang='lat' dir='ltr'>esse</span> <span class='ocrx_word' id='word_1_239' title='bbox 588 1953 771 1994; x_wconf 83' lang='lat' dir='ltr'>Brutum</span> <span class='ocrx_word' id='word_1_240' title='bbox 816 1967 942 2007; x_wconf 85' lang='lat' dir='ltr'>quam</span> <span class='ocrx_word' id='word_1_241' title='bbox 979 1953 1064 1994; x_wconf 90' lang='lat' dir='ltr'>illis</span> <span class='ocrx_word' id='word_1_242' title='bbox 1108 1954 1361 2009; x_wconf 80' lang='lat' dir='ltr'>tragoediis,</span> <span class='ocrx_word' id='word_1_243' title='bbox 1404 1969 1508 2009; x_wconf 86' lang='lat' dir='ltr'>quas</span> 
     </span>
     <span class='ocr_line' id='line_1_33' title="bbox 174 2011 1508 2066; baseline 0.001 -13"><span class='ocrx_word' id='word_1_244' title='bbox 174 2012 264 2066; x_wconf 83' lang='lat' dir='ltr'>egit</span> <span class='ocrx_word' id='word_1_245' title='bbox 295 2012 443 2066; x_wconf 88' lang='lat' dir='ltr'>eidem,</span> <span class='ocrx_word' id='word_1_246' title='bbox 475 2026 605 2065; x_wconf 87' lang='lat' dir='ltr'>quom</span> <span class='ocrx_word' id='word_1_247' title='bbox 637 2026 737 2053; x_wconf 84' lang='lat' dir='ltr'>casu</span> <span class='ocrx_word' id='word_1_248' title='bbox 761 2011 807 2052; x_wconf 84' lang='grc'>111</span> <span class='ocrx_word' id='word_1_249' title='bbox 832 2012 977 2053; x_wconf 85' lang='lat' dir='ltr'>eadem</span> <span class='ocrx_word' id='word_1_250' title='bbox 1004 2027 1131 2053; x_wconf 81' lang='lat' dir='ltr'>causa</span> <span class='ocrx_word' id='word_1_251' title='bbox 1157 2013 1378 2054; x_wconf 86' lang='lat' dir='ltr'>efferretur</span> <span class='ocrx_word' id='word_1_252' title='bbox 1403 2028 1508 2055; x_wconf 84' lang='lat' dir='ltr'>anus</span> 
     </span>
     <span class='ocr_line' id='line_1_34' title="bbox 173 2069 1507 2125; baseline 0.002 -15"><span class='ocrx_word' id='word_1_253' title='bbox 173 2070 306 2110; x_wconf 85' lang='lat' dir='ltr'>lunia.</span> <span class='ocrx_word' id='word_1_254' title='bbox 367 2069 451 2110; x_wconf 90' lang='lat' dir='ltr'>Pro</span> <span class='ocrx_word' id='word_1_255' title='bbox 484 2070 526 2110; x_wconf 84' lang='lat' dir='ltr'>di</span> <span class='ocrx_word' id='word_1_256' title='bbox 556 2070 834 2125; x_wconf 86' lang='lat' dir='ltr'>immortales,</span> <span class='ocrx_word' id='word_1_257' title='bbox 865 2084 971 2123; x_wconf 82' lang='lat' dir='ltr'>quae</span> <span class='ocrx_word' id='word_1_258' title='bbox 1003 2070 1086 2111; x_wconf 84' lang='lat' dir='ltr'>suit</span> <span class='ocrx_word' id='word_1_259' title='bbox 1116 2070 1209 2125; x_wconf 85' lang='lat' dir='ltr'>illa,</span> <span class='ocrx_word' id='word_1_260' title='bbox 1241 2074 1401 2125; x_wconf 86' lang='lat' dir='ltr'>quanta</span> <span class='ocrx_word' id='word_1_261' title='bbox 1425 2072 1507 2113; x_wconf 85' lang='lat' dir='ltr'>vis!</span> 
     </span>
     <span class='ocr_line' id='line_1_35' title="bbox 174 2127 1507 2182; baseline 0.002 -14"><span class='ocrx_word' id='word_1_262' title='bbox 174 2143 302 2182; x_wconf 84' lang='lat' dir='ltr'>quam</span> <span class='ocrx_word' id='word_1_263' title='bbox 343 2127 632 2181; x_wconf 82' lang='lat' dir='ltr'>inexpectata!</span> <span class='ocrx_word' id='word_1_264' title='bbox 679 2143 807 2182; x_wconf 88' lang='lat' dir='ltr'>quam</span> <span class='ocrx_word' id='word_1_265' title='bbox 849 2128 1087 2182; x_wconf 83' lang='lat' dir='ltr'>repentina!</span> <span class='ocrx_word' id='word_1_266' title='bbox 1132 2143 1261 2182; x_wconf 89' lang='lat' dir='ltr'>quom</span> <span class='ocrx_word' id='word_1_267' title='bbox 1304 2130 1507 2171; x_wconf 86' lang='lat' dir='ltr'>coniectis</span> 
     </span>
     <span class='ocr_line' id='line_1_36' title="bbox 174 2186 1562 2242; baseline 0.001 -15"><span class='ocrx_word' id='word_1_268' title='bbox 174 2186 327 2240; x_wconf 89' lang='lat' dir='ltr'>oculis,</span> <span class='ocrx_word' id='word_1_269' title='bbox 364 2189 489 2240; x_wconf 82' lang='lat' dir='ltr'>gestu</span> <span class='ocrx_word' id='word_1_270' title='bbox 522 2186 637 2227; x_wconf 91' lang='lat' dir='ltr'>omni</span> <span class='ocrx_word' id='word_1_271' title='bbox 669 2190 712 2227; x_wconf 89' lang='lat' dir='ltr'>et</span> <span class='ocrx_word' id='word_1_272' title='bbox 742 2186 985 2240; x_wconf 86' lang='lat' dir='ltr'>inminenti,</span> <span class='ocrx_word' id='word_1_273' title='bbox 1022 2201 1189 2228; x_wconf 84' lang='lat' dir='ltr'>summa,</span> <span class='ocrx_word' id='word_1_274' title='bbox 1226 2187 1435 2242; x_wconf 85' lang='lat' dir='ltr'>gravitate</span> <span class='ocrx_word' id='word_1_275' title='bbox 1467 2190 1510 2228; x_wconf 90' lang='lat' dir='ltr'>et</span> <span class='ocrx_word' id='word_1_276' title='bbox 1528 2203 1562 2230; x_wconf 86' lang='lat'>35</span> 
     </span>
     <span class='ocr_line' id='line_1_37' title="bbox 174 2244 1510 2299; baseline 0 -13"><span class='ocrx_word' id='word_1_277' title='bbox 174 2244 391 2286; x_wconf 87' lang='lat' dir='ltr'>celeritate</span> <span class='ocrx_word' id='word_1_278' title='bbox 410 2245 654 2285; x_wconf 88' lang='lat' dir='ltr'>verborum:</span> <span class='ocrx_word' id='word_1_279' title='bbox 680 2244 855 2299; x_wconf 86' lang='lat' dir='ltr'>Brute,</span> <span class='ocrx_word' id='word_1_280' title='bbox 880 2244 999 2298; x_wconf 86' lang='lat' dir='ltr'>quid</span> <span class='ocrx_word' id='word_1_281' title='bbox 1026 2245 1197 2286; x_wconf 76' lang='lat' dir='ltr'>sedes?</span> <span class='ocrx_word' id='word_1_282' title='bbox 1224 2246 1343 2299; x_wconf 89' lang='lat' dir='ltr'>quid</span> <span class='ocrx_word' id='word_1_283' title='bbox 1366 2246 1510 2287; x_wconf 86' lang='lat' dir='ltr'>illam</span> 
     </span>
     <span class='ocr_line' id='line_1_38' title="bbox 173 2302 1510 2357; baseline 0.001 -13"><span class='ocrx_word' id='word_1_284' title='bbox 173 2318 320 2344; x_wconf 85' lang='lat' dir='ltr'>anum</span> <span class='ocrx_word' id='word_1_285' title='bbox 362 2302 500 2357; x_wconf 84' lang='lat' dir='ltr'>patri</span> <span class='ocrx_word' id='word_1_286' title='bbox 542 2303 782 2344; x_wconf 89' lang='lat' dir='ltr'>nuntiare</span> <span class='ocrx_word' id='word_1_287' title='bbox 826 2302 902 2344; x_wconf 88' lang='lat' dir='ltr'>vis</span> <span class='ocrx_word' id='word_1_288' title='bbox 944 2303 1060 2344; x_wconf 80' lang='lat' dir='ltr'>tuo?</span> <span class='ocrx_word' id='word_1_289' title='bbox 1105 2304 1223 2357; x_wconf 89' lang='lat' dir='ltr'>quid</span> <span class='ocrx_word' id='word_1_290' title='bbox 1265 2303 1374 2345; x_wconf 87' lang='lat' dir='ltr'>illis</span> <span class='ocrx_word' id='word_1_291' title='bbox 1413 2317 1510 2345; x_wconf 93' lang='lat' dir='ltr'>om-</span> 
     </span>
    </p>
   </div>
  </div>
 </body>
</html>
