1643 2526
376 118 518 152 LIBER
544 118 605 153 111.
656 118 756 154 CAP.
785 122 910 153 9—10.
950 122 969 160 ξ
995 121 1144 153 31—37.
1350 117 1430 158 171

93 216 267 267 torquet
292 216 509 254 verentem
534 228 600 268 ne,
632 214 668 255 si
698 213 825 268 paulo
860 213 1094 254 obsoletior
1125 213 1256 254 fuerit
1282 213 1433 266 oratio,

93 286 181 313 non
201 272 330 327 digna
349 272 643 326 expectatione
665 275 707 313 et
728 272 898 313 silentio
918 272 1050 313 fuisse
1070 272 1274 312 videatur.
1309 271 1432 320 Quod
1459 282 1503 312 34

95 331 131 372 si
163 330 207 371 in
237 330 376 385 nobis,
408 331 480 384 qui
514 345 721 384 assumus,
752 333 898 371 tantae
930 330 1312 384 dissimilitudines,
1344 333 1433 370 tam

95 392 235 430 certae
272 403 339 429 res
378 389 580 442 cuiusque
617 389 814 443 propriae
852 393 894 430 et
930 389 976 429 in
1013 403 1061 429 ea
1098 389 1304 430 varietate
1345 388 1433 429 fere

57 464 76 489 5
96 447 246 488 melius
274 462 298 488 a
323 447 532 488 deteriore
561 448 764 489 facultate
790 447 927 502 magis
955 462 1082 502 quam
1109 461 1261 502 genere
1287 447 1434 487 distin-

96 505 242 560 guitur
274 508 401 559 atque
434 520 557 546 omne
589 506 797 560 laudatur,
829 506 942 559 quod
972 506 1018 546 in
1049 520 1126 546 suo
1160 520 1312 560 genere
1343 519 1434 559 per-

94 564 255 605 fectum
287 568 369 618 est,
404 564 506 618 quid
537 564 737 618 censetis,
774 564 810 605 si
842 578 1008 618 omnes,
1040 564 1112 617 qui
1143 564 1301 617 ubique
1335 566 1434 604 sunt

96 626 170 663 aut
194 622 368 663 fuerunt
396 625 598 677 oratores,
631 622 830 676 amplecti
855 622 1144 663 voluerimus?
1176 637 1316 663 nonne
1342 622 1433 662 fore

94 683 159 734 ut,
201 684 305 735 quot
342 684 550 735 oratores,
590 681 770 722 totidem
806 696 938 735 paene
975 681 1242 735 reperiantur
1279 695 1435 735 genera

43 757 76 781 ιο
96 739 291 780 dicendi?
340 739 407 779 Ex
440 754 522 793 qua
559 754 653 780 mea
691 739 980 794 disputatione
1017 739 1201 780 forsitan
1239 742 1434 780 occurrat

93 797 211 851 illud,
237 797 272 838 si
298 812 431 851 paene
455 798 787 839 innumerabiles
815 798 901 838 sint
921 798 1042 851 quasi
1067 798 1230 838 formae
1255 798 1434 852 figurae-

95 870 176 909 que
196 855 361 896 dicendi
382 856 519 910 specie
541 856 730 910 dispares
751 871 903 911 genere
929 856 1177 909 laudabiles,
1202 870 1289 896 non
1307 870 1433 909 posse

95 929 162 968 ea,
200 928 306 968 quae
337 914 450 954 inter
481 929 524 955 se
557 915 816 969 discrepant,
852 914 1004 955 iisdem
1034 914 1272 968 praeceptis
1306 916 1433 967 atque

96 987 180 1013 una
216 972 488 1013 institutione
524 972 712 1013 formari.
774 972 895 1021 Quod
926 987 1013 1013 non
1044 976 1110 1013 est
1141 973 1220 1027 ita3
1258 972 1434 1027 diligen-
1460 983 1503 1013 35

43 1048 76 1071 15
96 1031 344 1084 tissimeque
383 1031 463 1072 hoc
503 1034 568 1071 est
607 1031 684 1084 eis,
725 1031 796 1084 qui
834 1031 1068 1071 instituunt
1107 1031 1271 1084 aliquos
1305 1034 1434 1084 atque

96 1089 305 1143 erudiunt,
335 1089 576 1143 videndum,
607 1103 690 1143 quo
720 1104 797 1130 sua
824 1104 1032 1143 quemque
1064 1092 1219 1129 natura
1250 1089 1433 1129 maxime

93 1147 203 1188 ferre
234 1147 438 1188 videatur.
494 1147 552 1188 Et
578 1148 690 1188 enim
716 1148 907 1188 videmus
934 1162 984 1188 ex
1011 1147 1159 1188 eodem
1186 1147 1307 1201 quasi
1332 1147 1432 1187 ludo
1486 1159 1493 1162 ·

96 1220 360 1247 summorum
384 1206 430 1246 in
457 1220 532 1246 suo
561 1206 764 1259 cuiusque
797 1220 949 1261 genere
983 1205 1195 1246 artificum
1228 1209 1271 1246 et
1302 1205 1435 1260 magi-

96 1267 283 1305 strorum
315 1264 450 1305 exisse
483 1264 714 1318 discipulos
743 1264 962 1305 dissimilis
994 1264 1108 1304 inter
1139 1279 1183 1304 se
1210 1278 1258 1305 ac
1290 1267 1434 1304 tamen

43 1339 77 1363 20
94 1323 340 1373 laudandos,
373 1337 469 1363 cum
495 1323 547 1363 ad
567 1323 770 1376 cuiusque
789 1325 989 1363 naturam
1006 1322 1224 1363 institutio
1246 1322 1433 1363 doctoris

94 1381 498 1422 accommodaretur.
561 1379 690 1421 Cuius
724 1383 788 1421 est
817 1381 883 1421 vel
914 1380 1097 1421 maxime
1128 1380 1296 1434 insigne
1327 1380 1434 1420 illud
1461 1391 1503 1421 36

94 1439 353 1493 exemplum,
393 1441 441 1479 ut
473 1442 634 1480 ceteras
668 1442 780 1479 artes
814 1438 1083 1491 omittamus,
1121 1439 1234 1491 quod
1266 1438 1433 1479 dicebat

94 1497 306 1538 Isocrates
348 1497 496 1538 doctor
537 1497 767 1552 singularis
806 1511 849 1538 se
888 1497 1122 1538 calcaribus
1162 1496 1208 1536 in
1244 1496 1433 1550 Ephoro,

95 1559 245 1597 contra
272 1559 414 1596 autem
438 1555 484 1595 in
504 1555 781 1609 Theopompo
807 1555 939 1595 frenis
964 1555 1028 1595 uti
1050 1554 1195 1595 solere.
1236 1554 1434 1595 Alterum

41 1629 76 1654 25
96 1614 209 1655 enim
228 1614 491 1655 exultantem
509 1614 737 1654 verborum
764 1613 939 1654 audacia
964 1613 1225 1667 reprimebat
1252 1613 1433 1653 alterum

95 1675 366 1714 cunctantem
398 1676 440 1713 et
476 1672 597 1725 quasi
628 1672 983 1713 verecundantem
1013 1671 1234 1712 incitabat.
1284 1671 1432 1724 Neque

95 1745 168 1772 eos
202 1730 352 1771 similis
385 1730 524 1771 effecit
554 1730 666 1771 inter
699 1745 761 1784 se,
799 1730 871 1771 sed
908 1733 1077 1771 tantum
1109 1729 1233 1770 alteri
1266 1729 1433 1770 affinxit

96 1789 145 1830 de
178 1789 312 1829 altero
344 1788 523 1842 limavit,
554 1792 602 1829 ut
632 1788 677 1829 id
708 1788 994 1830 conformaret
1024 1788 1069 1828 in
1094 1791 1288 1841 utroque,
1321 1787 1433 1842 quod

94 1847 318 1900 utriusque
342 1850 496 1887 natura
520 1850 750 1900 pateretur.
799 1846 916 1888 Haec
940 1861 989 1887 eo
1017 1846 1122 1887 mihi
1148 1846 1433 1900 praedicunda

43 1921 77 1946 30
95 1905 286 1959 fuerunt,
328 1907 394 1959 ut,
435 1905 470 1946 si
501 1919 589 1945 non
620 1906 762 1946 omnia
794 1920 900 1958 quae
938 1907 1278 1958 proponerentur
1311 1919 1335 1944 a
1365 1918 1432 1944 me

95 1964 149 2005 ad
193 1962 382 2004 omnium
419 1966 608 2004 vestrum
647 1963 836 2004 studium
880 1966 922 2003 et
964 1963 1015 2003 ad
1056 1976 1189 2017 genus
1232 1962 1276 2002 id
1321 1962 1434 2016 quod

95 2022 273 2076 quisque
310 2024 499 2062 vestrum
535 2021 581 2061 in
619 2022 794 2063 dicendo
832 2021 1035 2075 probaret
1073 2020 1434 2067 adhaerescerent,

93 2080 138 2121 id
170 2095 193 2120 a
224 2094 291 2120 me
324 2093 456 2134 genus
489 2079 668 2133 exprimi
701 2079 929 2133 sentiretis,
968 2079 1081 2132 quod
1112 2079 1294 2119 maxime
1327 2078 1433 2119 mihi

93 2138 178 2193 ipsi
207 2138 471 2192 probaretur.

42 2213 76 2237 35
212 2196 327 2250 Ergo
365 2195 468 2236 haec
507 2198 550 2236 et
587 2196 749 2250 agenda
781 2199 880 2236 sunt
913 2196 964 2236 ab
1000 2198 1186 2249 oratore,
1228 2209 1334 2248 quae
1367 2208 1433 2234 ex-

93 2254 269 2308 plicavit
299 2253 527 2307 Antonius,
558 2257 600 2294 et
633 2254 806 2295 dicenda
839 2254 1023 2307 quodam
1054 2254 1193 2294 modo.
1250 2252 1433 2300 Quinam

94 2313 228 2366 igitur
265 2311 430 2353 dicendi
468 2314 532 2352 est
570 2312 719 2352 modus
757 2312 908 2352 melior
942 2336 993 2341 —
1026 2326 1126 2352 nam
1171 2311 1220 2351 de
1266 2309 1432 2350 actione
