1643 2526
149 109 236 150 422
509 108 831 144 PARTITIONES
859 109 1134 145 ORATORIAE

152 204 224 258 qui
263 219 340 245 sua
378 206 529 258 sponte
568 207 610 246 et
653 205 873 246 voluntate
910 205 1129 259 fecissent,
1170 205 1222 246 ad
1258 205 1350 247 eius
1386 205 1490 247 facti

152 262 495 317 deprecationem
526 262 775 318 ignoscendi
807 264 991 318 petenda
1021 263 1145 305 venia
1177 266 1254 318 est,
1286 278 1393 317 quae
1425 278 1492 305 su-

151 325 291 362 metur
329 336 379 361 ex
415 321 629 375 plerisque
670 322 775 363 locis
815 322 1056 376 aequitatis.
1118 322 1376 376 Expositum
1414 325 1492 378 est,

151 383 200 420 ut
231 379 354 433 potui
385 379 649 434 brevissime,
680 380 730 421 de
763 380 879 421 omni
911 380 1300 421 controversiarum
1326 395 1491 436 genere,

152 438 235 479 nisi
266 440 486 492 praeterea
520 441 568 478 tu
601 438 702 492 quid
733 439 925 492 requiris.

270 495 313 537 C.
346 496 457 537 lllud
488 496 701 551 equidem,
739 497 851 551 quod
882 497 968 537 iam
1000 512 1133 538 unum
1164 500 1324 538 restare
1356 497 1492 552 video,

154 554 277 608 quale
299 554 367 609 sit,
393 569 489 596 cum
510 555 763 609 disceptatio
784 559 978 596 versatur
997 555 1043 595 in
1063 555 1245 610 scriptis.
1285 555 1332 597 P.
1358 555 1491 597 Recte

151 613 386 667 intellegis,
430 613 515 654 isto
555 613 667 654 enim
707 614 901 668 exposito
939 628 1093 654 munus
1131 613 1332 668 promissi
1367 628 1491 655 omne

154 671 385 712 confecero.
456 670 566 712 Sunt
608 671 743 726 igitur
793 672 985 727 ambigui
1028 672 1194 713 duobus
1239 672 1491 714 adversariis

151 733 380 784 praecepta
412 730 664 771 commimia.
728 729 915 784 Uterque
948 730 1061 771 enim
1092 745 1185 771 eam
1218 730 1493 785 significatio-

152 803 268 842 nem,
312 803 395 841 qua
430 788 594 829 nitetur
629 788 740 843 ipse,
783 788 956 844 dignam
1001 789 1222 843 scriptoris
1266 790 1493 844 prudentia

152 861 244 887 esse
272 846 484 900 defendet,
516 849 695 900 uterque
720 847 776 901 id,
802 848 914 900 quod
935 847 1201 888 adversarius
1222 862 1272 888 ex
1293 848 1492 903 ambigue

153 905 312 959 scripto
355 905 689 960 intellegendum
731 920 821 946 esse
863 905 992 960 dicet,
1036 909 1110 947 aut
1148 906 1380 947 absurdum
1418 909 1492 948 aut

151 964 303 1004 inutile
337 967 410 1004 aut
441 964 636 1017 iniquum
669 967 742 1005 aut
774 967 896 1018 turpe
923 979 1014 1005 esse
1041 964 1236 1006 defendet
1262 968 1336 1006 aut
1362 965 1492 1007 etiam

153 1021 392 1076 discrepare
418 1036 547 1076 quom
573 1038 598 1063 a
623 1023 774 1064 ceteris
808 1023 979 1077 scriptis
1008 1023 1075 1064 vel
1108 1023 1289 1064 aliorum
1314 1024 1380 1065 vel
1407 1039 1493 1066 ma-

152 1080 283 1135 xime,
327 1081 362 1121 si
399 1081 607 1135 potuerit,
652 1081 856 1136 eiusdem,
902 1096 1112 1135 quamque
1154 1082 1350 1123 defendet
1388 1083 1493 1138 ipse,

153 1153 246 1179 eam
277 1153 366 1180 rem
399 1142 441 1180 et
474 1140 729 1180 sententiam
763 1141 953 1194 quemvis
984 1142 1236 1194 prudentem
1263 1143 1305 1181 et
1329 1141 1492 1182 iustum

151 1196 382 1252 hominem,
414 1197 449 1238 si
481 1198 697 1253 integrum
730 1198 912 1251 daretur,
951 1199 1210 1253 scripturum
1242 1199 1387 1254 fuisse,
1419 1200 1492 1240 sed

84 1256 340 1309 133planius;
384 1270 560 1310 eamque
606 1257 880 1311 sententiam,
924 1272 1051 1311 quam
1093 1257 1326 1312 significari
1366 1272 1491 1312 posse

152 1314 275 1369 dicet,
305 1314 413 1354 nihil
445 1315 602 1356 habere
635 1318 709 1356 aut
741 1316 951 1370 captionis
984 1319 1058 1356 aut
1089 1316 1202 1371 vitii,
1233 1316 1492 1358 contrariam

153 1376 297 1413 autem
318 1373 354 1413 si
374 1373 610 1427 probarint,
636 1373 726 1414 fore
753 1374 816 1414 uti
842 1374 978 1415 multa
1004 1374 1161 1415 vitiosa
1187 1375 1321 1415 stulta
1345 1374 1492 1429 iniqua

153 1432 368 1472 contraria
412 1435 738 1485 consequantur.
810 1432 916 1474 Cum
961 1436 1104 1473 autem
1149 1433 1264 1474 aliud
1309 1433 1491 1475 sensisse

152 1490 335 1544 scriptor
361 1490 528 1531 videtur
555 1493 597 1531 et
624 1490 738 1531 aliud
765 1491 999 1545 scripsisse,
1031 1491 1103 1545 qui
1130 1491 1290 1546 scripto
1316 1491 1492 1547 nitetur,

82 474 136 514 38

84 542 149 572 132

152 1563 249 1589 eum
286 1563 331 1589 re
370 1549 564 1603 exposita
596 1549 846 1590 recitatione
879 1550 943 1590 uti
977 1550 1210 1604 oportebit,
1250 1550 1399 1591 deinde
1430 1550 1491 1591 in-
1553 1548 1556 1550 ’

152 1610 265 1647 stare
292 1607 546 1661 adversario,
576 1607 731 1648 iterare
763 1622 966 1649 renovare
997 1608 1263 1663 interrogare
1287 1623 1391 1649 num
1417 1612 1491 1649 aut
1530 1625 1542 1647 ·.

83 1665 360 1718 134scriptum
403 1669 531 1720 neget
580 1668 654 1706 aut
699 1669 847 1707 contra
889 1666 1051 1707 factum
1094 1666 1313 1707 infitietur.
1385 1666 1491 1708 Post

150 1723 334 1764 iudicem
366 1724 418 1764 ad
443 1723 529 1764 vim
562 1724 711 1777 scripti
737 1727 870 1765 vocet.
920 1724 1012 1765 Hac
1039 1725 1361 1766 confirmatione
1387 1740 1490 1766 usus

152 1781 384 1835 amplificet
426 1796 516 1822 rem
559 1781 653 1835 lege
696 1782 907 1823 laudanda
950 1783 1253 1836 audaciamque
1298 1783 1491 1825 confutet

151 1839 260 1893 eius,
304 1839 376 1893 qui
420 1854 517 1881 cum
559 1840 701 1894 palam
745 1843 894 1881 contra
933 1840 1082 1882 fecerit
1124 1841 1250 1896 idque
1290 1841 1490 1897 fateatur,

150 1898 263 1939 adsit
294 1901 438 1939 tamen
469 1898 714 1952 factumque
747 1899 954 1939 defendat.
1016 1899 1179 1940 Deinde
1210 1900 1398 1941 infirmet
1424 1901 1490 1941 de-

150 1956 400 2010 fensionem,
426 1971 522 1997 cum
546 1957 811 1998 adversarius
833 1957 947 1998 aliud
966 1958 1151 1999 voluisse
1173 1958 1287 1999 aliud
1307 1958 1489 1999 sensisse

151 2014 421 2069 scriptorem,
463 2015 577 2055 aliud
609 2015 829 2069 scripsisse
862 2016 992 2070 dicat,
1028 2031 1115 2057 non
1147 2031 1238 2057 esse
1271 2016 1490 2058 ferendum

152 2088 175 2113 a
208 2087 423 2126 quoquam
454 2073 598 2127 potius
630 2073 779 2114 latoris
819 2088 990 2115 sensum
1022 2089 1150 2128 quam
1181 2090 1206 2115 a
1235 2075 1329 2130 lege
1361 2075 1490 2129 expli-

149 2131 249 2171 cari.
301 2132 386 2172 Cur
410 2130 473 2171 ita
499 2132 729 2186 scripserit,
762 2131 797 2172 si
822 2132 884 2172 ita
909 2147 995 2173 non
1021 2132 1231 2174 senserit?
1264 2132 1361 2188 Cur,
1392 2148 1488 2175 cum

151 2205 200 2230 ea
232 2203 338 2243 quae
369 2189 494 2243 plane
532 2190 692 2243 scripta
724 2190 810 2230 sint
841 2190 1094 2245 neglexerit,
1133 2206 1240 2245 quae
1275 2205 1488 2245 nusquam

151 2247 311 2301 scripta
342 2248 428 2288 sint
453 2248 671 2302 proferat?
705 2246 790 2288 Cur
813 2249 1169 2302 prudentissimos
1194 2249 1240 2290 in
1265 2249 1488 2291 scribendo

150 2306 267 2347 viros
300 2321 489 2347 summae
523 2306 733 2348 stultitiae
766 2310 888 2361 putet
920 2322 1011 2348 esse
1043 2308 1334 2349 damnandos?
1377 2307 1488 2356 Quid

1512 748 1545 771 10

1512 1042 1544 1067 15

1512 1334 1545 1358 2)

1508 1917 1543 1942 30

1507 2207 1540 2233 35
