1643 2526
175 122 196 161 1
205 121 259 162 70
683 119 746 153 DE
774 118 998 154 ORATORE

173 216 322 258 attulit
354 215 561 257 orationis
600 218 643 256 et
680 214 846 255 dicendi
884 228 1017 269 genus
1054 213 1222 255 induxit
1257 228 1389 268 prope
1428 214 1511 255 sin-

175 275 350 330 gulare?
401 274 504 322 Quis
525 288 713 327 unquam
739 287 806 313 res
832 276 1001 327 praeter
1025 272 1139 313 hunc
1164 272 1350 327 tragicas
1375 285 1509 327 paene

174 333 346 387 comice,
365 333 511 373 tristes
531 332 720 385 remisse,
741 346 907 372 severas
927 331 1074 384 hilare,
1099 330 1289 371 forenses
1317 331 1509 372 scaenica

172 406 304 446 prope
343 393 566 432 venustate
607 389 810 431 tractavit
848 393 975 443 atque
1012 389 1092 443 ita,
1128 392 1177 429 ut
1213 403 1351 442 neque
1388 389 1509 430 iocus

173 449 468 505 magnitudine
500 463 642 489 rerum
673 448 965 489 excluderetur
1000 462 1078 488 nec
1116 447 1304 501 gravitas
1342 447 1509 489 facetiis
1528 465 1544 490 5

101 520 146 550 31
173 507 465 549 minueretur?
508 507 619 548 Ecce
645 509 889 560 praesentes
916 506 998 546 duo
1023 520 1155 560 prope
1189 505 1385 559 aequales
1419 504 1510 546 Sul-

174 566 311 621 picius
350 569 392 607 et
424 564 563 607 Cotta.
625 564 734 613 Quid
771 567 861 605 tam
897 564 1010 604 inter
1048 578 1091 604 se
1130 563 1363 604 dissimile?
1409 564 1510 617 quid

174 630 264 666 tam
288 625 334 665 in
360 638 437 665 suo
465 638 617 678 genere
637 622 889 677 praestans?
922 622 1116 663 Limatus
1138 622 1245 663 alter
1265 625 1307 663 et
1327 622 1510 675 subtilis,

173 698 262 724 rem
283 682 497 737 explicans
517 681 701 736 propriis
723 681 917 735 aptisque
937 680 1089 721 verbis.
1132 680 1293 721 Haeret
1318 680 1363 720 in
1383 695 1511 722 causa

175 755 340 795 semper
372 744 414 781 et
447 740 547 794 quid
578 739 707 781 iudici
743 739 1010 793 probandum
1049 739 1105 779 sit
1136 753 1232 780 cum
1264 739 1509 780 acutissime
1532 758 1564 782 10

174 800 298 853 vidit,
337 798 506 839 omissis
546 798 697 838 ceteris
736 797 999 852 argumentis
1036 797 1081 838 in
1119 811 1169 837 eo
1202 801 1388 838 mentem
1421 812 1511 838 ora-

175 858 420 910 tionemque
447 856 607 911 defigit.
653 854 867 909 Sulpicius
895 858 1037 896 autem
1062 854 1299 896 fortissimo
1328 856 1512 909 quodam

176 916 306 956 animi
349 916 530 969 impetu,
574 913 822 968 plenissima
866 916 908 954 et
951 913 1137 954 maxima
1179 927 1300 968 voce,
1346 928 1512 955 summa

176 974 449 1015 contentione
494 972 684 1026 corporis
729 975 771 1012 et
815 971 1025 1027 dignitate
1075 974 1237 1026 motus,
1284 972 1511 1013 verborum

122 1058 148 1097 9
177 1047 344 1086 quoque
365 1047 414 1072 ea
441 1031 650 1086 gravitate
677 1033 720 1071 et
746 1030 867 1084 copia
894 1034 970 1084 est,
1000 1033 1048 1070 ut
1074 1045 1182 1071 unus
1210 1030 1262 1071 ad
1288 1030 1511 1072 dicendum
1532 1048 1564 1073 15

105 1126 149 1156 32
176 1090 535 1131 instructissimus
580 1103 605 1130 a
643 1092 797 1129 natura
838 1103 929 1129 esse
970 1088 1173 1129 videatur.
1234 1088 1302 1129 Ad
1343 1092 1512 1130 nosmet

176 1149 294 1203 ipsos
326 1149 413 1189 iam
444 1150 647 1200 revertor,
679 1146 880 1200 quoniam
913 1146 972 1187 sic
1011 1146 1170 1187 fuimus
1204 1161 1370 1201 semper
1402 1161 1512 1188 com-

174 1207 326 1261 parati,
358 1209 405 1246 ut
436 1205 658 1246 hominum
691 1204 958 1245 sermonibus
991 1204 1112 1257 quasi
1143 1205 1187 1245 in
1219 1205 1391 1258 aliquod
1417 1220 1513 1246 con-

176 1265 381 1306 tentionis
401 1264 605 1305 iudicium
625 1277 890 1317 vocaremur3
917 1262 1017 1316 quid
1037 1266 1126 1303 tam
1152 1263 1357 1304 dissimile
1384 1278 1511 1316 quam

176 1337 255 1378 ego
293 1323 338 1363 in
376 1322 551 1363 dicendo
590 1325 632 1362 et
668 1321 911 1362 Antonius?
956 1336 1052 1362 cum
1088 1321 1160 1361 ille
1197 1321 1234 1361 is
1267 1321 1324 1362 sit
1355 1325 1511 1375 orator,
1531 1339 1565 1364 20

176 1385 224 1422 ut
256 1381 362 1422 nihil
395 1395 443 1421 eo
469 1380 607 1434 possit
633 1394 724 1420 esse
749 1379 1049 1433 praestantius,
1082 1393 1161 1434 ego
1188 1382 1342 1434 autem,
1368 1394 1512 1433 quam-

176 1455 305 1493 quam
337 1443 494 1480 memet
532 1438 616 1479 mei
653 1438 860 1492 paenitet,
897 1452 992 1478 cum
1029 1437 1111 1478 hoc
1148 1438 1330 1478 maxime
1368 1441 1512 1479 tamen

174 1499 220 1538 in
252 1497 568 1551 comparatione
595 1496 840 1551 coniungar.
883 1495 1104 1536 Videtisne
1132 1510 1264 1550 genus
1290 1496 1372 1537 hoc
1398 1496 1511 1550 quod

177 1557 233 1597 sit
277 1556 469 1597 Antoni?
519 1555 629 1595 forte
673 1554 898 1595 vehemens
942 1557 1204 1595 commotum
1246 1554 1291 1594 in
1335 1555 1511 1609 agendo,

175 1615 492 1669 praemunitum
525 1616 567 1653 et
598 1627 649 1653 ex
682 1612 797 1653 omni
828 1614 948 1666 parte
981 1626 1131 1653 causae
1165 1615 1376 1666 saeptum,
1414 1627 1508 1654 acre
1529 1631 1563 1656 25

177 1676 350 1713 acutum
394 1672 680 1721 enucleatum,
723 1670 768 1710 in
810 1685 894 1710 una
938 1684 1102 1723 quaque
1145 1684 1188 1710 re
1230 1684 1510 1725 commorans,

175 1731 353 1771 honeste
386 1730 555 1783 cedens,
587 1728 742 1769 acriter
778 1727 1004 1781 insequens
1043 1731 1223 1781 terrens,
1255 1729 1511 1783 supplicans,

178 1803 343 1830 summa
384 1787 590 1829 orationis
630 1786 854 1838 varietate,
896 1786 1013 1826 nulla
1055 1789 1299 1826 nostrarum
1343 1787 1540 1828 aurium·

105 1859 150 1889 :33
178 1847 387 1888 satietate.
449 1845 540 1886 Nos
579 1847 739 1898 autem,
777 1843 1030 1898 quicumque
1067 1844 1112 1884 in
1144 1844 1319 1885 dicendo
1352 1859 1510 1900 sumus,

178 1905 379 1959 quoniam
412 1919 503 1945 esse
536 1903 676 1956 aliquo
709 1902 754 1942 in
784 1916 959 1942 numero
991 1902 1112 1943 vobis
1150 1903 1359 1956 videmur,
1396 1906 1509 1944 certe
1528 1921 1562 1946 30

177 1967 321 2004 tamen
353 1963 405 2003 ab
437 1962 563 2003 huius
596 1961 779 2002 multum
806 1974 956 2015 genere
982 1960 1208 2013 distamus3
1241 1961 1353 2014 quod
1386 1961 1509 2015 quale

178 2022 235 2062 sit
265 2035 351 2062 non
383 2024 447 2061 est
479 2035 620 2061 meum
652 2019 802 2067 dicere,
832 2022 1057 2072 propterea
1089 2019 1202 2072 quod
1227 2019 1400 2060 minime
1427 2020 1510 2060 sibi

178 2080 355 2133 quisque
387 2082 515 2119 notus
548 2082 612 2119 est
644 2081 687 2118 et
718 2076 967 2117 difficillime
1000 2077 1050 2117 de
1083 2092 1125 2117 se
1152 2077 1329 2131 quisque
1362 2078 1510 2133 sentit3

178 2138 251 2179 sed
288 2141 431 2178 tamen
469 2136 770 2177 dissimilitudo
808 2134 999 2189 intellegi
1031 2138 1176 2188 potest
1212 2139 1255 2176 et
1286 2150 1337 2188 ex
1367 2138 1508 2176 motus

177 2196 261 2237 mei
292 2195 585 2236 mediocritate
618 2197 659 2235 et
693 2208 742 2234 ex
775 2208 836 2247 eO‚
867 2193 991 2246 quod,
1023 2193 1176 2246 quibus
1208 2193 1401 2248 vestigiis
1426 2194 1509 2247 pri·
1528 2210 1560 2236 35

177 2269 295 2295 mum
330 2253 550 2312 institi7in
596 2252 648 2293 iis
686 2252 773 2292 fere
812 2251 926 2291 soleo
968 2266 1164 2304 perorare
1209 2255 1250 2292 et
1287 2252 1399 2305 quod
1437 2252 1509 2292 ali-

178 2315 338 2366 quanto
382 2326 448 2352 me
492 2311 628 2351 maior
664 2310 709 2350 in
746 2309 885 2349 verbis
924 2309 1128 2364 eligendis
1167 2310 1290 2350 labor
1329 2312 1371 2350 et
1408 2324 1509 2351 cura
