1643 2526
440 121 584 156 LIBER
608 121 653 156 11.
703 121 805 157 CAP.
832 126 864 157 3.
903 125 922 164 ξ
949 126 1074 157 6-13,
1382 123 1437 165 69

97 220 225 272 atque
258 217 437 272 optime,
471 217 696 258 rhetoricis
727 231 839 258 nunc
872 217 1128 271 quibusdam
1158 218 1299 273 libris,
1331 233 1437 273 quos

96 280 144 317 tu
176 276 358 331 agrestis
390 278 530 330 putas,
567 275 770 330 insequor
800 278 849 316 ut
881 276 1071 317 erudiam
1102 301 1159 305 —
1191 277 1292 331 quid
1324 277 1437 318 enim

96 338 172 376 tua
196 337 340 389 potest
367 348 458 375 esse
485 334 677 375 oratione
705 336 778 374 aut
804 334 1005 375 subtilius
1032 338 1106 376 aut
1133 336 1355 377 ornatius?
1384 360 1433 365 -—

97 393 170 434 sed
197 392 433 446 [quoniam]
463 392 551 433 sive
576 392 746 446 iudicio,
777 394 825 433 ut
852 393 962 433 soles
989 393 1139 448 dicere,
1165 394 1265 448 sive,
1290 397 1339 435 ut
1364 394 1437 436 ille

61 468 77 493 5
96 454 219 506 pater
244 451 511 505 eloquentiae
538 451 588 491 de
609 465 652 492 se
674 450 884 492 Isocrates
905 451 1078 505 scripsit
1103 452 1207 506 ipse,
1231 453 1392 506 pudore
1413 468 1438 494 a

96 509 272 551 dicendo
293 512 336 550 et
361 508 592 550 timiditate
612 508 799 564 ingenua
825 509 1007 562 quadam
1027 510 1238 565 refugisti,
1264 511 1365 565 sive,
1390 514 1438 552 ut

95 568 186 622 ipse
200 568 333 609 iocari
348 568 472 621 soles,
492 582 624 608 unum
643 567 807 622 putasti
829 567 933 609 satis
949 582 1039 609 esse
1053 583 1140 609 non
1154 569 1280 609 modo
1295 568 1340 609 in
1353 584 1438 610 una

96 626 260 667 familia
284 626 500 666 rhetorem
527 626 600 666 sed
623 640 756 680 paene
783 625 828 666 in
854 629 947 667 tota
973 626 1160 681 civitate,
1184 642 1271 668 non
1293 630 1438 668 tamen

97 684 282 725 arbitror
307 684 388 725 tibi
412 684 491 725 hos
517 684 650 725 libros
676 684 722 724 in
747 698 796 725 eo
823 683 913 725 fore
941 698 1107 740 genere,
1139 686 1251 739 quod
1283 686 1436 726 merito

45 760 78 785 10
95 746 272 797 propter
291 757 450 796 eorum,
470 742 542 797 qui
563 743 612 783 de
628 742 792 784 dicendi
806 743 972 783 ratione
987 744 1271 798 disputarunt,
1290 743 1439 785 ieiuni-

96 804 232 842 tatem
256 801 466 842 bonarum
493 801 650 841 artium
681 801 820 854 possit
850 801 982 842 illudi.
1032 801 1155 842 Nihil
1187 802 1299 843 enim
1331 801 1438 843 mihi

97 859 268 913 quidem
292 859 461 901 videtur
485 859 531 899 in
557 857 700 900 Crassi
727 862 769 900 et
788 858 969 900 Antonii
989 874 1183 901 sermone
1204 875 1295 901 esse
1320 875 1438 914 prae-

97 918 291 972 teritum,
335 918 448 971 quod
489 917 714 970 quisquam
756 917 932 958 summis
974 917 1176 973 ingeniis,
1220 919 1436 960 acerrimis

98 976 263 1030 studiis,
296 975 459 1030 optima
490 975 695 1029 doctrina,
725 975 912 1016 maximo
938 991 1019 1017 usu
1045 977 1247 1030 cognosci
1274 992 1321 1018 ao
1347 991 1438 1031 per-

46 1051 77 1076 15
98 1034 182 1087 cipi
225 1035 416 1088 potuisse
461 1034 758 1089 arbitra-retur,
802 1034 915 1087 quod
952 1037 999 1075 tu
1036 1034 1238 1075 facillime
1275 1035 1437 1089 poteris

95 1092 302 1147 iudicare,
345 1092 418 1147 qui
457 1092 727 1146 prudentiam
764 1092 1059 1146 rationemque
1091 1093 1257 1134 dicendi
1288 1108 1363 1147 per
1394 1096 1437 1134 te

1466 812 1507 842 11

96 1151 251 1205 ipsum,
275 1165 400 1191 usum
427 1153 570 1191 autem
589 1165 664 1204 per
682 1165 761 1191 nos
781 1150 997 1205 percipere
1018 1151 1204 1192 voluisti.
1251 1150 1333 1192 Sed
1354 1166 1437 1206 quo
1486 1156 1494 1159 ’

98 1209 225 1250 citius
249 1209 331 1250 1100
359 1209 472 1262 quod
498 1209 761 1263 suscepimus
781 1223 867 1249 non
893 1209 1104 1250 mediocre
1131 1224 1284 1250 munus
1312 1210 1439 1251 confi—

98 1282 190 1309 cere
204 1267 434 1321 possimus,
454 1267 611 1308 omissa
624 1270 774 1308 nostra
787 1267 1086 1308 adhortatione
1102 1268 1154 1309 ad
1168 1282 1316 1309 eorum
1331 1283 1436 1322 quos

45 1343 79 1368 20
98 1325 400 1380 proposuimus
427 1339 665 1366 sermonem
692 1325 1109 1380 disputationemque
1135 1326 1366 1367 veniamus.

216 1383 394 1424 Postero
435 1383 570 1438 igitur
611 1383 694 1437 die,
739 1399 867 1438 quam
906 1384 981 1424 illa
1019 1388 1140 1425 erant
1177 1388 1290 1438 acta,
1332 1384 1439 1425 hora

98 1442 185 1483 fere
219 1442 419 1496 secunda,
450 1456 552 1483 -cum
591 1441 721 1482 etiam
758 1444 851 1482 tum
887 1442 932 1482 in
968 1442 1080 1483 lecto
1114 1441 1292 1483 Crassus
1326 1446 1438 1483 esset

99 1503 141 1541 et
168 1501 280 1554 apud
305 1514 402 1540 eum
430 1498 643 1553 Sulpicius
676 1500 852 1554 sederet,
882 1500 1098 1541 Antonius
1131 1503 1275 1541 autem
1306 1500 1439 1541 inam-

98 1558 267 1599 bularet
300 1573 396 1599 cum
429 1556 557 1599 Cotta
586 1558 632 1598 in
662 1558 850 1612 portien,
886 1561 1060 1612 repente
1099 1573 1147 1599 90
1181 1558 1226 1607 Q.
1260 1557 1438 1600 Catulus

46 1633 79 1659 25
101 1631 228 1657 senex
271 1631 368 1657 cum
406 1615 449 1657 C.
481 1616 592 1657 Iulio
630 1616 761 1657 fratre
800 1616 927 1657 venit.
990 1616 1110 1665 Quod
1150 1617 1224 1657 ubi
1265 1617 1440 1671 audivit,

100 1678 340 1716 commotus
373 1672 552 1715 Crassus
593 1675 779 1716 surrexit
818 1689 1048 1728 omnesque
1081 1675 1279 1716 admirati
1309 1675 1440 1716 maio-

98 1748 189 1774 rem
227 1733 414 1787 aliquam
452 1747 542 1774 esse
584 1747 757 1774 causam
796 1748 943 1774 eorum
985 1734 1190 1774 adventus
1232 1733 1439 1788 suspicati

100 1794 210 1832 sunt.
273 1790 353 1839 Qui
398 1806 495 1832 cum
537 1791 650 1832 inter
694 1806 756 1846 se,
798 1795 847 1831 ut
886 1791 1079 1845 ipsorum
1118 1806 1221 1832 usus
1260 1791 1439 1846 ferebat,

101 1849 357 1890 amicissime
385 1849 743 1890 consalutassent:
776 1849 885 1898 Quid
910 1864 985 1890 vos
1012 1849 1213 1890 tandem?
1247 1848 1438 1904 Crassus,

48 1924 82 1949 30
100 1908 420 1962 numquidnam,
450 1908 602 1961 inquit,
626 1907 759 1949 novi?
790 1907 912 1948 Nihil
939 1922 1051 1962 sane,
1075 1907 1216 1961 inquit
1243 1906 1439 1962 Catulus3

101 1968 143 2006 et
175 1966 288 2006 enim
319 1965 435 2006 vides
468 1980 558 2007 esse
589 1966 730 2020 ludos,
774 1966 847 2007 sed
877 1990 934 1994 —
964 1966 1031 2007 vel
1068 1968 1117 2006 tu
1152 1979 1231 2006 nos
1268 1942 1439 2031 ineptos⁷

99 2023 218 2077 h'cet,
260 2023 419 2078 inquit,
458 2024 526 2064 vel
562 2024 767 2065 molestos
804 2027 928 2078 putes
965 2048 1036 2078 —,
1073 2038 1169 2065 cum
1207 2024 1259 2065 ad
1295 2038 1362 2065 me
1394 2024 1440 2064 in

100 2081 408 2135 Tusculanum,
449 2081 609 2136 inquit,
650 2082 743 2123 heri
779 2081 945 2136 vesperi
982 2082 1168 2123 venisset
1201 2074 1358 2123 Caesar
1389 2082 1438 2123 de

101 2139 342 2181 Tusculano
370 2153 459 2193 suo,
485 2140 591 2180 dixit
616 2140 722 2181 mihi
748 2155 772 2180 a
798 2155 842 2181 se
870 2139 1117 2181 Scaevolam
1141 2139 1241 2181 hinc
1267 2143 1439 2181 euntem

48 2213 82 2239 35
103 2212 194 2238 esse
227 2200 496 2250 conventum,
531 2212 581 2238 ex
613 2212 696 2251 quo
729 2198 837 2239 mira
869 2198 1075 2251 quaedam
1107 2212 1150 2239 se
1183 2198 1349 2239 audisse
1382 2197 1441 2237 di-

102 2256 242 2310 cebat3
293 2259 354 2309 te,
393 2270 518 2308 quem
555 2270 635 2310 ego
672 2255 833 2296 totiens
873 2255 988 2296 omni
1024 2256 1189 2297 ratione
1221 2258 1438 2308 temptans

102 2313 155 2354 ad
191 2313 494 2367 disputandum
532 2313 681 2354 elicere
718 2327 806 2354 non
842 2313 1097 2368 potuissem,
1139 2313 1351 2367 permulta
1388 2311 1438 2352 de

1467 1394 1507 1424 12

1466 1802 1507 1832 13
