1643 2526
98 516 141 547 64

100 948 151 987 19

99 1016 141 1046 65

98 1271 141 1301 66

97 2142 139 2172 67

165 120 254 162 404
528 118 846 153 PARTITIONES
874 118 1151 153 ORATORIAE

167 216 220 256 ad
250 214 590 269 persequendum
622 213 783 267 aliquid
816 216 889 254 aut
922 213 1231 268 declinandum,
1270 216 1319 254 ut
1351 214 1505 268 quibus

166 274 294 314 rebus
333 272 510 326 adipisci
549 271 731 326 gloriam
768 272 907 326 possis
947 275 1021 313 aut
1060 286 1142 325 quo
1181 272 1308 313 modo
1348 272 1508 313 invidia

166 332 342 385 vitetur,
369 331 563 384 alterum,
589 330 701 384 quod
719 331 771 371 ad
791 331 980 384 aliquam
1000 330 1349 371 commoditatem
1367 345 1508 371 usum—

168 404 248 443 que
281 389 503 443 referatur,
533 391 582 428 ut
608 403 733 442 quem
760 389 811 429 ad
843 389 1016 429 modum
1049 389 1106 429 sit
1137 403 1204 429 res
1235 389 1408 443 publica
1439 389 1508 430 ad-

167 447 451 488 ministranda
482 450 556 488 aut
588 461 712 500 quem
738 448 790 488 ad
816 447 988 487 modum
1013 446 1059 487 in
1090 450 1342 500 paupertate
1367 447 1508 488 viven—

168 507 278 546 dum.
340 505 505 546 Rursus
539 509 682 546 autem
714 520 765 546 ex
791 505 1050 560 cognitionis
1077 505 1403 560 consultatione,
1432 505 1508 546 ubi

167 564 224 605 sit
248 578 380 605 necne
406 563 463 605 sit
490 567 564 604 aut
589 563 718 604 fuerit
749 564 994 604 futurumve
1027 563 1084 604 sit
1116 564 1346 618 quaeritur,
1375 579 1507 605 unum

168 637 302 677 genus
335 625 400 663 est
432 622 707 675 quaestionis,
738 622 929 676 possitne
956 621 1116 675 aliquid
1142 622 1267 677 effici,
1297 625 1346 663 ut
1378 637 1508 676 quom

167 681 386 734 quaeritur
416 680 661 733 ecquisnam
692 680 879 734 perfecte
906 681 1073 734 sapiens
1101 695 1192 722 esse
1218 681 1374 736 possit3
1407 681 1508 721 alte-

166 754 274 793 rum,
305 753 431 792 quem
463 739 515 779 ad
546 739 720 779 modum
750 739 931 792 quicque
962 739 1052 793 fiat,
1081 743 1130 779 ut
1163 754 1348 792 quonam
1378 742 1506 793 pacto

166 797 304 838 virtus
336 797 547 851 pariatur,
583 800 790 837 naturane
824 812 878 837 an
908 797 1073 837 ratione
1107 812 1161 838 an
1192 797 1301 838 usu‘?
1345 796 1507 846 Quoius

169 855 336 909 generis
370 869 516 895 omnes
546 858 659 909 sunt,
689 855 733 894 in
761 855 928 909 quibus,
959 858 1007 895 ut
1038 855 1084 895 in
1116 855 1308 896 obscuris
1339 858 1509 897 natura-

167 913 364 966 libusque
385 913 720 966 quaestionibus,
741 928 891 954 causae
914 914 1186 967 rationesque
1213 929 1355 955 rerum
1381 914 1509 968 expli-

169 975 330 1012 cantur.
392 971 513 1012 Illius
547 974 690 1012 autem
724 972 909 1026 generis,
944 972 990 1012 in
1022 987 1105 1025 quo
1139 973 1240 1026 quid
1272 973 1329 1013 sit
1360 972 1422 1027 id,
1458 973 1508 1014 de

170 1044 253 1084 quo
287 1030 447 1084 agitur,
480 1030 715 1084 quaeritur,
752 1031 834 1070 duo
869 1033 968 1070 sunt
1002 1032 1212 1085 [genera]:
1254 1045 1434 1085 quorum
1464 1031 1510 1072 in

170 1088 304 1128 altero
332 1088 635 1141 disputandum
661 1091 727 1129 est
753 1088 867 1128 aliud
895 1103 947 1129 an
972 1089 1084 1129 idem
1106 1089 1174 1143 sit,
1200 1092 1248 1129 ut
1273 1089 1509 1143 pertinacia

170 1148 248 1197 [et]
282 1146 616 1200 perseverantia3
659 1146 704 1186 in
737 1146 870 1187 altero
904 1149 1046 1187 autem
1078 1147 1308 1201 descriptio
1341 1148 1507 1202 generis

171 1204 382 1257 aliquoius
416 1207 458 1244 et
488 1204 610 1257 quasi
636 1205 779 1259 imago
806 1208 872 1245 est
898 1205 1182 1259 exprimenda,
1213 1208 1260 1246 ut
1287 1206 1424 1259 qualis
1451 1206 1508 1246 sit

168 1278 319 1303 avarus
353 1266 427 1302 aut
453 1263 525 1315 qui
556 1263 611 1303 sit
645 1263 864 1316 superbus.
915 1263 1060 1303 Tertio
1094 1266 1236 1304 autem
1266 1264 1311 1304 in
1345 1278 1509 1319 genere,

166 1321 212 1360 in
244 1335 328 1374 quo
361 1321 484 1373 quale
517 1321 574 1361 sit
607 1322 843 1374 quaeritur,
882 1325 957 1361 aut
996 1322 1044 1362 de
1083 1322 1308 1363 honestate
1347 1326 1421 1363 aut
1458 1323 1508 1363 de
1530 1342 1559 1367 ε»,

167 1379 357 1419 utilitate
390 1382 464 1419 aut
490 1379 539 1419 de
567 1379 782 1432 aequitate
809 1380 1032 1420 dicendum
1057 1383 1132 1421 est.
1183 1380 1247 1421 De
1278 1380 1504 1422 honestate

169 1437 248 1490 sic,
286 1441 333 1477 ut
369 1437 653 1478 honestumne
692 1438 748 1478 sit
784 1452 861 1491 pro
900 1438 1037 1479 amico
1075 1439 1311 1492 periculum
1344 1442 1418 1480 aut
1447 1439 1509 1480 in—

166 1495 325 1536 vidiam
357 1496 511 1535 subire.
572 1495 635 1535 De
668 1496 857 1537 utilitate
889 1500 1032 1537 autem
1064 1497 1143 1551 sic,
1182 1500 1230 1538 ut
1263 1497 1372 1538 sitne
1404 1498 1508 1538 utile

166 1553 211 1594 in
254 1568 299 1594 re
342 1554 514 1607 publica
557 1554 893 1595 administranda
936 1556 1109 1596 versari.
1184 1555 1246 1596 De
1292 1556 1507 1609 aequitate

169 1614 311 1652 autem
345 1612 417 1665 sic,
448 1615 497 1652 ut
523 1612 633 1652 sitne
661 1627 841 1665 aequum
869 1613 1029 1654 amicos
1056 1614 1250 1668 cognatis
1285 1614 1506 1655 anteferre.

167 1669 310 1722 Atque
342 1669 387 1709 in
418 1669 499 1710 hoc
531 1671 679 1710 eodem
713 1685 884 1725 genere,
922 1671 968 1711 in
1006 1686 1088 1724 quo
1128 1672 1251 1725 quale
1291 1672 1347 1712 sit
1380 1687 1507 1726 quae-

168 1726 289 1781 ritur,
322 1727 512 1767 exoritur
544 1728 658 1767 aliud
692 1729 903 1780 quoddam
936 1729 1180 1782 disputandi
1214 1744 1357 1784 genus.
1408 1730 1508 1771 Non

169 1785 281 1825 enim
314 1785 566 1839 simpliciter
604 1786 742 1826 solum
784 1787 1002 1841 quaeritur
1040 1787 1140 1840 quid
1177 1788 1407 1829 honestum
1438 1789 1507 1843 sit,

168 1843 268 1895 quid
301 1843 424 1897 utile,
463 1843 563 1897 quid
601 1858 815 1898 aequum,
841 1845 913 1885 sed
945 1845 1076 1885 etiam
1107 1861 1158 1886 ex
1190 1847 1508 1900 comparatione

169 1901 268 1953 quid
294 1901 530 1955 honestius,
558 1902 658 1955 quid
685 1902 845 1957 utilius,
878 1903 978 1956 quid
1005 1904 1193 1959 aequius,
1225 1908 1351 1958 atque
1378 1905 1508 1947 etiam

168 1959 269 2011 quid
301 1959 672 2014 honestissimum,
707 1961 807 2014 quid
838 1961 1136 2017 utilissimum,
1174 1963 1275 2017 quid
1307 1964 1508 2017 aequissi-

168 2031 303 2070 mum3
336 2018 455 2058 cuius
483 2018 648 2072 generis
676 2019 749 2059 illa
775 2022 887 2073 sunt,
920 2035 1024 2074 quae
1056 2022 1426 2074 praestantissima
1451 2023 1507 2064 sit

167 2074 353 2128 dignitas
386 2075 510 2116 vitae.
566 2075 708 2130 Atque
738 2092 786 2117 ea
813 2077 994 2131 quidem,
1027 2093 1134 2132 quae
1167 2080 1268 2133 dixi,
1300 2081 1507 2135 cognitio-

167 2132 234 2172 nis
266 2136 365 2172 sunt
398 2134 551 2173 omnia.
614 2134 796 2175 Restant
827 2136 1025 2177 actionis:
1071 2137 1188 2178 cuius
1226 2139 1408 2179 alterum
1441 2143 1506 2180 est

166 2190 452 2244 praecipiendi
485 2206 636 2245 genus,
675 2193 786 2246 quod
819 2194 871 2234 ad
902 2195 1113 2236 rationem
1147 2196 1277 2237 officii
1307 2197 1507 2253 pertinet,

166 2251 215 2288 ut
252 2263 376 2301 quem
418 2249 470 2289 ad
514 2251 687 2291 modum
732 2251 818 2291 sint
859 2252 1024 2293 colendi
1064 2257 1279 2309 parentes3
1324 2255 1506 2297 alterum

167 2309 307 2347 autem
348 2307 398 2347 ad
438 2308 644 2349 sedandos
685 2309 848 2350 animos
888 2313 929 2351 et
963 2312 1154 2353 oratione
1191 2313 1421 2368 sanandos,
1457 2316 1507 2354 ut

1529 758 1561 782 10

1530 1051 1561 1074 15

1546 1342 1562 1357 Α

1528 1633 1560 1658 25

1527 1925 1561 1949 30

1525 2215 1559 2240 35
