1643 2526
146 93 228 133 138
656 92 719 127 DE
747 92 972 127 ORATORE

143 188 456 243 centurionem,
493 188 564 242 qui
601 188 647 229 in
676 187 800 229 Pauli
831 202 976 243 pugna
1012 202 1100 228 non
1137 188 1348 243 adfuerat,
1385 203 1482 230 cum

142 247 214 287 ille
252 261 295 287 se
334 246 552 287 custodiae
590 261 718 288 causa
755 246 914 288 diceret
949 247 995 287 in
1036 246 1187 288 castris
1227 246 1481 288 remansisse

145 308 450 358 quaereretque
483 320 557 346 cur
590 305 642 346 ab
675 319 724 346 eo
756 308 997 346 notaretur:
1029 304 1141 345 Non
1173 319 1299 360 amo,
1330 305 1483 359 inquit,

74 363 353 405 273nimium
386 363 668 418 diligentis.
724 363 912 404 Acutum
944 363 1075 404 etiam
1105 363 1211 404 illud
1243 367 1320 418 est,
1353 378 1482 417 quom

144 436 195 462 ex
227 421 402 462 alterius
436 421 628 462 oratione
661 421 775 462 aliud
808 421 994 475 excipias
1028 424 1153 475 atque
1184 421 1256 462 ille
1288 422 1395 476 volt,
1433 424 1481 462 ut
1501 439 1517 464 5

146 479 377 521 Salinatori
397 479 623 534 Maximus,
644 494 773 533 quom
792 480 977 521 Tarento
1000 480 1157 520 amisso
1179 494 1317 521 arcem
1337 483 1483 520 tamen

144 538 215 579 ille
248 538 338 579 eius
370 538 619 579 retinuisset
652 539 871 591 multaque
911 554 959 579 ex
993 553 1041 579 ea
1071 538 1234 592 proelia
1264 538 1483 592 praeclara

144 596 328 651 fecisset,
354 611 483 650 quom
509 596 673 650 aliquot
698 600 797 650 post
824 597 944 637 annis
971 596 1184 637 Maximus
1209 596 1253 637 id
1279 596 1483 651 oppidum

144 655 375 709 recepisset
415 658 670 710 rogaretque
712 670 809 695 eum
850 654 1085 708 Salinator,
1128 658 1176 695 ut
1218 655 1483 696 meminisset

146 727 274 767 opera
315 728 391 753 sua
437 728 481 754 se
521 713 753 754 Tarentum
798 713 1031 778 recepisse:
1079 712 1284 767 Quidni,
1330 713 1484 766 inquit,
1504 731 1536 756 ιο

146 771 485 812 meminerim?
547 771 812 824 Nunquam
851 772 981 812 enim
1018 771 1345 826 recepissem,
1380 771 1482 812 nisi

75 833 200 871 274tu
231 829 564 883 perdidisses.
612 829 719 871 Sunt
753 830 882 870 etiam
912 830 987 870 illa
1019 830 1295 881 subabsurda,
1328 830 1401 870 sed
1433 843 1481 870 00

145 888 238 941 ipso
276 888 447 928 nomine
486 903 611 942 saepe
649 888 846 942 ridicula,
883 902 969 928 non
1006 888 1131 929 modo
1164 888 1305 928 mimis
1337 902 1484 942 perap-

145 946 287 1000 posita
319 946 391 986 sed
425 946 553 987 etiam
587 947 770 1000 quodam
802 947 928 987 modo
960 946 1103 987 nobis:

899 1021 1046 1062 homo
1078 1021 1273 1075 fatuus,
1504 1034 1536 1060 15

174 1079 451 1134 Postquam
477 1095 578 1121 rem
604 1080 788 1121 habere
817 1080 1003 1134 coepit,
1029 1083 1105 1120 est
1132 1083 1402 1120 emortuus.
1432 1105 1481 1110 —

178 1149 308 1198 Quid
340 1153 421 1190 est
453 1150 552 1190 tibi
583 1150 685 1191 ista
717 1149 927 1190 mulier?
971 1149 1119 1190 Uxor.
1183 1149 1378 1190 Similis
1410 1165 1483 1191 me

1016 1208 1126 1248 dius
1159 1207 1328 1248 fidius.
1364 1233 1415 1236 —

178 1278 425 1326 Quamdiu
446 1278 503 1319 ad
525 1293 679 1332 aquas
700 1278 818 1332 fuit,
836 1292 1092 1332 nunquam
1113 1281 1189 1318 est
1215 1280 1483 1319 emortuus.

78 1354 132 1394 (58
149 1354 291 1395 Genus
318 1354 399 1394 hoc
424 1353 558 1394 levius
585 1356 639 1407 et,
670 1357 718 1394 ut
745 1353 843 1407 dixi,
875 1353 1112 1408 mimicum,
1145 1353 1217 1393 sed
1243 1353 1374 1394 habet
1398 1368 1485 1394 non
1505 1372 1539 1396 20

147 1427 365 1466 nunquam
408 1412 569 1466 aliquid
613 1412 742 1452 etiam
786 1412 898 1465 apud
940 1425 1018 1452 nos
1062 1411 1164 1465 loci,
1206 1415 1254 1452 ut
1294 1412 1360 1452 vel
1399 1426 1486 1452 non

149 1471 306 1512 stultus
346 1470 467 1524 quasi
506 1470 635 1511 stulte
675 1485 771 1511 cum
809 1470 896 1510 sale
935 1470 1048 1510 dicat
1086 1470 1263 1524 aliquid3
1304 1473 1352 1510 ut
1392 1470 1484 1523 tibi,

148 1528 324 1583 Antoni,
343 1528 512 1570 Mancia
533 1543 627 1569 cum
649 1528 837 1569 audisset
857 1531 898 1568 te
920 1542 1138 1569 censorem
1165 1543 1189 1568 a
1214 1528 1269 1568 M.
1291 1528 1483 1568 Duronio

150 1588 199 1628 de
221 1587 385 1628 ambitu
404 1587 683 1641 postulatum,
708 1586 1017 1639 Aliquando,
1041 1586 1193 1640 inquit,
1219 1586 1318 1626 tibi
1344 1589 1485 1627 tuum

80 1645 414 1699 275negotium
455 1659 601 1699 agere
643 1644 835 1685 licebit.
897 1644 1031 1684 Valde
1072 1644 1174 1685 haec
1212 1643 1404 1684 ridentur
1442 1647 1485 1685 et
1505 1661 1537 1686 25

149 1703 320 1744 hercule
354 1703 508 1756 omnia,
540 1717 646 1756 quae
680 1717 703 1743 a
734 1702 1014 1756 prudentibus
1042 1702 1163 1755 quasi
1198 1704 1289 1756 [per
1316 1702 1486 1743 simula-

150 1761 312 1802 tionem
348 1775 435 1802 non
471 1760 763 1815 intellegendi]
798 1760 1061 1801 subabsurde
1107 1760 1299 1814 salseque
1344 1761 1486 1801 dicun-

150 1823 231 1861 tur.
287 1819 352 1860 Ex
385 1833 468 1872 quo
502 1833 653 1874 genere
686 1821 750 1859 est
790 1818 919 1859 etiam
950 1833 1036 1858 11011
1067 1818 1200 1859 videri
1237 1818 1484 1874 intellegere

152 1878 264 1931 quod
299 1877 544 1932 intellegas,
584 1880 631 1917 ut
668 1876 910 1917 Pontidius:
953 1876 1158 1924 Qualem
1200 1876 1486 1931 existimas,

153 1936 235 1990 qui
275 1936 324 1976 in
366 1935 621 1977 adulterio
664 1934 1023 1989 deprenditur?
1068 1958 1119 1964 -
1161 1934 1390 1976 Tardum!
1437 1938 1486 1975 ut
1505 1952 1539 1978 30

153 2008 250 2049 ego,
283 1994 354 2047 qui
385 1994 431 2034 in
462 1994 618 2034 dilectu
650 1993 842 2047 Metello,
880 2007 1008 2046 quom
1040 1993 1358 2034 excusationem
1391 2007 1486 2034 ocu-

153 2052 291 2093 lorum
313 2067 336 2092 a
357 2067 422 2093 me
441 2067 528 2092 non
549 2052 758 2106 acciperet
784 2054 826 2092 et
853 2051 1045 2092 dixisset:
1071 2051 1141 2091 Tu
1166 2052 1329 2107 igitur
1353 2051 1486 2092 nihil

83 2110 321 2152 276vides‘?
391 2110 497 2165 Ego
542 2125 677 2164 vero,
719 2110 912 2163 inquam,
955 2124 979 2149 a
1021 2113 1169 2163 porta
1212 2109 1486 2163 Esquilina

152 2169 296 2210 video
330 2168 507 2209 villam
539 2172 692 2223 tuam,
723 2171 771 2209 ut
802 2167 907 2208 illud
938 2166 1139 2222 Nasicae,
1171 2168 1242 2222 qui
1274 2182 1403 2221 quom
1434 2168 1487 2208 ad

152 2230 324 2282 poetam
349 2227 537 2267 Ennium
562 2227 749 2267 venisset
783 2226 902 2279 eique
935 2226 987 2266 ab
1021 2227 1132 2267 ostio
1160 2225 1377 2282 quaerenti
1402 2226 1486 2266 En-
1505 2242 1540 2268 35

152 2286 271 2326 nium
315 2285 469 2327 ancilla
513 2284 689 2326 dixisset
733 2284 847 2325 domi
886 2298 972 2325 non
1010 2299 1119 2340 esse,
1158 2283 1317 2325 Nasica
1353 2284 1486 2325 sensit
