1643 2526
461 81 652 116 BRUTUs
690 80 789 117 CAP.
818 84 918 117 1—2.
964 84 982 122 s
1012 83 1111 115 1-8.
1373 79 1459 120 225

118 178 257 233 magis
295 192 423 232 quam
461 191 634 219 suorum
672 176 828 218 civium
870 179 1061 230 tempore
1094 178 1137 216 et
1168 178 1261 217 tum
1293 174 1461 229 occidit,

119 251 216 278 cum
247 236 393 291 lugere
424 235 592 277 facilius
630 250 721 277 rem
757 234 974 289 publicam
1011 236 1175 288 posset,
1214 233 1250 274 si
1287 233 1461 288 viveret,

120 310 248 350 quam
278 295 436 349 iuvare,
467 294 657 348 vixitque
683 297 772 335 tam
799 293 870 334 diu
898 307 1026 347 quam
1057 292 1180 334 licuit
1209 292 1255 337 in
1286 292 1460 334 civitate

119 354 226 395 bene
259 354 467 407 beateque
500 353 658 394 vivere:
700 355 848 393 nostro
880 351 1152 393 incommodo
1186 350 1460 392 detrimento-

84 427 219 466 5que,
257 411 292 452 si
324 415 390 452 est
420 412 483 452 ita
512 425 703 466 necesse,
742 411 978 464 doleamus,
1014 410 1131 450 illius
1169 423 1269 450 vero
1307 409 1458 450 mortis

121 470 458 525 oportunitatem
493 469 783 511 benivolentia
818 469 962 523 potius
1001 483 1129 523 quam
1168 467 1460 509 misericordia

119 543 447 584 prosequamur
490 531 557 583 ut,
601 528 980 582 quotienscumque
1025 527 1074 568 de
1120 526 1371 568 clarissumo
1417 529 1460 567 et

119 588 383 629 beatissumo
416 587 507 628 viro
541 586 790 642 cogitemus,
819 586 942 629 illum
967 585 1111 640 potius
1139 600 1267 639 quam
1291 587 1461 625 nosmet

119 647 236 701 ipsos
269 646 444 700 diligere
475 645 704 686 videamur.
765 644 878 686 Nam
904 644 940 685 si
965 644 1009 685 id
1034 644 1239 697 dolemus,
1271 643 1384 697 quod
1410 657 1459 683 eo
1489 654 1507 684 5

69 723 102 747 10
121 706 207 747 iam
232 704 317 745 frui
342 704 467 745 nobis
493 718 580 744 non
605 703 719 758 licet,
749 706 945 746 nostrum
972 706 1038 743 est
1068 703 1112 743 id
1143 702 1316 756 malum,
1348 702 1461 756 quod

121 763 285 805 modice
317 762 522 817 feramus,
557 777 610 803 116
641 762 685 803 1(1
715 776 803 803 non
834 762 885 804 ad
919 761 1171 815 amicitiam,
1202 761 1275 802 sed
1308 760 1360 801 ad
1392 760 1461 800 do-

120 822 343 864 mesticam
386 821 618 863 utilitatem
659 821 815 861 referre
857 820 1092 875 videamur3
1136 819 1203 860 sin
1239 821 1461 872 tamquam

120 881 185 921 illi
209 880 292 934 ipsi
319 879 565 921 acerbitatis
594 879 754 933 aliquid
781 878 982 920 acciderit
1009 878 1218 933 angimur,
1250 891 1461 923 summam

122 939 211 980 eius
244 938 495 979 felicitatem
526 952 613 978 non
645 938 750 979 satis
783 940 907 992 grato
941 936 1083 978 animo
1115 936 1459 990 interpretamur.

69 1014 101 1039 15
239 996 297 1038 Et
325 996 437 1037 6111111
470 996 505 1037 si
537 996 698 1037 viveret
731 994 776 1043 Q.
797 995 1068 1049 Hortensius,
1099 997 1240 1035 cetera
1277 993 1460 1034 fortasse

123 1055 381 1097 desideraret
413 1069 498 1095 una
529 1069 625 1095 cum
650 1053 826 1108 reliquis
853 1053 977 1094 bonis
1004 1056 1047 1094 et
1071 1052 1258 1093 fortibus
1285 1052 1462 1106 civibus,

120 1114 233 1155 hunc
266 1116 409 1154 autem
444 1114 521 1164 [et]
554 1115 725 1166 praeter
751 1114 913 1153 ceteros
942 1114 1016 1152 aut
1042 1126 1137 1152 cum
1163 1110 1311 1165 paucis
1339 1109 1463 1151 susti-

120 1175 241 1214 neret
263 1171 465 1225 dolorem,
490 1186 587 1212 cum
612 1170 753 1211 forum
779 1170 927 1225 populi
946 1169 1144 1223 Romani,
1170 1169 1284 1223 quod
1309 1168 1462 1209 fuisset
1501 1206 1508 1208 ,

1486 971 1513 1012 2

1488 1040 1507 1070 6

122 1230 244 1285 quasi
276 1205 493 1272 theatruin
523 1229 638 1271 illius
670 1229 829 1284 ingeni,
860 1243 962 1270 voce
994 1228 1161 1269 erudita
1187 1231 1229 1268 et
1254 1226 1462 1268 Romanis

69 1306 104 1330 20
125 1288 382 1342 Graecisque
428 1287 601 1328 auribus
647 1287 776 1342 digna
820 1287 1050 1352 spoliatum
1093 1289 1220 1340 atque
1263 1286 1462 1327 cibatum

123 1348 295 1389 videret.
357 1346 567 1400 Equidem
600 1359 735 1400 angor
767 1345 909 1386 animo
940 1359 1028 1386 non
1059 1344 1245 1398 consilii,
1285 1358 1372 1384 non
1402 1343 1463 1383 in·
1490 1355 1508 1385 7

125 1406 234 1461 geni,
265 1419 353 1445 non
379 1404 649 1445 auctoritatis
677 1404 805 1444 armis
832 1418 955 1458 egere
981 1418 1070 1443 rem
1094 1402 1323 1457 publicam,
1356 1416 1463 1455 quae

124 1464 353 1505 didiceram
378 1465 564 1503 tractaie
585 1462 823 1516 quibusque
849 1476 915 1502 me
943 1461 1252 1502 assuefeceram
1272 1474 1463 1524 quaeque

124 1524 244 1564 erant
275 1521 449 1576 propria
480 1535 577 1562 cum
613 1520 872 1574 praestantis
903 1520 949 1560 in
979 1518 1228 1573 republica
1258 1518 1339 1559 viri
1370 1521 1464 1558 tum

71 1597 104 1622 25
123 1582 229 1622 bene
267 1582 457 1621 moratae
498 1582 540 1619 et
580 1579 686 1619 bene
719 1578 978 1620 constitutae
1011 1577 1211 1618 civitatis.
1273 1575 1396 1625 Quod
1428 1576 1464 1617 si

123 1639 206 1680 fuit
230 1638 276 1680 in
300 1652 345 1679 re
370 1637 542 1692 publica
566 1640 735 1691 tempus
767 1637 914 1703 ullum,
946 1651 1042 1677 cum
1068 1638 1320 1701 extorquere
1347 1649 1465 1676 arma

124 1700 270 1752 posset
291 1711 312 1737 6
333 1696 529 1737 manibus
554 1696 763 1737 iratorum
789 1711 826 1737 61
816 1695 945 1736 vium
970 1694 1073 1735 boni
1099 1694 1202 1735 civis
1229 1693 1464 1734 auctoritas

125 1759 168 1797 et
200 1755 357 1809 oratio,
393 1758 486 1795 tum
523 1754 717 1808 profecto
756 1753 857 1808 fuit,
894 1768 991 1795 cum
1027 1752 1315 1808 patrocinium
1346 1751 1464 1806 pacis

126 1814 344 1855 exclusum
385 1815 450 1853 est
492 1815 566 1854 aut
608 1827 748 1854 errore
789 1787 1011 1853 hoininum
1055 1813 1129 1852 aut
1168 1811 1334 1851 timore.
1396 1809 1464 1850 Ita
1490 1821 1510 1851 8

73 1888 106 1913 30
125 1872 341 1913 nobismet
382 1871 488 1925 ipsis
535 1871 689 1912 accidit
731 1873 796 1921 ut,
840 1884 1098 1924 quamquam
1141 1871 1284 1910 essent
1327 1868 1464 1909 multo

126 1930 263 1985 magis
297 1928 381 1970 alia
411 1929 612 1984 lugenda,
649 1932 793 1970 tamen
823 1929 905 1970 hoc
938 1927 1177 1969 doleremus
1211 1926 1342 1980 quod,
1380 1941 1464 1980 quo

126 1992 318 2042 tempore
369 1990 485 2028 aetas
533 1990 683 2029 nostra
738 1987 962 2041 perfuncta
1011 1986 1137 2027 rebus
1188 1984 1464 2039 amplissimis

125 2050 346 2100 tamquam
384 2045 429 2085 in
465 2048 638 2099 portum
678 2045 907 2100 confugeie
948 2044 1121 2085 deberet
1160 2058 1246 2085 non
1285 2043 1464 2084 inertiae

125 2119 263 2158 neque
297 2103 494 2157 desidiae,
525 2104 597 2144 sed
630 2104 707 2144 otii
739 2103 947 2144 moderati
980 2105 1106 2156 atque
1137 2102 1321 2156 honesti,
1353 2116 1464 2142 cum-

75 2178 109 2204 35
129 2178 208 2217 que
234 2163 329 2217 ipsa
354 2161 492 2203 oratio
517 2161 603 2202 iam
627 2165 776 2203 nostra
796 2164 1037 2203 canesceret
1061 2161 1322 2214 haberetque
1344 2174 1463 2200 suam

128 2221 355 2275 quamdam
381 2220 674 2265 maturitatem
700 2223 742 2261 et
768 2220 889 2274 quasi
916 2222 1190 2274 senectutem,
1221 2222 1314 2259 tum
1347 2232 1464 2258 arma

129 2282 228 2320 sunt
254 2294 303 2320 ea
330 2281 510 2332 sumpta,
543 2278 695 2332 quibus
726 2278 790 2319 illi
820 2278 917 2333 ipsi,
948 2278 1021 2333 qui
1053 2277 1287 2319 didicerant
1314 2275 1373 2316 eis
1400 2274 1463 2315 uti

196 2353 266 2379 CIO
284 2354 308 2379 1
328 2348 1176 2379 215
