<?xml version="1.0" encoding="UTF-8"?>
<!DOCTYPE html PUBLIC "-//W3C//DTD XHTML 1.0 Transitional//EN"
    "http://www.w3.org/TR/xhtml1/DTD/xhtml1-transitional.dtd">
<html xmlns="http://www.w3.org/1999/xhtml" xml:lang="en" lang="en">
 <head>
  <title>
</title>
<meta http-equiv="Content-Type" content="text/html;charset=utf-8" />
  <meta name='ocr-system' content='tesseract 3.04.00' />
  <meta name='ocr-capabilities' content='ocr_page ocr_carea ocr_par ocr_line ocrx_word'/>
</head>
<body>
  <div class='ocr_page' id='page_1' title='image "./p2scriptaquaemanse01ciceuoft_0270.png"; bbox 0 0 1643 2526; ppageno 0'>
   <div class='ocr_carea' id='block_1_1' title="bbox 73 506 117 536">
    <p class='ocr_par' dir='ltr' id='par_1_1' title="bbox 73 506 117 536">
     <span class='ocr_line' id='line_1_1' title="bbox 73 506 117 536; baseline 0 0"><span class='ocrx_word' id='word_1_1' title='bbox 73 506 117 536; x_wconf 82' lang='lat'>23</span> 
     </span>
    </p>
   </div>
   <div class='ocr_carea' id='block_1_2' title="bbox 75 1611 118 1650">
    <p class='ocr_par' dir='ltr' id='par_1_2' title="bbox 75 1611 118 1650">
     <span class='ocr_line' id='line_1_2' title="bbox 75 1611 118 1650; baseline 0 -8"><span class='ocrx_word' id='word_1_2' title='bbox 75 1611 118 1650; x_wconf 73' lang='lat'>25</span> 
     </span>
    </p>
   </div>
   <div class='ocr_carea' id='block_1_3' title="bbox 95 1775 117 1815">
    <p class='ocr_par' dir='ltr' id='par_1_3' title="bbox 95 1775 117 1815">
     <span class='ocr_line' id='line_1_3' title="bbox 95 1775 117 1815; baseline 0 0"><span class='ocrx_word' id='word_1_3' title='bbox 95 1775 117 1815; x_wconf 82' lang='lat'>7</span> 
     </span>
    </p>
   </div>
   <div class='ocr_carea' id='block_1_4' title="bbox 77 2309 119 2340">
    <p class='ocr_par' dir='ltr' id='par_1_4' title="bbox 77 2309 119 2340">
     <span class='ocr_line' id='line_1_4' title="bbox 77 2309 119 2340; baseline 0.024 -1"><span class='ocrx_word' id='word_1_4' title='bbox 77 2309 119 2340; x_wconf 80' lang='lat'>26</span> 
     </span>
    </p>
   </div>
   <div class='ocr_carea' id='block_1_5' title="bbox 146 106 970 150">
    <p class='ocr_par' dir='ltr' id='par_1_5' title="bbox 146 106 970 150">
     <span class='ocr_line' id='line_1_5' title="bbox 146 106 970 150; baseline -0.012 0"><span class='ocrx_word' id='word_1_5' title='bbox 146 109 229 150; x_wconf 87' lang='grc'>]68</span> <span class='ocrx_word' id='word_1_6' title='bbox 656 107 717 141; x_wconf 87' lang='lat' dir='ltr'>DE</span> <span class='ocrx_word' id='word_1_7' title='bbox 745 106 970 142; x_wconf 79' lang='lat' dir='ltr'><strong>ORATORE</strong></span> 
     </span>
    </p>
   </div>
   <div class='ocr_carea' id='block_1_6' title="bbox 142 199 1538 2347">
    <p class='ocr_par' dir='ltr' id='par_1_6' title="bbox 142 199 1536 1769">
     <span class='ocr_line' id='line_1_6' title="bbox 144 199 1477 258; baseline -0.004 -13"><span class='ocrx_word' id='word_1_8' title='bbox 144 204 268 245; x_wconf 83' lang='lat' dir='ltr'>strati</span> <span class='ocrx_word' id='word_1_9' title='bbox 312 204 525 258; x_wconf 80' lang='lat' dir='ltr'>suspicere</span> <span class='ocrx_word' id='word_1_10' title='bbox 567 203 799 257; x_wconf 88' lang='lat' dir='ltr'>possimus,</span> <span class='ocrx_word' id='word_1_11' title='bbox 849 202 956 242; x_wconf 88' lang='lat' dir='ltr'>illud</span> <span class='ocrx_word' id='word_1_12' title='bbox 999 204 1112 243; x_wconf 84' lang='lat' dir='ltr'>certe</span> <span class='ocrx_word' id='word_1_13' title='bbox 1155 204 1317 254; x_wconf 88' lang='lat' dir='ltr'>tamen,</span> <span class='ocrx_word' id='word_1_14' title='bbox 1367 199 1477 253; x_wconf 87' lang='lat' dir='ltr'>quod</span> 
     </span>
     <span class='ocr_line' id='line_1_7' title="bbox 144 258 1479 316; baseline -0.004 -13"><span class='ocrx_word' id='word_1_15' title='bbox 144 262 327 316; x_wconf 83' lang='lat' dir='ltr'>amplexi</span> <span class='ocrx_word' id='word_1_16' title='bbox 372 277 537 316; x_wconf 90' lang='lat' dir='ltr'>sumus,</span> <span class='ocrx_word' id='word_1_17' title='bbox 580 262 692 315; x_wconf 88' lang='lat' dir='ltr'>quod</span> <span class='ocrx_word' id='word_1_18' title='bbox 734 261 1003 315; x_wconf 89' lang='lat' dir='ltr'>profitemur,</span> <span class='ocrx_word' id='word_1_19' title='bbox 1047 259 1160 313; x_wconf 89' lang='lat' dir='ltr'>quod</span> <span class='ocrx_word' id='word_1_20' title='bbox 1204 258 1479 312; x_wconf 82' lang='lat' dir='ltr'>suscepimus,</span> 
     </span>
     <span class='ocr_line' id='line_1_8' title="bbox 142 317 1479 372; baseline -0.004 -10"><span class='ocrx_word' id='word_1_21' title='bbox 142 335 268 362; x_wconf 88' lang='lat' dir='ltr'>nosse</span> <span class='ocrx_word' id='word_1_22' title='bbox 302 324 344 361; x_wconf 91' lang='lat' dir='ltr'>et</span> <span class='ocrx_word' id='word_1_23' title='bbox 374 324 519 361; x_wconf 87' lang='lat' dir='ltr'>tenere</span> <span class='ocrx_word' id='word_1_24' title='bbox 552 320 764 360; x_wconf 88' lang='lat' dir='ltr'>debemus</span> <span class='ocrx_word' id='word_1_25' title='bbox 815 318 909 360; x_wconf 87' lang='lat' dir='ltr'>Una</span> <span class='ocrx_word' id='word_1_26' title='bbox 940 322 1005 359; x_wconf 89' lang='lat' dir='ltr'>est</span> <span class='ocrx_word' id='word_1_27' title='bbox 1037 317 1162 372; x_wconf 89' lang='lat' dir='ltr'>enim,</span> <span class='ocrx_word' id='word_1_28' title='bbox 1194 317 1307 370; x_wconf 92' lang='lat' dir='ltr'>quod</span> <span class='ocrx_word' id='word_1_29' title='bbox 1332 319 1374 357; x_wconf 87' lang='lat' dir='ltr'>et</span> <span class='ocrx_word' id='word_1_30' title='bbox 1399 329 1479 370; x_wconf 88' lang='lat' dir='ltr'>ego</span> 
     </span>
     <span class='ocr_line' id='line_1_9' title="bbox 143 375 1481 431; baseline -0.004 -11"><span class='ocrx_word' id='word_1_31' title='bbox 143 379 343 420; x_wconf 87' lang='lat' dir='ltr'>hesterna</span> <span class='ocrx_word' id='word_1_32' title='bbox 380 378 446 419; x_wconf 89' lang='lat' dir='ltr'>die</span> <span class='ocrx_word' id='word_1_33' title='bbox 485 378 571 419; x_wconf 84' lang='lat' dir='ltr'>dixi</span> <span class='ocrx_word' id='word_1_34' title='bbox 608 381 651 419; x_wconf 90' lang='lat' dir='ltr'>et</span> <span class='ocrx_word' id='word_1_35' title='bbox 688 378 851 431; x_wconf 88' lang='lat' dir='ltr'>aliquot</span> <span class='ocrx_word' id='word_1_36' title='bbox 888 377 993 417; x_wconf 86' lang='lat' dir='ltr'>locis</span> <span class='ocrx_word' id='word_1_37' title='bbox 1032 375 1365 417; x_wconf 81' lang='lat' dir='ltr'>antemeridiano</span> <span class='ocrx_word' id='word_1_38' title='bbox 1398 388 1481 414; x_wconf 88' lang='grc'>561·-</span> 
     </span>
     <span class='ocr_line' id='line_1_10' title="bbox 143 431 1515 497; baseline -0.004 -19"><span class='ocrx_word' id='word_1_39' title='bbox 143 452 267 478; x_wconf 87' lang='lat' dir='ltr'>mone</span> <span class='ocrx_word' id='word_1_40' title='bbox 296 436 553 492; x_wconf 80' lang='lat' dir='ltr'>significavit</span> <span class='ocrx_word' id='word_1_41' title='bbox 578 435 807 489; x_wconf 88' lang='lat' dir='ltr'>Antonius,</span> <span class='ocrx_word' id='word_1_42' title='bbox 833 434 1089 488; x_wconf 73' lang='lat' dir='ltr'>eloquentia,</span> <span class='ocrx_word' id='word_1_43' title='bbox 1121 446 1408 497; x_wconf 83' lang='lat' dir='ltr'>quascumque</span> <span class='ocrx_word' id='word_1_44' title='bbox 1433 431 1479 472; x_wconf 91' lang='lat' dir='ltr'>in</span> <span class='ocrx_word' id='word_1_45' title='bbox 1497 442 1515 467; x_wconf 85' lang='lat'>5</span> 
     </span>
     <span class='ocr_line' id='line_1_11' title="bbox 145 490 1478 559; baseline -0.005 -23"><span class='ocrx_word' id='word_1_46' title='bbox 145 510 240 536; x_wconf 87' lang='lat' dir='ltr'>oras</span> <span class='ocrx_word' id='word_1_47' title='bbox 274 495 576 549; x_wconf 66' lang='lat' dir='ltr'>disputationis</span> <span class='ocrx_word' id='word_1_48' title='bbox 608 494 855 559; x_wconf 81' lang='lat' dir='ltr'>regionesve</span> <span class='ocrx_word' id='word_1_49' title='bbox 889 493 1029 533; x_wconf 88' lang='lat' dir='ltr'>delata</span> <span class='ocrx_word' id='word_1_50' title='bbox 1055 495 1130 533; x_wconf 90' lang='lat' dir='ltr'>est.</span> <span class='ocrx_word' id='word_1_51' title='bbox 1176 491 1289 532; x_wconf 84' lang='lat' dir='ltr'>Nam</span> <span class='ocrx_word' id='word_1_52' title='bbox 1316 491 1403 531; x_wconf 83' lang='lat' dir='ltr'>sive</span> <span class='ocrx_word' id='word_1_53' title='bbox 1429 490 1478 530; x_wconf 89' lang='lat' dir='ltr'>de</span> 
     </span>
     <span class='ocr_line' id='line_1_12' title="bbox 144 547 1480 606; baseline -0.005 -11"><span class='ocrx_word' id='word_1_54' title='bbox 144 554 250 595; x_wconf 88' lang='lat' dir='ltr'>caeli</span> <span class='ocrx_word' id='word_1_55' title='bbox 281 558 435 594; x_wconf 72' lang='lat' dir='ltr'>natura</span> <span class='ocrx_word' id='word_1_56' title='bbox 464 553 655 606; x_wconf 77' lang='lat' dir='ltr'>loquitu</span> <span class='ocrx_word' id='word_1_57' title='bbox 688 552 774 592; x_wconf 79' lang='lat' dir='ltr'>sive</span> <span class='ocrx_word' id='word_1_58' title='bbox 808 552 857 592; x_wconf 88' lang='lat' dir='ltr'>de</span> <span class='ocrx_word' id='word_1_59' title='bbox 890 555 1027 592; x_wconf 81' lang='lat' dir='ltr'>terra-e</span> <span class='ocrx_word' id='word_1_60' title='bbox 1061 550 1148 591; x_wconf 83' lang='lat' dir='ltr'>sive</span> <span class='ocrx_word' id='word_1_61' title='bbox 1181 550 1231 590; x_wconf 91' lang='lat' dir='ltr'>de</span> <span class='ocrx_word' id='word_1_62' title='bbox 1264 548 1407 590; x_wconf 85' lang='lat' dir='ltr'>divina</span> <span class='ocrx_word' id='word_1_63' title='bbox 1437 547 1480 588; x_wconf 84' lang='lat' dir='ltr'>vi</span> 
     </span>
     <span class='ocr_line' id='line_1_13' title="bbox 145 608 1479 659; baseline -0.005 -6"><span class='ocrx_word' id='word_1_64' title='bbox 145 612 232 653; x_wconf 84' lang='lat' dir='ltr'>sive</span> <span class='ocrx_word' id='word_1_65' title='bbox 265 612 314 653; x_wconf 91' lang='lat' dir='ltr'>de</span> <span class='ocrx_word' id='word_1_66' title='bbox 345 612 533 653; x_wconf 88' lang='lat' dir='ltr'>humana</span> <span class='ocrx_word' id='word_1_67' title='bbox 564 611 651 652; x_wconf 77' lang='lat' dir='ltr'>sive</span> <span class='ocrx_word' id='word_1_68' title='bbox 683 625 733 651; x_wconf 82' lang='lat' dir='ltr'>ex</span> <span class='ocrx_word' id='word_1_69' title='bbox 764 609 964 650; x_wconf 85' lang='lat' dir='ltr'>inferiore</span> <span class='ocrx_word' id='word_1_70' title='bbox 1002 609 1097 650; x_wconf 92' lang='lat' dir='ltr'>loco</span> <span class='ocrx_word' id='word_1_71' title='bbox 1138 608 1223 649; x_wconf 83' lang='lat' dir='ltr'>sive</span> <span class='ocrx_word' id='word_1_72' title='bbox 1263 622 1313 648; x_wconf 89' lang='lat' dir='ltr'>ex</span> <span class='ocrx_word' id='word_1_73' title='bbox 1345 620 1479 659; x_wconf 85' lang='lat' dir='ltr'>aequo</span> 
     </span>
     <span class='ocr_line' id='line_1_14' title="bbox 145 665 1479 724; baseline -0.005 -13"><span class='ocrx_word' id='word_1_74' title='bbox 145 671 231 711; x_wconf 86' lang='lat' dir='ltr'>sive</span> <span class='ocrx_word' id='word_1_75' title='bbox 273 685 323 711; x_wconf 77' lang='lat' dir='ltr'>ex</span> <span class='ocrx_word' id='word_1_76' title='bbox 364 669 579 724; x_wconf 82' lang='lat' dir='ltr'>superiore</span> <span class='ocrx_word' id='word_1_77' title='bbox 622 669 708 709; x_wconf 88' lang='lat' dir='ltr'>sive</span> <span class='ocrx_word' id='word_1_78' title='bbox 749 671 797 709; x_wconf 92' lang='lat' dir='ltr'>ut</span> <span class='ocrx_word' id='word_1_79' title='bbox 836 667 1029 722; x_wconf 90' lang='lat' dir='ltr'>impellat</span> <span class='ocrx_word' id='word_1_80' title='bbox 1069 666 1263 707; x_wconf 85' lang='lat' dir='ltr'>homines</span> <span class='ocrx_word' id='word_1_81' title='bbox 1306 665 1393 706; x_wconf 84' lang='lat' dir='ltr'>sive</span> <span class='ocrx_word' id='word_1_82' title='bbox 1431 667 1479 704; x_wconf 92' lang='lat' dir='ltr'>ut</span> 
     </span>
     <span class='ocr_line' id='line_1_15' title="bbox 144 724 1535 770; baseline -0.006 0"><span class='ocrx_word' id='word_1_83' title='bbox 144 729 294 770; x_wconf 87' lang='lat' dir='ltr'>doceat</span> <span class='ocrx_word' id='word_1_84' title='bbox 332 728 419 769; x_wconf 85' lang='lat' dir='ltr'>sive</span> <span class='ocrx_word' id='word_1_85' title='bbox 456 731 504 768; x_wconf 86' lang='lat' dir='ltr'>ut</span> <span class='ocrx_word' id='word_1_86' title='bbox 543 728 752 768; x_wconf 86' lang='lat' dir='ltr'>deterreat</span> <span class='ocrx_word' id='word_1_87' title='bbox 792 726 879 766; x_wconf 77' lang='lat' dir='ltr'>sive</span> <span class='ocrx_word' id='word_1_88' title='bbox 917 729 964 766; x_wconf 90' lang='lat' dir='ltr'>ut</span> <span class='ocrx_word' id='word_1_89' title='bbox 1003 725 1188 766; x_wconf 82' lang='lat' dir='ltr'>concitet</span> <span class='ocrx_word' id='word_1_90' title='bbox 1220 724 1307 764; x_wconf 86' lang='lat' dir='ltr'>sive</span> <span class='ocrx_word' id='word_1_91' title='bbox 1340 726 1388 763; x_wconf 89' lang='lat' dir='ltr'>ut</span> <span class='ocrx_word' id='word_1_92' title='bbox 1420 737 1481 763; x_wconf 88' lang='lat' dir='ltr'>re·</span> <span class='ocrx_word' id='word_1_93' title='bbox 1501 733 1535 758; x_wconf 86' lang='lat'>10</span> 
     </span>
     <span class='ocr_line' id='line_1_16' title="bbox 144 782 1481 835; baseline -0.004 -8"><span class='ocrx_word' id='word_1_94' title='bbox 144 787 289 828; x_wconf 87' lang='lat' dir='ltr'>flectat</span> <span class='ocrx_word' id='word_1_95' title='bbox 322 786 408 827; x_wconf 78' lang='lat' dir='ltr'>sive</span> <span class='ocrx_word' id='word_1_96' title='bbox 440 788 489 826; x_wconf 90' lang='lat' dir='ltr'>ut</span> <span class='ocrx_word' id='word_1_97' title='bbox 520 786 719 826; x_wconf 86' lang='lat' dir='ltr'>incendat</span> <span class='ocrx_word' id='word_1_98' title='bbox 751 784 838 825; x_wconf 84' lang='lat' dir='ltr'>sive</span> <span class='ocrx_word' id='word_1_99' title='bbox 869 787 917 824; x_wconf 88' lang='lat' dir='ltr'>ut</span> <span class='ocrx_word' id='word_1_100' title='bbox 954 783 1087 824; x_wconf 87' lang='lat' dir='ltr'>leniat</span> <span class='ocrx_word' id='word_1_101' title='bbox 1120 782 1206 823; x_wconf 84' lang='lat' dir='ltr'>sive</span> <span class='ocrx_word' id='word_1_102' title='bbox 1240 782 1292 822; x_wconf 86' lang='lat' dir='ltr'>ad</span> <span class='ocrx_word' id='word_1_103' title='bbox 1322 795 1481 835; x_wconf 88' lang='lat' dir='ltr'>paucos</span> 
     </span>
     <span class='ocr_line' id='line_1_17' title="bbox 145 839 1480 886; baseline -0.004 -1"><span class='ocrx_word' id='word_1_104' title='bbox 145 845 232 886; x_wconf 82' lang='lat' dir='ltr'>sive</span> <span class='ocrx_word' id='word_1_105' title='bbox 266 845 317 885; x_wconf 86' lang='lat' dir='ltr'>ad</span> <span class='ocrx_word' id='word_1_106' title='bbox 349 844 508 884; x_wconf 91' lang='lat' dir='ltr'>multos</span> <span class='ocrx_word' id='word_1_107' title='bbox 542 843 629 884; x_wconf 82' lang='lat' dir='ltr'>sive</span> <span class='ocrx_word' id='word_1_108' title='bbox 666 843 778 883; x_wconf 85' lang='lat' dir='ltr'>inter</span> <span class='ocrx_word' id='word_1_109' title='bbox 816 842 977 882; x_wconf 89' lang='lat' dir='ltr'>alienos</span> <span class='ocrx_word' id='word_1_110' title='bbox 1017 841 1103 882; x_wconf 79' lang='lat' dir='ltr'>sive</span> <span class='ocrx_word' id='word_1_111' title='bbox 1137 855 1233 882; x_wconf 92' lang='lat' dir='ltr'>cum</span> <span class='ocrx_word' id='word_1_112' title='bbox 1271 839 1359 880; x_wconf 89' lang='lat' dir='ltr'>suis</span> <span class='ocrx_word' id='word_1_113' title='bbox 1393 839 1480 880; x_wconf 87' lang='lat' dir='ltr'>sive</span> 
     </span>
     <span class='ocr_line' id='line_1_18' title="bbox 145 898 1483 956; baseline -0.005 -12"><span class='ocrx_word' id='word_1_114' title='bbox 145 918 300 956; x_wconf 86' lang='lat' dir='ltr'>secum,</span> <span class='ocrx_word' id='word_1_115' title='bbox 331 902 433 943; x_wconf 85' lang='lat' dir='ltr'>rivis</span> <span class='ocrx_word' id='word_1_116' title='bbox 467 905 531 942; x_wconf 91' lang='lat' dir='ltr'>est</span> <span class='ocrx_word' id='word_1_117' title='bbox 564 901 735 942; x_wconf 88' lang='lat' dir='ltr'>diducta</span> <span class='ocrx_word' id='word_1_118' title='bbox 760 900 910 954; x_wconf 88' lang='lat' dir='ltr'>oratio7</span> <span class='ocrx_word' id='word_1_119' title='bbox 940 914 1027 940; x_wconf 86' lang='grc'>11011</span> <span class='ocrx_word' id='word_1_120' title='bbox 1051 898 1263 952; x_wconf 71' lang='lat' dir='ltr'>fontibus,</span> <span class='ocrx_word' id='word_1_121' title='bbox 1295 900 1351 952; x_wconf 88' lang='lat' dir='ltr'>et,</span> <span class='ocrx_word' id='word_1_122' title='bbox 1382 911 1483 950; x_wconf 89' lang='lat' dir='ltr'>quo-</span> 
     </span>
     <span class='ocr_line' id='line_1_19' title="bbox 145 958 1481 1014; baseline -0.005 -12"><span class='ocrx_word' id='word_1_123' title='bbox 145 976 324 1014; x_wconf 87' lang='lat' dir='ltr'>cumque</span> <span class='ocrx_word' id='word_1_124' title='bbox 372 960 628 1014; x_wconf 79' lang='lat' dir='ltr'>ingreditur,</span> <span class='ocrx_word' id='word_1_125' title='bbox 677 959 824 999; x_wconf 87' lang='lat' dir='ltr'>eodem</span> <span class='ocrx_word' id='word_1_126' title='bbox 875 961 939 999; x_wconf 87' lang='lat' dir='ltr'>est</span> <span class='ocrx_word' id='word_1_127' title='bbox 986 958 1199 998; x_wconf 85' lang='lat' dir='ltr'>instructu</span> <span class='ocrx_word' id='word_1_128' title='bbox 1245 958 1481 1008; x_wconf 87' lang='lat' dir='ltr'>ornatuque</span> 
     </span>
     <span class='ocr_line' id='line_1_20' title="bbox 145 1013 1535 1072; baseline -0.005 -12"><span class='ocrx_word' id='word_1_129' title='bbox 145 1020 360 1061; x_wconf 88' lang='lat' dir='ltr'>comitata.</span> <span class='ocrx_word' id='word_1_130' title='bbox 423 1017 505 1059; x_wconf 78' lang='lat' dir='ltr'>Sed</span> <span class='ocrx_word' id='word_1_131' title='bbox 543 1017 744 1072; x_wconf 86' lang='lat' dir='ltr'>quoniam</span> <span class='ocrx_word' id='word_1_132' title='bbox 782 1016 974 1070; x_wconf 73' lang='lat' dir='ltr'>oppressi</span> <span class='ocrx_word' id='word_1_133' title='bbox 1011 1016 1097 1056; x_wconf 86' lang='lat' dir='ltr'>iam</span> <span class='ocrx_word' id='word_1_134' title='bbox 1136 1029 1281 1056; x_wconf 83' lang='lat' dir='ltr'>sumus</span> <span class='ocrx_word' id='word_1_135' title='bbox 1321 1013 1535 1068; x_wconf 80' lang='lat' dir='ltr'>opinio-15</span> 
     </span>
     <span class='ocr_line' id='line_1_21' title="bbox 144 1071 1482 1130; baseline -0.004 -12"><span class='ocrx_word' id='word_1_136' title='bbox 144 1078 270 1118; x_wconf 87' lang='lat' dir='ltr'>nibus</span> <span class='ocrx_word' id='word_1_137' title='bbox 302 1091 389 1117; x_wconf 91' lang='lat' dir='ltr'>non</span> <span class='ocrx_word' id='word_1_138' title='bbox 420 1077 545 1117; x_wconf 90' lang='lat' dir='ltr'>modo</span> <span class='ocrx_word' id='word_1_139' title='bbox 578 1076 696 1130; x_wconf 84' lang='lat' dir='ltr'>vulgi</span> <span class='ocrx_word' id='word_1_140' title='bbox 727 1090 873 1116; x_wconf 86' lang='lat' dir='ltr'>verum</span> <span class='ocrx_word' id='word_1_141' title='bbox 906 1075 1035 1115; x_wconf 85' lang='lat' dir='ltr'>etiam</span> <span class='ocrx_word' id='word_1_142' title='bbox 1071 1073 1295 1114; x_wconf 88' lang='lat' dir='ltr'>hominum</span> <span class='ocrx_word' id='word_1_143' title='bbox 1331 1071 1482 1113; x_wconf 83' lang='lat' dir='ltr'>leviter</span> 
     </span>
     <span class='ocr_line' id='line_1_22' title="bbox 145 1130 1483 1188; baseline -0.004 -12"><span class='ocrx_word' id='word_1_144' title='bbox 145 1136 426 1188; x_wconf 87' lang='lat' dir='ltr'>eruditorum,</span> <span class='ocrx_word' id='word_1_145' title='bbox 465 1134 555 1188; x_wconf 89' lang='lat' dir='ltr'>qui,</span> <span class='ocrx_word' id='word_1_146' title='bbox 593 1148 698 1187; x_wconf 88' lang='lat' dir='ltr'>quae</span> <span class='ocrx_word' id='word_1_147' title='bbox 732 1133 957 1186; x_wconf 77' lang='lat' dir='ltr'>complecti</span> <span class='ocrx_word' id='word_1_148' title='bbox 989 1135 1083 1173; x_wconf 81' lang='lat' dir='ltr'>tota</span> <span class='ocrx_word' id='word_1_149' title='bbox 1113 1133 1347 1184; x_wconf 85' lang='lat' dir='ltr'>nequeunt,</span> <span class='ocrx_word' id='word_1_150' title='bbox 1377 1130 1483 1171; x_wconf 89' lang='lat' dir='ltr'>haec</span> 
     </span>
     <span class='ocr_line' id='line_1_23' title="bbox 144 1169 1482 1245; baseline -0.004 -11"><span class='ocrx_word' id='word_1_151' title='bbox 144 1194 311 1234; x_wconf 83' lang='lat' dir='ltr'>facilius</span> <span class='ocrx_word' id='word_1_152' title='bbox 344 1169 510 1233; x_wconf 74' lang='lat' dir='ltr'>diviilsa</span> <span class='ocrx_word' id='word_1_153' title='bbox 541 1195 582 1233; x_wconf 93' lang='lat' dir='ltr'>et</span> <span class='ocrx_word' id='word_1_154' title='bbox 615 1191 736 1245; x_wconf 85' lang='lat' dir='ltr'>quasi</span> <span class='ocrx_word' id='word_1_155' title='bbox 768 1191 980 1244; x_wconf 76' lang='lat' dir='ltr'>discerpta</span> <span class='ocrx_word' id='word_1_156' title='bbox 1012 1192 1297 1242; x_wconf 85' lang='lat' dir='ltr'>contrectant,</span> <span class='ocrx_word' id='word_1_157' title='bbox 1336 1191 1378 1229; x_wconf 91' lang='lat' dir='ltr'>et</span> <span class='ocrx_word' id='word_1_158' title='bbox 1410 1187 1482 1242; x_wconf 89' lang='lat' dir='ltr'>qui</span> 
     </span>
     <span class='ocr_line' id='line_1_24' title="bbox 145 1246 1482 1305; baseline -0.004 -13"><span class='ocrx_word' id='word_1_159' title='bbox 145 1256 350 1305; x_wconf 86' lang='lat' dir='ltr'>tanquam</span> <span class='ocrx_word' id='word_1_160' title='bbox 395 1251 447 1292; x_wconf 87' lang='lat' dir='ltr'>ab</span> <span class='ocrx_word' id='word_1_161' title='bbox 493 1250 635 1291; x_wconf 79' lang='lat' dir='ltr'>animo</span> <span class='ocrx_word' id='word_1_162' title='bbox 686 1264 857 1303; x_wconf 89' lang='lat' dir='ltr'>corpus,</span> <span class='ocrx_word' id='word_1_163' title='bbox 907 1249 966 1289; x_wconf 86' lang='grc'>510</span> <span class='ocrx_word' id='word_1_164' title='bbox 1018 1263 1041 1288; x_wconf 86' lang='grc'>6</span> <span class='ocrx_word' id='word_1_165' title='bbox 1086 1246 1308 1288; x_wconf 87' lang='lat' dir='ltr'>sententiis</span> <span class='ocrx_word' id='word_1_166' title='bbox 1352 1247 1482 1287; x_wconf 82' lang='lat' dir='ltr'>verba</span> 
     </span>
     <span class='ocr_line' id='line_1_25' title="bbox 147 1306 1536 1364; baseline -0.004 -14"><span class='ocrx_word' id='word_1_167' title='bbox 147 1310 396 1364; x_wconf 82' lang='lat' dir='ltr'>seiungunt,</span> <span class='ocrx_word' id='word_1_168' title='bbox 428 1323 609 1362; x_wconf 84' lang='lat' dir='ltr'>quorum</span> <span class='ocrx_word' id='word_1_169' title='bbox 642 1308 731 1348; x_wconf 88' lang='lat' dir='ltr'>sine</span> <span class='ocrx_word' id='word_1_170' title='bbox 763 1307 941 1348; x_wconf 87' lang='lat' dir='ltr'>interitu</span> <span class='ocrx_word' id='word_1_171' title='bbox 973 1306 1066 1347; x_wconf 85' lang='lat' dir='ltr'>fieri</span> <span class='ocrx_word' id='word_1_172' title='bbox 1097 1309 1296 1346; x_wconf 83' lang='lat' dir='ltr'>neutrum</span> <span class='ocrx_word' id='word_1_173' title='bbox 1327 1307 1484 1359; x_wconf 84' lang='lat' dir='ltr'>potest,</span> <span class='ocrx_word' id='word_1_174' title='bbox 1502 1315 1536 1339; x_wconf 75' lang='lat'>‘20</span> 
     </span>
     <span class='ocr_line' id='line_1_26' title="bbox 144 1362 1482 1421; baseline -0.005 -12"><span class='ocrx_word' id='word_1_175' title='bbox 144 1383 232 1409; x_wconf 89' lang='lat' dir='ltr'>non</span> <span class='ocrx_word' id='word_1_176' title='bbox 258 1367 488 1421; x_wconf 86' lang='lat' dir='ltr'>suscipiam</span> <span class='ocrx_word' id='word_1_177' title='bbox 509 1381 556 1407; x_wconf 93' lang='grc'>01·</span> <span class='ocrx_word' id='word_1_178' title='bbox 560 1366 701 1407; x_wconf 86' lang='lat' dir='ltr'>atione</span> <span class='ocrx_word' id='word_1_179' title='bbox 722 1380 816 1406; x_wconf 87' lang='lat' dir='ltr'>mea</span> <span class='ocrx_word' id='word_1_180' title='bbox 835 1365 931 1419; x_wconf 90' lang='lat' dir='ltr'>plus</span> <span class='ocrx_word' id='word_1_181' title='bbox 953 1379 1080 1418; x_wconf 87' lang='lat' dir='ltr'>quam</span> <span class='ocrx_word' id='word_1_182' title='bbox 1100 1363 1206 1404; x_wconf 87' lang='lat' dir='ltr'>mihi</span> <span class='ocrx_word' id='word_1_183' title='bbox 1230 1362 1482 1417; x_wconf 66' lang='lat' dir='ltr'>imponitur-3</span> 
     </span>
     <span class='ocr_line' id='line_1_27' title="bbox 145 1420 1483 1480; baseline -0.004 -13"><span class='ocrx_word' id='word_1_184' title='bbox 145 1430 316 1468; x_wconf 87' lang='lat' dir='ltr'>tantum</span> <span class='ocrx_word' id='word_1_185' title='bbox 349 1425 600 1480; x_wconf 84' lang='lat' dir='ltr'>significabo</span> <span class='ocrx_word' id='word_1_186' title='bbox 633 1424 751 1465; x_wconf 79' lang='lat' dir='ltr'>brevi</span> <span class='ocrx_word' id='word_1_187' title='bbox 782 1438 917 1477; x_wconf 86' lang='lat' dir='ltr'>neque</span> <span class='ocrx_word' id='word_1_188' title='bbox 944 1423 1172 1463; x_wconf 33' lang='lat' dir='ltr'>ve1wb01um</span> <span class='ocrx_word' id='word_1_189' title='bbox 1199 1424 1397 1462; x_wconf 85' lang='lat' dir='ltr'>ornatum</span> <span class='ocrx_word' id='word_1_190' title='bbox 1421 1420 1483 1461; x_wconf 89' lang='lat' dir='ltr'>in-</span> 
     </span>
     <span class='ocr_line' id='line_1_28' title="bbox 145 1479 1482 1546; baseline -0.004 -21"><span class='ocrx_word' id='word_1_191' title='bbox 145 1484 280 1526; x_wconf 79' lang='lat' dir='ltr'>veniri</span> <span class='ocrx_word' id='word_1_192' title='bbox 311 1498 436 1538; x_wconf 89' lang='lat' dir='ltr'>posse</span> <span class='ocrx_word' id='word_1_193' title='bbox 467 1498 555 1524; x_wconf 91' lang='lat' dir='ltr'>non</span> <span class='ocrx_word' id='word_1_194' title='bbox 585 1483 720 1537; x_wconf 90' lang='lat' dir='ltr'>partis</span> <span class='ocrx_word' id='word_1_195' title='bbox 758 1481 1052 1546; x_wconf 70' lang='lat' dir='ltr'>expressisque</span> <span class='ocrx_word' id='word_1_196' title='bbox 1092 1479 1314 1522; x_wconf 89' lang='lat' dir='ltr'>sententiis</span> <span class='ocrx_word' id='word_1_197' title='bbox 1345 1493 1482 1532; x_wconf 89' lang='lat' dir='ltr'>neque</span> 
     </span>
     <span class='ocr_line' id='line_1_29' title="bbox 146 1538 1481 1584; baseline -0.006 0"><span class='ocrx_word' id='word_1_198' title='bbox 146 1558 237 1584; x_wconf 89' lang='lat' dir='ltr'>esse</span> <span class='ocrx_word' id='word_1_199' title='bbox 275 1543 408 1583; x_wconf 81' lang='lat' dir='ltr'>ullam</span> <span class='ocrx_word' id='word_1_200' title='bbox 447 1541 703 1582; x_wconf 87' lang='lat' dir='ltr'>sententiam</span> <span class='ocrx_word' id='word_1_201' title='bbox 739 1540 952 1581; x_wconf 83' lang='lat' dir='ltr'>illustrem</span> <span class='ocrx_word' id='word_1_202' title='bbox 991 1539 1080 1580; x_wconf 88' lang='lat' dir='ltr'>sine</span> <span class='ocrx_word' id='word_1_203' title='bbox 1118 1539 1211 1579; x_wconf 91' lang='lat' dir='ltr'>luce</span> <span class='ocrx_word' id='word_1_204' title='bbox 1243 1538 1481 1578; x_wconf 83' lang='lat' dir='ltr'>verborum.</span> 
     </span>
     <span class='ocr_line' id='line_1_30' title="bbox 147 1595 1536 1666; baseline -0.006 -24"><span class='ocrx_word' id='word_1_205' title='bbox 147 1600 229 1642; x_wconf 83' lang='lat' dir='ltr'>Sed</span> <span class='ocrx_word' id='word_1_206' title='bbox 259 1600 512 1666; x_wconf 83' lang='lat' dir='ltr'>priusquam</span> <span class='ocrx_word' id='word_1_207' title='bbox 543 1599 618 1639; x_wconf 87' lang='lat' dir='ltr'>illa</span> <span class='ocrx_word' id='word_1_208' title='bbox 651 1612 780 1640; x_wconf 91' lang='lat' dir='ltr'>conor</span> <span class='ocrx_word' id='word_1_209' title='bbox 806 1598 1029 1652; x_wconf 84' lang='lat' dir='ltr'>attingere,</span> <span class='ocrx_word' id='word_1_210' title='bbox 1062 1597 1216 1650; x_wconf 86' lang='lat' dir='ltr'>quibus</span> <span class='ocrx_word' id='word_1_211' title='bbox 1244 1595 1482 1636; x_wconf 89' lang='lat' dir='ltr'>orationem</span> <span class='ocrx_word' id='word_1_212' title='bbox 1502 1606 1536 1632; x_wconf 82' lang='lat'>25</span> 
     </span>
     <span class='ocr_line' id='line_1_31' title="bbox 147 1653 1483 1711; baseline -0.004 -12"><span class='ocrx_word' id='word_1_213' title='bbox 147 1659 289 1700; x_wconf 70' lang='lat' dir='ltr'>ornari</span> <span class='ocrx_word' id='word_1_214' title='bbox 310 1661 437 1711; x_wconf 87' lang='lat' dir='ltr'>atque</span> <span class='ocrx_word' id='word_1_215' title='bbox 463 1657 696 1697; x_wconf 85' lang='lat' dir='ltr'>illuminari</span> <span class='ocrx_word' id='word_1_216' title='bbox 721 1659 881 1710; x_wconf 90' lang='lat' dir='ltr'>putem,</span> <span class='ocrx_word' id='word_1_217' title='bbox 905 1669 1142 1709; x_wconf 85' lang='lat' dir='ltr'>proponam</span> <span class='ocrx_word' id='word_1_218' title='bbox 1168 1653 1355 1695; x_wconf 85' lang='lat' dir='ltr'>breviter</span> <span class='ocrx_word' id='word_1_219' title='bbox 1382 1653 1483 1706; x_wconf 87' lang='lat' dir='ltr'>quid</span> 
     </span>
     <span class='ocr_line' id='line_1_32' title="bbox 146 1713 1034 1769; baseline -0.005 -12"><span class='ocrx_word' id='word_1_220' title='bbox 146 1717 329 1758; x_wconf 85' lang='lat' dir='ltr'>sentiam</span> <span class='ocrx_word' id='word_1_221' title='bbox 360 1716 409 1756; x_wconf 91' lang='lat' dir='ltr'>de</span> <span class='ocrx_word' id='word_1_222' title='bbox 442 1715 639 1755; x_wconf 84' lang='lat' dir='ltr'>universo</span> <span class='ocrx_word' id='word_1_223' title='bbox 674 1728 826 1769; x_wconf 82' lang='lat' dir='ltr'>genere</span> <span class='ocrx_word' id='word_1_224' title='bbox 859 1713 1034 1754; x_wconf 87' lang='lat' dir='ltr'>dicendi.</span> 
     </span>
    </p>

    <p class='ocr_par' dir='ltr' id='par_1_7' title="bbox 143 1769 1538 2347">
     <span class='ocr_line' id='line_1_33' title="bbox 263 1769 1484 1826; baseline -0.004 -11"><span class='ocrx_word' id='word_1_225' title='bbox 263 1774 432 1815; x_wconf 83' lang='lat' dir='ltr'>Natura</span> <span class='ocrx_word' id='word_1_226' title='bbox 456 1773 574 1814; x_wconf 87' lang='lat' dir='ltr'>nulla</span> <span class='ocrx_word' id='word_1_227' title='bbox 594 1776 671 1826; x_wconf 90' lang='lat' dir='ltr'>est,</span> <span class='ocrx_word' id='word_1_228' title='bbox 695 1776 743 1812; x_wconf 86' lang='lat' dir='ltr'>ut</span> <span class='ocrx_word' id='word_1_229' title='bbox 763 1771 868 1812; x_wconf 81' lang='lat' dir='ltr'>mihi</span> <span class='ocrx_word' id='word_1_230' title='bbox 888 1771 1067 1824; x_wconf 76' lang='lat' dir='ltr'>videtur,</span> <span class='ocrx_word' id='word_1_231' title='bbox 1094 1784 1201 1823; x_wconf 89' lang='lat' dir='ltr'>quae</span> <span class='ocrx_word' id='word_1_232' title='bbox 1221 1784 1307 1810; x_wconf 89' lang='grc'>11011</span> <span class='ocrx_word' id='word_1_233' title='bbox 1326 1769 1484 1810; x_wconf 88' lang='lat' dir='ltr'>habeat</span> 
     </span>
     <span class='ocr_line' id='line_1_34' title="bbox 143 1828 1480 1887; baseline -0.004 -14"><span class='ocrx_word' id='word_1_234' title='bbox 143 1833 189 1873; x_wconf 91' lang='lat' dir='ltr'>in</span> <span class='ocrx_word' id='word_1_235' title='bbox 222 1847 298 1873; x_wconf 87' lang='lat' dir='ltr'>suo</span> <span class='ocrx_word' id='word_1_236' title='bbox 332 1846 484 1887; x_wconf 84' lang='lat' dir='ltr'>genere</span> <span class='ocrx_word' id='word_1_237' title='bbox 515 1845 582 1872; x_wconf 87' lang='lat' dir='ltr'>res</span> <span class='ocrx_word' id='word_1_238' title='bbox 615 1830 845 1884; x_wconf 87' lang='lat' dir='ltr'>compluris</span> <span class='ocrx_word' id='word_1_239' title='bbox 879 1829 1097 1870; x_wconf 78' lang='lat' dir='ltr'>dissimilis</span> <span class='ocrx_word' id='word_1_240' title='bbox 1130 1828 1241 1869; x_wconf 76' lang='lat' dir='ltr'>inter</span> <span class='ocrx_word' id='word_1_241' title='bbox 1273 1843 1336 1881; x_wconf 91' lang='grc'>56,</span> <span class='ocrx_word' id='word_1_242' title='bbox 1374 1841 1480 1880; x_wconf 86' lang='lat' dir='ltr'>quae</span> 
     </span>
     <span class='ocr_line' id='line_1_35' title="bbox 147 1886 1537 1942; baseline -0.004 -10"><span class='ocrx_word' id='word_1_243' title='bbox 147 1894 291 1932; x_wconf 87' lang='lat' dir='ltr'>tamen</span> <span class='ocrx_word' id='word_1_244' title='bbox 332 1889 544 1931; x_wconf 87' lang='lat' dir='ltr'>consimili</span> <span class='ocrx_word' id='word_1_245' title='bbox 586 1889 710 1930; x_wconf 92' lang='lat' dir='ltr'>laude</span> <span class='ocrx_word' id='word_1_246' title='bbox 755 1888 994 1942; x_wconf 83' lang='lat' dir='ltr'>dignentur.</span> <span class='ocrx_word' id='word_1_247' title='bbox 1064 1886 1178 1927; x_wconf 87' lang='lat' dir='ltr'>Nam</span> <span class='ocrx_word' id='word_1_248' title='bbox 1222 1889 1263 1927; x_wconf 91' lang='lat' dir='ltr'>et</span> <span class='ocrx_word' id='word_1_249' title='bbox 1308 1886 1482 1926; x_wconf 86' lang='lat' dir='ltr'>auribus</span> <span class='ocrx_word' id='word_1_250' title='bbox 1502 1903 1537 1927; x_wconf 86' lang='lat'>30</span> 
     </span>
     <span class='ocr_line' id='line_1_36' title="bbox 146 1944 1485 2002; baseline -0.005 -12"><span class='ocrx_word' id='word_1_251' title='bbox 146 1949 282 1990; x_wconf 85' lang='lat' dir='ltr'>multa</span> <span class='ocrx_word' id='word_1_252' title='bbox 324 1948 599 2002; x_wconf 81' lang='lat' dir='ltr'>perc-ipimus,</span> <span class='ocrx_word' id='word_1_253' title='bbox 643 1961 750 2001; x_wconf 86' lang='lat' dir='ltr'>quae</span> <span class='ocrx_word' id='word_1_254' title='bbox 795 1946 875 1986; x_wconf 84' lang='lat' dir='ltr'>etsi</span> <span class='ocrx_word' id='word_1_255' title='bbox 918 1959 995 1986; x_wconf 88' lang='lat' dir='ltr'>nos</span> <span class='ocrx_word' id='word_1_256' title='bbox 1039 1945 1215 1986; x_wconf 76' lang='lat' dir='ltr'>vocibus</span> <span class='ocrx_word' id='word_1_257' title='bbox 1260 1944 1485 1998; x_wconf 85' lang='lat' dir='ltr'>delectant,</span> 
     </span>
     <span class='ocr_line' id='line_1_37' title="bbox 146 2002 1485 2058; baseline -0.004 -10"><span class='ocrx_word' id='word_1_258' title='bbox 146 2011 291 2048; x_wconf 88' lang='lat' dir='ltr'>tamen</span> <span class='ocrx_word' id='word_1_259' title='bbox 331 2007 392 2047; x_wconf 88' lang='lat' dir='ltr'>ita</span> <span class='ocrx_word' id='word_1_260' title='bbox 435 2009 534 2046; x_wconf 90' lang='lat' dir='ltr'>sunt</span> <span class='ocrx_word' id='word_1_261' title='bbox 574 2005 691 2046; x_wconf 84' lang='lat' dir='ltr'>varia</span> <span class='ocrx_word' id='word_1_262' title='bbox 729 2019 870 2058; x_wconf 82' lang='lat' dir='ltr'>saepe,</span> <span class='ocrx_word' id='word_1_263' title='bbox 907 2006 955 2044; x_wconf 89' lang='lat' dir='ltr'>ut</span> <span class='ocrx_word' id='word_1_264' title='bbox 992 2003 1053 2057; x_wconf 86' lang='lat' dir='ltr'>id,</span> <span class='ocrx_word' id='word_1_265' title='bbox 1092 2003 1204 2057; x_wconf 83' lang='lat' dir='ltr'>quod</span> <span class='ocrx_word' id='word_1_266' title='bbox 1241 2002 1485 2057; x_wconf 83' lang='lat' dir='ltr'>proximum</span> 
     </span>
     <span class='ocr_line' id='line_1_38' title="bbox 147 2060 1485 2118; baseline -0.004 -13"><span class='ocrx_word' id='word_1_267' title='bbox 147 2065 307 2118; x_wconf 87' lang='lat' dir='ltr'>audias,</span> <span class='ocrx_word' id='word_1_268' title='bbox 331 2063 687 2105; x_wconf 89' lang='lat' dir='ltr'>iucundissimum</span> <span class='ocrx_word' id='word_1_269' title='bbox 708 2077 798 2103; x_wconf 87' lang='lat' dir='ltr'>esse</span> <span class='ocrx_word' id='word_1_270' title='bbox 818 2062 1024 2115; x_wconf 82' lang='lat' dir='ltr'>videatur,</span> <span class='ocrx_word' id='word_1_271' title='bbox 1050 2064 1092 2102; x_wconf 91' lang='lat' dir='ltr'>et</span> <span class='ocrx_word' id='word_1_272' title='bbox 1119 2061 1253 2102; x_wconf 89' lang='lat' dir='ltr'>oculis</span> <span class='ocrx_word' id='word_1_273' title='bbox 1280 2060 1485 2115; x_wconf 88' lang='lat' dir='ltr'>colligun-</span> 
     </span>
     <span class='ocr_line' id='line_1_39' title="bbox 146 2118 1484 2177; baseline -0.004 -13"><span class='ocrx_word' id='word_1_274' title='bbox 146 2126 217 2164; x_wconf 85' lang='lat' dir='ltr'>tur</span> <span class='ocrx_word' id='word_1_275' title='bbox 235 2137 368 2177; x_wconf 86' lang='lat' dir='ltr'>paene</span> <span class='ocrx_word' id='word_1_276' title='bbox 387 2121 719 2162; x_wconf 88' lang='lat' dir='ltr'>innumerabiles</span> <span class='ocrx_word' id='word_1_277' title='bbox 739 2120 995 2174; x_wconf 80' lang='lat' dir='ltr'>voluptates,</span> <span class='ocrx_word' id='word_1_278' title='bbox 1010 2134 1116 2173; x_wconf 84' lang='lat' dir='ltr'>quae</span> <span class='ocrx_word' id='word_1_279' title='bbox 1130 2134 1209 2160; x_wconf 91' lang='lat' dir='ltr'>nos</span> <span class='ocrx_word' id='word_1_280' title='bbox 1222 2119 1285 2160; x_wconf 87' lang='lat' dir='ltr'>ita</span> <span class='ocrx_word' id='word_1_281' title='bbox 1299 2118 1484 2172; x_wconf 87' lang='lat' dir='ltr'>capiunt,</span> 
     </span>
     <span class='ocr_line' id='line_1_40' title="bbox 146 2176 1538 2232; baseline -0.003 -10"><span class='ocrx_word' id='word_1_282' title='bbox 146 2185 195 2222; x_wconf 90' lang='lat' dir='ltr'>ut</span> <span class='ocrx_word' id='word_1_283' title='bbox 220 2196 353 2222; x_wconf 91' lang='lat' dir='ltr'>unum</span> <span class='ocrx_word' id='word_1_284' title='bbox 379 2195 550 2220; x_wconf 89' lang='lat' dir='ltr'>sensum</span> <span class='ocrx_word' id='word_1_285' title='bbox 577 2179 774 2220; x_wconf 88' lang='lat' dir='ltr'>dissimili</span> <span class='ocrx_word' id='word_1_286' title='bbox 801 2192 952 2232; x_wconf 86' lang='lat' dir='ltr'>genere</span> <span class='ocrx_word' id='word_1_287' title='bbox 980 2178 1202 2232; x_wconf 86' lang='lat' dir='ltr'>delectent,</span> <span class='ocrx_word' id='word_1_288' title='bbox 1228 2180 1270 2218; x_wconf 87' lang='lat' dir='ltr'>et</span> <span class='ocrx_word' id='word_1_289' title='bbox 1296 2176 1482 2229; x_wconf 86' lang='lat' dir='ltr'>reliquos</span> <span class='ocrx_word' id='word_1_290' title='bbox 1503 2192 1538 2218; x_wconf 86' lang='lat'>35</span> 
     </span>
     <span class='ocr_line' id='line_1_41' title="bbox 147 2234 1484 2292; baseline -0.005 -11"><span class='ocrx_word' id='word_1_291' title='bbox 147 2254 295 2281; x_wconf 89' lang='lat' dir='ltr'>sensus</span> <span class='ocrx_word' id='word_1_292' title='bbox 336 2238 580 2292; x_wconf 84' lang='lat' dir='ltr'>voluptates</span> <span class='ocrx_word' id='word_1_293' title='bbox 623 2237 839 2278; x_wconf 84' lang='lat' dir='ltr'>oblectant</span> <span class='ocrx_word' id='word_1_294' title='bbox 881 2236 1088 2290; x_wconf 87' lang='lat' dir='ltr'>dispar7es</span> <span class='ocrx_word' id='word_1_295' title='bbox 1128 2239 1177 2277; x_wconf 91' lang='lat' dir='ltr'>ut</span> <span class='ocrx_word' id='word_1_296' title='bbox 1218 2235 1274 2276; x_wconf 86' lang='lat' dir='ltr'>sit</span> <span class='ocrx_word' id='word_1_297' title='bbox 1312 2234 1484 2275; x_wconf 86' lang='lat' dir='ltr'>difficile</span> 
     </span>
     <span class='ocr_line' id='line_1_42' title="bbox 145 2292 1486 2347; baseline -0.004 -8"><span class='ocrx_word' id='word_1_298' title='bbox 145 2297 351 2339; x_wconf 84' lang='lat' dir='ltr'>iudicium</span> <span class='ocrx_word' id='word_1_299' title='bbox 383 2295 628 2338; x_wconf 81' lang='lat' dir='ltr'>excellentis</span> <span class='ocrx_word' id='word_1_300' title='bbox 660 2294 843 2336; x_wconf 83' lang='lat' dir='ltr'>maxime</span> <span class='ocrx_word' id='word_1_301' title='bbox 877 2294 1114 2335; x_wconf 80' lang='lat' dir='ltr'>suavitatis.</span> <span class='ocrx_word' id='word_1_302' title='bbox 1164 2293 1225 2335; x_wconf 89' lang='lat' dir='ltr'>At</span> <span class='ocrx_word' id='word_1_303' title='bbox 1248 2293 1330 2334; x_wconf 85' lang='lat' dir='ltr'>hoc</span> <span class='ocrx_word' id='word_1_304' title='bbox 1360 2292 1486 2347; x_wconf 89' lang='lat' dir='ltr'>idem,</span> 
     </span>
    </p>
   </div>
  </div>
 </body>
</html>
