1643 2526
198 121 282 162 203
711 119 773 154 DE
801 118 1025 154 ORATORE

197 220 343 258 tamen
385 230 479 257 eam
529 214 874 257 coniunctionem
924 214 1050 255 sicuti
1094 227 1267 255 vorsum
1309 228 1536 256 numerose

198 275 345 316 cadere
378 277 420 315 et
452 274 658 328 quadrare
691 276 733 314 et
763 272 909 327 perfici
935 272 1144 313 volumus.
1206 271 1356 326 Neque
1389 275 1454 313 est
1486 287 1536 314 ex

197 333 345 374 multis
388 347 455 373 res
500 347 597 387 una,
640 346 746 386 quae
790 331 928 386 magis
973 333 1186 371 oratorem
1231 331 1285 372 ab
1334 330 1535 385 imperito

199 391 363 433 dicendi
406 391 640 446 ignaroque
684 389 938 445 distinguat,
982 403 1109 442 quam
1151 389 1263 443 quod
1302 389 1374 430 ille
1417 389 1533 430 rudis

197 449 414 491 incondite
457 449 598 490 fundit
644 450 868 502 [quantum
910 449 1071 502 potest]
1116 449 1157 488 et
1193 447 1237 488 id
1279 447 1392 502 quod
1432 447 1572 491 dicit5

200 508 366 562 spiritu,
396 521 483 548 non
515 510 605 548 arte
638 506 905 559 determinat,
938 509 1082 546 orator
1114 508 1257 546 autem
1290 505 1350 548 sic
1380 505 1537 561 inligat

200 566 456 608 sententiam
475 565 628 620 verbis,
653 568 701 606 ut
728 580 821 606 eam
840 578 1017 605 numero
1040 564 1222 618 quodam
1243 564 1537 618 conplectatur

132 628 241 668 176et
268 624 445 666 astricto
473 627 516 665 et
542 624 694 665 soluto.
742 623 855 664 Nam
882 638 978 664 cum
998 622 1134 664 vinxit
1160 622 1299 663 forma
1318 626 1361 663 et
1386 623 1537 678 modis,

198 683 362 724 relaxat
394 686 436 723 et
466 682 621 723 liberat
651 681 934 722 inmutatione
968 681 1141 735 ordiniS,
1171 684 1219 721 ut
1245 681 1375 722 verba
1399 695 1536 735 neque

200 742 377 796 alligata
410 742 496 782 sint
528 740 649 794 quasi
683 743 798 781 certa
831 740 972 794 aliqua
1003 740 1097 794 lege
1128 754 1275 780 versus
1306 753 1443 793 neque
1473 739 1537 781 ita
1557 757 1590 782 ιο

127 801 185 842 45
201 800 359 853 soluta,
402 802 451 840 ut
494 802 714 854 vagentur.
783 797 976 846 Quonam
1019 798 1153 853 igitur
1196 798 1322 839 modo
1367 800 1537 839 tantum

200 873 355 899 munus
375 858 637 911 insistemus,
651 860 699 897 ut
719 856 976 897 arbitremur
988 870 1067 896 nos
1081 856 1191 897 hanc
1205 856 1292 896 vim
1310 870 1536 897 numerose

200 916 365 958 dicendi
385 915 586 968 consequi
606 915 761 969 posse?
799 914 899 955 Non
919 918 984 955 est
1004 929 1070 955 res
1090 917 1180 955 tam
1202 914 1387 956 difficilis
1410 929 1537 968 quam

198 974 448 1016 necessaria.
509 973 630 1015 Nihil
669 977 734 1014 est
771 973 884 1014 enim
922 976 1011 1014 tam
1048 976 1242 1014 tenerum
1272 987 1409 1027 neque
1447 976 1537 1014 tam

199 1033 384 1074 flexibile
421 1047 557 1086 neque
597 1032 709 1085 quod
747 1035 836 1072 tam
873 1031 997 1072 facile
1035 1034 1238 1085 sequatur
1270 1045 1536 1085 quocumque
1558 1050 1589 1074 15

134 1092 330 1133 177dueas
358 1105 486 1144 quam
514 1090 662 1140 oratio.
706 1090 773 1130 Ex
798 1089 877 1131 hac
902 1104 1066 1144 vorsus,
1097 1104 1147 1130 ex
1173 1090 1319 1131 eadem
1347 1090 1536 1144 dispares

198 1149 364 1191 numeri
397 1149 698 1203 conficiuntur,
736 1163 786 1189 ex
823 1148 902 1189 hac
934 1148 1037 1189 haec
1071 1148 1201 1188 etiam
1233 1148 1376 1189 soluta
1407 1147 1536 1190 variis

199 1208 336 1249 modis
368 1207 686 1260 multorumque
720 1221 922 1262 generum
955 1206 1103 1247 oratio.
1166 1205 1266 1247 Non
1298 1206 1410 1247 enim
1438 1210 1538 1247 sunt

199 1266 283 1308 alia
314 1266 521 1307 sermonis
560 1265 643 1306 alia
681 1264 968 1306 contentionis
1007 1265 1154 1319 verba,
1190 1279 1326 1318 neque
1364 1279 1415 1305 ex
1453 1264 1536 1307 alio

201 1339 354 1380 genere
381 1325 433 1364 ad
464 1339 589 1364 usum
616 1323 878 1365 cotidianum
904 1323 987 1364 alio
1015 1323 1067 1363 ad
1094 1337 1293 1364 scaenam
1319 1337 1538 1377 pompam·
1557 1342 1590 1366 20

201 1398 280 1437 que
313 1385 555 1437 sumuntur,
594 1382 666 1422 sed
704 1396 753 1422 ea
790 1396 868 1422 nos
901 1395 1030 1436 quom
1068 1381 1253 1422 iacentia
1285 1381 1537 1423 sustulimus

200 1456 221 1482 e
243 1441 394 1495 medio,
415 1441 525 1482 sicut
545 1440 843 1481 mollissimam
864 1454 1004 1480 ceram
1024 1440 1076 1480 ad
1094 1443 1291 1480 nostrum
1312 1439 1537 1480 arbitrium

200 1499 435 1540 formamus
468 1502 511 1540 et
542 1499 753 1554 fingimus.
810 1498 960 1552 Itaque
992 1501 1040 1538 ut
1072 1501 1164 1539 tum
1198 1512 1346 1552 graves
1379 1512 1538 1552 sumus,

199 1561 292 1599 tum
325 1558 523 1612 suptiles,
560 1560 652 1597 tum
684 1557 870 1598 medium
903 1556 1102 1610 quiddam
1134 1559 1346 1610 tenemus,
1385 1556 1445 1597 sic
1476 1556 1537 1596 in-

201 1616 399 1657 stitutam
430 1619 623 1656 nostram
655 1615 912 1656 sententiam
945 1615 1137 1668 sequitur
1163 1613 1370 1655 orationis
1403 1628 1537 1669 genus
1557 1633 1591 1658 25

199 1674 325 1727 idque
369 1674 422 1714 ad
466 1688 634 1714 omnem
679 1673 845 1713 aurium
888 1672 1155 1726 voluptatem
1205 1675 1247 1713 et
1298 1672 1537 1714 animorum

132 1735 367 1773 178motum
392 1734 584 1772 mutatur
610 1734 652 1772 et
677 1731 873 1772 vortitur.
920 1730 1001 1771 Sed
1027 1734 1075 1771 ut
1099 1730 1145 1771 in
1169 1730 1384 1784 plerisque
1409 1732 1536 1772 rebus

199 1790 507 1831 incredibiliter
537 1790 618 1830 hoc
650 1792 848 1830 naturast
878 1789 972 1842 ipsa
1003 1788 1229 1843 fabricata,
1268 1789 1328 1830 sic
1365 1789 1411 1830 in
1448 1804 1538 1830 ora-

200 1849 336 1903 tione,
381 1851 430 1889 ut
470 1862 537 1902 ea,
581 1862 687 1901 quae
727 1847 955 1888 maximam
997 1847 1228 1888 utilitatem
1267 1847 1313 1888 in
1354 1862 1398 1889 se
1442 1861 1538 1889 con-

202 1907 405 1961 tinerent,
436 1906 669 1961 plurimum
701 1906 847 1946 eadem
876 1905 1084 1946 haberent
1115 1905 1181 1947 vel
1214 1905 1438 1961 dignitatis
1470 1906 1537 1947 vel
1556 1924 1590 1949 3³

201 1979 325 2019 saepe
358 1965 487 2005 etiam
518 1964 766 2005 venustatis.
827 1963 1142 2005 Incolumitatis
1182 1978 1229 2005 ac
1268 1964 1418 2005 salutis
1452 1978 1538 2005 om-

199 2024 319 2064 nium
361 2038 489 2064 causa
528 2023 719 2063 videmus
756 2022 869 2063 hunc
907 2024 1069 2063 statum
1108 2036 1198 2063 esse
1236 2022 1362 2063 huius
1400 2023 1536 2064 totius

201 2081 348 2122 mundi
387 2084 513 2134 atque
551 2084 747 2135 naturae,
784 2080 1015 2121 rutundum
1052 2083 1101 2122 ut
1139 2081 1301 2122 caelum
1339 2084 1536 2135 terraque

201 2143 250 2180 ut
281 2139 420 2180 media
451 2139 508 2179 sit
547 2153 678 2193 eaque
717 2153 794 2180 sua
830 2138 871 2179 vi
908 2142 1099 2192 nutuque
1137 2142 1350 2194 teneatur,
1387 2139 1451 2180 sol
1488 2142 1537 2180 ut

202 2212 296 2238 eam
327 2197 487 2238 circum
518 2198 692 2251 feratur,
722 2200 771 2238 ut
803 2197 974 2238 accedat
1001 2198 1053 2237 ad
1078 2197 1270 2239 brumale
1297 2197 1468 2252 signum
1494 2200 1537 2238 et
1556 2215 1589 2240 35

200 2256 298 2296 inde
331 2255 487 2296 sensim
519 2256 719 2297 ascendat
751 2258 793 2296 et
823 2255 868 2295 in
900 2255 1113 2297 divorsam
1143 2258 1326 2311 partem3
1357 2258 1406 2296 ut
1436 2255 1537 2296 luna

203 2329 375 2356 accessu
401 2316 443 2355 et
468 2328 637 2356 recessu
665 2315 776 2366 [suo]
805 2313 906 2354 solis
926 2313 1070 2354 lumen
1089 2314 1290 2368 aecipiat3
1316 2316 1365 2354 ut
1390 2314 1537 2355 eadem
