1643 2526
94 683 114 714 8

96 1292 118 1313 0

94 1308 120 1331 ο

94 1360 114 1389 9

77 1908 117 1937 10

144 112 227 152 164
650 110 713 144 DE
742 109 965 145 ORATORE

140 209 182 247 et
216 208 420 247 corruunt
452 208 526 246 aut
558 208 655 246 ante
687 205 733 245 in
762 205 856 258 ipso
890 219 1016 245 cursu
1054 204 1311 259 obruuntur,
1348 219 1476 258 quam

139 268 312 319 portum
353 263 595 317 conspicere
635 266 876 317 potuerunt.
939 262 1051 303 Nam
1093 263 1294 316 quamdiu
1331 261 1475 304 Crassi

139 323 222 363 fuit
255 322 502 363 ambitionis
539 321 684 363 labore
722 321 811 362 vita
849 320 1061 375 districta,
1097 320 1261 361 tamdiu
1297 321 1476 375 privatis

140 382 278 436 magis
321 381 473 422 officiis
518 383 561 421 et
602 379 765 434 ingenii
807 379 930 419 laude
973 379 1119 419 floruit
1164 393 1292 432 quam
1335 379 1476 420 fructu

142 439 434 493 amplitudinis
476 441 549 479 aut
588 438 650 479 rei
689 438 884 492 publicae
926 437 1146 492 dignitate.
1214 437 1296 485 Qui
1334 440 1475 478 autem
1496 455 1512 480 5

142 512 276 538 annus
309 498 346 538 ei
371 498 534 552 primus
562 497 614 537 ab
640 497 853 537 honorum
878 495 1174 549 perfunctione
1202 496 1365 536 aditum
1391 510 1478 536 om-

139 557 260 597 nium
286 571 489 597 concessu
515 555 568 596 ad
593 569 803 595 summam
830 554 1132 595 auctoritatem
1158 554 1299 608 dabat,
1322 554 1359 595 is
1386 554 1476 595 eius

142 629 310 655 omnem
348 629 466 668 spem
504 617 631 666 atque
671 612 813 653 omnia
851 612 963 653 vitae
1003 612 1181 653 consilia
1218 615 1355 653 morte
1387 627 1478 666 per-

141 673 283 714 vortit.
354 672 455 713 Fuit
497 672 578 712 1100
621 671 865 712 luctuosum
910 670 1016 725 suis,
1060 671 1258 712 acerbum
1301 671 1478 724 patriae,

141 745 268 785 grave
312 731 436 771 bonis
483 730 697 783 omnibus,
748 729 819 769 sed
862 729 893 768 ii
936 732 1081 769 tamen
1129 743 1217 769 rem
1261 729 1478 782 publicam
1498 747 1531 771 10

142 804 264 830 casus
297 789 433 830 secuti
465 792 577 841 sunt,
608 791 656 828 ut
687 787 792 827 mihi
823 801 910 828 non
936 790 1082 841 erepta
1107 786 1153 827 L.
1181 785 1335 827 Crasso
1363 802 1386 827 a
1412 787 1475 827 dis

140 847 455 887 immortalibus
499 846 606 899 vita,
656 846 728 886 sed
777 845 933 885 donata
976 859 1091 885 mors
1136 859 1227 886 esse
1272 845 1476 885 Videatur.

141 904 240 946 Non
271 905 377 945 vidit
409 905 663 959 flagrantem
689 903 860 943 ltaliam
885 903 997 943 bello
1026 905 1145 955 [non]
1175 903 1393 944 ardentem
1417 903 1478 943 in-

141 963 254 1004 vidia
286 966 499 1016 senatum,
529 976 617 1002 non
654 961 823 1002 sceleris
856 961 1008 1002 nefarii
1045 961 1257 1015 principes
1290 961 1476 1002 civitatis

140 1036 248 1075 reos,
278 1036 365 1062 non
396 1022 560 1062 luctum
590 1020 716 1073 filiae,
747 1034 833 1060 non
866 1019 1039 1059 exilium
1067 1019 1224 1074 generi,
1254 1033 1341 1060 non
1367 1034 1478 1060 acer·
1499 1037 1530 1062 15

141 1080 362 1120 bissimam
395 1078 438 1120 C.
465 1078 574 1119 Mari
605 1078 766 1132 fugam,
796 1092 882 1118 non
907 1078 1025 1118 illam
1051 1081 1150 1131 post
1176 1077 1360 1118 reditum
1387 1077 1477 1118 eius

142 1139 311 1179 caedem
345 1137 535 1178 oninium
568 1136 922 1189 crudelissimam,
954 1150 1041 1176 non
1073 1135 1252 1188 denique
1283 1135 1329 1175 in
1361 1135 1477 1176 omni

141 1210 293 1251 genere
326 1196 608 1236 deformatam
641 1209 733 1235 eam
766 1194 997 1247 civitatem,
1025 1193 1069 1233 111
1098 1208 1180 1247 qua
1210 1193 1301 1247 ipse
1328 1193 1478 1234 floren-

142 1255 309 1295 tissima
340 1254 523 1294 multum
556 1253 752 1294 omnibus
787 1252 958 1306 [gloria]
990 1251 1288 1305 praestitisset.

258 1313 316 1353 Et
350 1312 551 1366 quoniam
585 1311 710 1364 attigi
743 1310 1003 1365 cogitatione
1030 1310 1117 1350 vim
1142 1309 1477 1363 varietatemque
1498 1328 1532 1352 20

142 1372 350 1423 fortunae,
381 1384 468 1411 non
499 1369 727 1423 vagabitur
759 1368 896 1408 oratio
928 1382 1022 1408 mea
1053 1367 1224 1422 longius
1257 1371 1384 1421 atque
1417 1367 1477 1412 eis

141 1430 229 1470 fere
259 1429 364 1484 ipsis
397 1428 621 1469 definietur
652 1427 766 1480 viris,
800 1426 871 1480 qui
902 1426 983 1467 1100
1016 1440 1231 1479 sermone,
1263 1440 1387 1479 quem
1418 1440 1480 1466 re-

142 1489 251 1529 ferre
294 1487 577 1541 suscepimus,
618 1485 900 1526 continentur.
965 1484 1067 1533 Quis
1110 1484 1222 1524 enim
1261 1498 1348 1524 non
1386 1483 1479 1524 iure

142 1547 312 1587 beatam
352 1545 398 1586 L.
438 1544 581 1585 Crassi
621 1547 802 1584 mortem
842 1543 979 1596 illam,
1020 1557 1126 1596 quae
1169 1545 1233 1582 est
1271 1557 1295 1582 3
1332 1542 1478 1582 multis

143 1620 266 1659 saepe
293 1604 457 1657 defleta,
483 1602 649 1655 dixerit,
675 1616 771 1642 cum
795 1601 949 1640 horum
973 1600 1166 1653 ipsorum
1192 1599 1260 1653 sit,
1287 1599 1359 1652 qui
1385 1602 1478 1640 tum
1498 1618 1531 1642 25

143 1678 240 1704 cum
270 1662 344 1702 illo
376 1664 641 1715 postremum
672 1659 759 1699 fere
792 1658 1006 1699 conlocuti
1039 1661 1157 1711 sunt,
1188 1660 1387 1698 eventum
1418 1673 1480 1698 re-

143 1719 371 1762 cordatus?
421 1718 630 1759 Tenemus
664 1716 777 1757 enini
809 1715 1014 1756 memoria
1040 1715 1085 1763 Q.
1113 1714 1314 1756 Catulum
1341 1716 1479 1757 virum

143 1778 260 1819 omni
302 1777 424 1818 laude
469 1778 777 1830 praestantem,
826 1789 921 1815 cum
965 1773 1047 1814 sibi
1091 1787 1178 1814 non
1219 1773 1479 1814 incolumem

142 1837 360 1878 fortunam
410 1835 483 1875 sed
526 1834 687 1875 exitum
737 1836 778 1873 et
827 1832 974 1886 fugam
1024 1832 1338 1885 deprecaretur,
1387 1846 1478 1872 esse

145 1898 353 1947 coactum,
384 1896 432 1934 ut
464 1892 551 1933 vita
584 1906 627 1933 se
658 1891 749 1945 ipse
780 1890 978 1944 privaret.
1040 1889 1132 1930 Iam
1163 1889 1218 1930 M.
1244 1890 1408 1930 Antoni
1433 1890 1478 1930 in
1496 1908 1532 1933 30

145 1954 204 1994 eis
244 1952 350 2006 ipsis
391 1951 580 2004 Rostris,
618 1950 664 1989 in
705 1949 858 2002 quibus
895 1948 965 1988 ille
1004 1962 1093 1988 rem
1130 1948 1346 2001 publicam
1384 1962 1479 1989 con-

146 2010 408 2052 stantissime
441 2009 590 2050 consul
622 2007 865 2048 defenderat
898 2020 1088 2059 quaeque
1122 2020 1270 2047 censor
1301 2006 1479 2060 impera-

144 2069 267 2110 toriis
306 2067 520 2108 manubiis
560 2068 749 2119 ornarat,
786 2064 975 2118 positum
1013 2067 1140 2118 caput
1176 2064 1282 2104 illud
1318 2064 1418 2118 fuit,
1455 2078 1480 2105 a

146 2141 229 2181 quo
262 2129 382 2167 erant
414 2125 648 2166 multorum
681 2123 871 2175 [civium]
912 2122 1052 2176 capita
1091 2126 1268 2163 servata.
1329 2121 1478 2175 Neque

145 2199 245 2227 vero
270 2184 397 2238 longe
425 2183 477 2223 ab
504 2197 553 2223 eo
582 2180 625 2223 C.
652 2181 735 2222 Iuli
762 2183 888 2234 caput
913 2180 1096 2234 hospitis
1122 2180 1295 2221 Etrusci
1322 2180 1478 2221 scelere
1498 2197 1532 2222 35

146 2243 362 2298 proditum
394 2256 490 2282 cum
522 2240 567 2280 L.
594 2239 677 2280 Iuli
708 2239 854 2280 fratris
881 2238 1018 2292 capite
1044 2239 1188 2292 iacuit,
1218 2241 1266 2278 ut
1290 2238 1375 2291 ille,
1407 2237 1479 2291 qui

147 2303 251 2343 11300
283 2316 369 2342 11011
399 2299 524 2352 vidit,
561 2301 603 2339 et
641 2297 796 2338 vixisse
835 2311 931 2337 cum
968 2310 1012 2337 re
1043 2297 1215 2350 publica
1245 2295 1406 2350 pariter
1437 2298 1480 2336 et
