1643 2526
531 83 630 119 CAP.
658 87 806 119 68-69.
858 87 877 125 ξ
903 86 1102 119 227—231.
1399 84 1484 124 379

146 182 312 233 vocant,
342 178 441 220 talis
467 179 621 220 horum
647 178 751 220 mihi
780 178 949 219 videtur
981 179 1132 233 oratio,
1163 178 1236 232 qui
1260 192 1348 219 non
1374 178 1485 220 clau-

146 239 251 279 dunt
280 237 468 278 numeris
501 237 747 291 sententias,
778 239 1031 290 tantumque
1064 237 1186 278 abest
1214 240 1263 278 ut
1289 261 1345 266 —
1372 237 1484 291 quod

145 296 176 337 ii
209 296 280 351 qui
311 295 392 337 hoc
425 298 499 337 aut
536 296 842 351 magistrorum
878 295 1023 350 inopia
1058 298 1132 336 aut
1163 295 1325 350 ingenii
1356 295 1485 336 tardi-

145 357 234 396 tate
266 357 340 395 aut
370 354 530 395 laboris
562 354 667 409 fuga
702 368 789 395 non
825 357 925 394 sunt
958 354 1142 395 assecuti
1175 354 1313 395 solent
1346 354 1484 394 dicere

110 432 125 455 .·‚
145 437 203 442 -—
234 416 457 453 enervetur
489 412 626 453 oratio
659 412 968 467 compositione
999 413 1239 467 verborum,
1278 415 1328 453 ut
1360 412 1485 453 aliter

145 471 190 512 in
233 485 282 512 ea
323 485 400 512 nec
442 471 628 525 impetus
671 470 783 512 ullus
826 485 903 512 nec
946 470 1010 511 vis
1056 485 1147 512 esse
1190 470 1340 525 possit.
1403 469 1554 511 Sed69

145 543 344 584 magnam
388 529 736 570 exercitationem
773 544 839 570 res
878 529 1065 584 flagitat,
1107 543 1160 570 ne
1199 529 1300 582 quid
1337 542 1484 569 eorum

146 588 218 641 qui
252 602 385 643 genus
416 587 498 629 hoc
531 587 665 628 secuti
701 602 787 628 non
823 590 1052 628 tenuerunt
1090 587 1227 628 simile
1265 587 1485 641 faciamus,

144 661 196 687 ne
229 649 303 687 aut
334 646 463 687 verba
494 646 739 687 traiciamus
767 644 923 700 aperte,
955 660 1038 700 quo
1071 646 1223 687 melius
1256 649 1329 686 aut
1361 646 1484 686 cadat

95 723 126 746 ιο
146 707 219 745 aut
250 704 447 745 volvatur
479 704 634 758 orati03
678 705 790 758 quod
828 719 872 745 se
904 704 950 745 L.
977 704 1146 746 Caelius
1179 704 1409 758 Antipater
1440 703 1554 745 i11230

143 763 364 817 prooemio
396 762 498 803 belli
529 762 680 804 Punici
710 763 794 804 nisi
825 763 1065 804 necessario
1096 762 1311 804 facturum
1342 765 1484 816 negat.

146 820 180 862 O
213 821 351 862 virum
390 821 644 875 simplicem,
688 821 760 874 qui
800 835 878 862 nos
918 821 1026 862 nihil
1068 821 1193 876 celet,
1237 821 1485 875 sapientem,

146 879 218 933 qui
269 879 535 920 serviendum
583 879 830 920 necessitati
874 881 1012 933 putet!
1038 922 1046 929 ,
1071 879 1153 921 Sed
1196 879 1266 920 hic
1312 879 1484 920 omnino

145 938 280 992 rudis3
328 938 453 978 nobis
498 940 641 979 autem
683 938 728 978 in
771 938 993 979 scribendo
1038 940 1165 991 atque
1213 937 1259 978 in
1308 937 1484 979 dicendo

97 1015 126 1039 15
145 995 413 1037 necessitatis
458 996 673 1037 excusatio
717 1010 804 1037 non
846 996 1069 1051 probatur3
1118 996 1226 1036 nihil
1268 998 1332 1037 est
1373 996 1486 1037 enim

144 1069 334 1108 necesse,
371 1058 414 1095 et
447 1054 482 1095 si
514 1054 615 1107 quid
647 1057 776 1109 esset,
812 1054 856 1095 id
892 1069 1063 1096 necesse
1101 1058 1246 1095 tamen
1276 1069 1363 1095 non
1395 1057 1486 1095 erat

146 1113 350 1154 confiteri.
411 1112 470 1153 Et
498 1113 568 1153 hic
595 1112 776 1167 quidem,
809 1112 881 1166 qui
906 1113 1016 1154 hanc
1043 1128 1067 1153 a
1091 1112 1250 1166 Laelio,
1281 1113 1333 1153 ad
1360 1127 1487 1166 quem

145 1171 329 1225 scripsit,
361 1170 428 1212 cui
461 1185 504 1211 se
535 1174 703 1225 purgat,
734 1171 901 1212 veniam
933 1171 1054 1225 petit,
1087 1174 1129 1212 et
1161 1171 1297 1212 utitur
1329 1185 1378 1212 ea
1403 1174 1512 1214 tra-,

144 1229 328 1270 iectione
359 1229 587 1270 verborum
619 1232 662 1270 et
691 1229 826 1270 nihilo
857 1233 1002 1270 tamen
1043 1229 1183 1283 aptius
1217 1229 1358 1283 explet
1391 1243 1487 1270 con-

94 1307 127 1331 20
147 1287 361 1340 cluditque
401 1287 645 1328 sententias.
708 1287 834 1341 Apud
871 1288 977 1328 alios
1016 1291 1160 1328 autem
1195 1291 1236 1328 et
1267 1287 1485 1328 Asiaticos

146 1360 342 1386 maxume
379 1360 555 1386 numero
594 1345 824 1386 servientes
861 1345 1075 1386 inculcata
1115 1345 1301 1399 reperias
1341 1345 1487 1386 inania

147 1403 354 1458 quaedam
385 1404 515 1444 verba
547 1403 668 1457 quasi
700 1403 1012 1457 complementa
1038 1418 1325 1444 numerorum.
1377 1402 1486 1444 Sunt

146 1462 277 1503 etiam
309 1461 381 1515 qui
412 1461 486 1502 illo
518 1461 642 1515 vitio,
683 1462 795 1515 quod
833 1462 885 1502 ab
917 1461 1105 1516 Hegesia
1136 1462 1319 1502 maxime
1350 1462 1487 1516 fluxit,

145 1519 429 1575 infringendis
456 1519 810 1573 concidendisque
835 1520 1023 1561 numeris
1048 1520 1094 1560 in
1115 1521 1326 1574 quoddam
1353 1534 1485 1574 genus

93 1597 127 1623 25
147 1578 361 1619 abiectum
392 1578 582 1619 incidant
613 1578 919 1619 versiculorum
957 1578 1233 1619 simillimum.
1294 1578 1555 1619 Tertium-231

148 1639 230 1690 est,
270 1636 314 1677 in
346 1650 428 1690 quo
460 1636 633 1677 fuerunt
663 1636 817 1677 fratres
849 1636 913 1676 illi
946 1637 1235 1678 Asiaticorum
1267 1636 1488 1677 rhetorum

145 1694 358 1748 principes
384 1694 605 1735 Hierocles
632 1698 674 1735 et
699 1694 910 1736 Menecles
943 1695 1117 1736 minime
1149 1710 1244 1736 mea
1276 1694 1488 1736 sententia

149 1753 457 1794 contemnendi.
506 1753 603 1793 Etsi
636 1753 748 1794 enim
778 1768 802 1794 a
826 1753 966 1794 forma
996 1753 1189 1795 veritatis
1222 1756 1265 1794 et
1297 1753 1349 1794 ab
1376 1752 1489 1794 Atti-

150 1824 296 1851 corum
333 1811 481 1865 regula
519 1811 692 1865 absunt,
732 1814 876 1852 tamen
912 1811 993 1852 hoc
1025 1811 1178 1852 vitium
1211 1814 1489 1865 compensant

97 1887 132 1911 30
150 1868 217 1909 vel
253 1868 458 1909 facultate
494 1869 561 1909 vel
600 1869 732 1922 copia.
796 1868 877 1909 Sed
918 1870 1030 1923 apud
1069 1884 1140 1910 eos
1181 1870 1366 1910 varietas
1402 1883 1488 1910 non

152 1929 255 1980 erat,
281 1926 394 1979 quod
420 1926 561 1966 omnia
586 1926 673 1967 fere
701 1927 1063 1968 concludebantur
1081 1942 1166 1968 uno
1186 1928 1326 1968 modo.
1371 1927 1488 1976 Quae

149 1984 254 2025 vitia
286 1984 357 2037 qui
388 1983 565 2038 fugerit,
602 1987 651 2025 ut
687 1999 824 2039 neque
862 1986 1039 2026 verbum
1069 1986 1131 2027 ita
1162 1986 1336 2027 traiciat
1365 1988 1414 2026 ut
1445 1986 1489 2026 id

150 2042 199 2082 de
225 2041 436 2082 industria
454 2042 615 2083 factum
634 2042 922 2098 intellegatur,
945 2057 1081 2098 neque
1106 2043 1333 2085 inferciens
1359 2044 1489 2085 verba

151 2100 272 2153 quasi
312 2100 442 2140 rimas
486 2100 671 2155 expleat,
712 2115 790 2142 nec
833 2101 1021 2143 minutos
1064 2116 1263 2143 numeros
1308 2116 1488 2156 sequens

98 2174 130 2199 35
151 2158 345 2199 concidat
372 2158 668 2211 delumbetque
696 2160 941 2214 sententias,
971 2174 1049 2202 nec
1075 2160 1164 2201 sine
1190 2160 1279 2201 ulla
1305 2174 1490 2201 commu-

150 2216 313 2257 tatione
344 2215 390 2255 in
421 2216 567 2256 eodem
600 2231 766 2271 semper
796 2221 988 2259 versetur
1019 2233 1171 2273 genere
1202 2232 1489 2271 numerorum,

150 2273 188 2314 is
221 2273 364 2314 omnia
394 2273 481 2314 fere
513 2273 617 2314 vitia
648 2275 857 2316 vitaverit.
914 2275 1026 2317 Nam
1053 2277 1102 2317 de
1128 2276 1326 2317 laudibus
1352 2275 1489 2316 multa
