1643 2526
169 94 252 136 104
676 93 739 128 DE
767 93 991 129 ORATORE

95 189 307 244 147Atque
342 189 425 231 hoc
462 192 604 231 totum
641 192 707 231 est
744 189 833 231 sive
865 189 969 231 artis
1003 189 1091 230 sive
1124 189 1502 232 animadversionis

165 248 252 290 sive
285 248 605 290 consuetudinis
641 262 767 289 nosse
799 248 1016 303 regioneS,
1057 247 1172 289 intra
1210 263 1313 302 quas
1351 263 1502 290 venere

165 310 208 348 et
238 306 501 362 pervestiges
535 307 647 361 quod
679 321 868 360 quaeras.
931 306 1017 348 Ubi
1044 320 1140 347 eum
1165 305 1307 348 locum
1334 321 1503 348 omnem

165 365 427 420 cogitatione
454 365 675 419 saepseris,
707 365 742 406 si
774 365 900 406 modo
932 379 1013 406 usu
1043 379 1185 405 rerum
1216 365 1503 419 percallueris,

164 424 273 464 nihil
304 427 347 465 te
379 423 554 478 effugiet
586 426 713 477 atque
745 438 868 464 omne
902 424 1015 477 quod
1046 422 1127 463 erit
1157 423 1202 463 in
1232 438 1277 464 re
1310 426 1503 465 occurret
1522 440 1539 466 5

95 482 150 524 35
165 485 293 536 atque
325 482 495 523 incidet.
556 481 615 523 Et
656 481 734 536 sic,
777 496 906 535 quom
945 482 996 523 ad
1032 481 1333 522 inveniendum
1368 482 1415 522 in
1446 482 1504 522 di-

166 541 298 582 cendo
330 540 415 581 tria
446 540 548 581 sint:
594 554 783 594 acumen,
821 540 968 581 deinde
1000 539 1111 580 ratio
1143 564 1200 569 -
1233 555 1360 594 quam
1390 540 1504 595 licet,

166 599 203 640 si
235 599 449 653 volumus,
487 598 748 653 appellemus
782 601 916 639 artem
951 623 1017 652 —-,
1054 598 1231 639 tertium
1269 598 1504 653 diligentia,

164 671 253 698 non
288 671 465 711 possum
505 657 701 710 equidem
736 670 824 697 non
859 657 1033 711 ingenio
1065 656 1225 711 primas
1258 657 1504 711 concedere3

167 716 241 756 sed
271 718 416 756 tamen
446 715 588 769 ipsum
618 715 838 769 ingenium
873 715 1095 770 diligentia
1132 715 1263 756 etiam
1295 730 1345 755 ex
1376 715 1503 755 tardi·
1524 732 1558 757 ιο

99 777 257 815 148tate
282 774 435 815 incitat
461 798 517 802 —
543 773 767 828 diligentia
791 773 980 827 inquam,
1012 788 1118 827 quae
1145 788 1274 827 quom
1306 773 1504 814 omnibus

166 832 212 872 in
248 832 375 873 rebus
413 835 506 872 tum
541 831 587 871 in
624 831 763 872 causis
802 831 1073 872 defendendis
1111 831 1344 885 plurimum
1380 832 1504 872 valet.

166 890 284 931 Haec
303 890 529 944 praecipue
550 890 769 930 colendast
787 889 926 944 nobis,
945 890 1050 931 haec
1071 904 1236 944 semper
1256 890 1506 944 adhibenda,

165 948 270 989 haec
295 948 404 989 nihil
429 951 494 989 est
520 948 632 1001 quod
656 962 743 988 non
770 948 1037 1002 adsequatur.
1087 946 1226 989 Causa
1250 950 1299 988 ut
1322 948 1506 1003 penitus,

168 1007 280 1060 quod
298 1006 424 1047 initio
446 1006 544 1060 dixi,
567 1009 671 1047 nota
691 1006 759 1060 sit,
784 1006 1008 1061 diligentia
1028 1009 1110 1061 est3
1141 1009 1189 1046 ut
1216 1006 1504 1047 adversarium
1526 1022 1559 1048 15

169 1068 332 1106 attente
365 1064 587 1105 audiamus
620 1068 746 1117 atque
779 1067 827 1105 ut
859 1064 949 1105 eius
980 1078 1068 1105 non
1100 1064 1239 1105 solum
1271 1065 1505 1106 sententias

170 1123 243 1165 sed
280 1123 410 1164 etiam
447 1123 577 1163 verba
615 1122 758 1163 omnia
796 1122 1100 1188 percipiamus,
1143 1123 1284 1164 voltus
1326 1123 1505 1176 denique

168 1181 475 1235 perspiciamus
514 1180 670 1234 omnis,
711 1180 782 1234 qui
823 1195 970 1221 sensus
1005 1181 1135 1222 animi
1166 1181 1415 1235 plerumque
1445 1181 1507 1222 in-

101 1240 324 1293 149dicant,
356 1239 579 1294 diligentia
605 1242 670 1279 est
700 1263 745 1267 —
776 1239 819 1279 id
845 1242 989 1279 tamen
1014 1239 1332 1280 dissimulanter
1355 1240 1507 1294 facere,

168 1312 221 1338 ne
248 1273 330 1338 sibi
354 1297 426 1338 ille
434 1275 612 1350 Daliquid
637 1297 841 1351 proficere
867 1297 1071 1352 videatur,
1095 1298 1321 1351 prudentia
1347 1301 1413 1339 est
1442 1315 1506 1353 -3
1526 1315 1560 1340 20

170 1356 318 1396 deinde
351 1359 398 1396 ut
428 1356 474 1396 in
504 1355 557 1396 iis
588 1355 708 1409 locis,
740 1370 845 1410 quos
876 1370 1114 1410 proponam
1145 1356 1273 1410 paulo
1305 1360 1417 1410 post,
1447 1371 1508 1397 re-

168 1415 365 1455 volvatur
397 1414 576 1468 animus,
606 1417 655 1453 ut
685 1413 856 1467 penitus
881 1414 1069 1454 insinuet
1092 1414 1138 1454 in
1163 1429 1347 1468 causam,
1377 1417 1426 1455 ut
1452 1414 1509 1455 sit

169 1487 271 1514 cura
296 1475 338 1513 et
364 1472 626 1527 cogitatione
650 1471 853 1526 intentus,
879 1472 1102 1527 diligentia
1127 1476 1209 1528 est3
1241 1475 1289 1513 ut
1307 1473 1360 1513 iis
1381 1473 1507 1514 rebus

170 1530 370 1571 adhibeat
389 1533 609 1583 tamquam
627 1530 773 1571 lumen
793 1531 965 1584 aliquod
991 1531 1253 1585 memoriam,
1278 1534 1327 1572 ut
1347 1545 1509 1585 vocem,

102 1592 218 1631 150ut
248 1589 363 1642 viris,
395 1588 618 1643 diligentia
650 1591 725 1629 est.
781 1588 899 1629 Inter
930 1589 1151 1643 ingenium
1183 1589 1351 1642 quidem
1382 1593 1424 1630 et
1450 1589 1507 1630 di·
1528 1605 1561 1631 25

168 1647 392 1701 ligentiam
427 1647 680 1700 perpaulum
715 1646 799 1687 loci
831 1647 1041 1700 reliquum
1074 1651 1139 1687 est
1171 1647 1264 1688 arti.
1325 1646 1409 1688 Ars
1442 1648 1509 1688 de-

169 1707 381 1746 monstrat
413 1707 582 1744 tantum
613 1704 687 1744 ubi
720 1719 898 1758 quaeras
925 1708 1053 1758 atque
1078 1705 1153 1745 ubi
1180 1705 1236 1746 sit
1261 1705 1366 1746 illud
1396 1706 1509 1759 quod

170 1763 341 1803 studeas
366 1762 574 1816 invenire3
606 1762 771 1816 reliqua
797 1766 896 1803 sunt
920 1763 966 1802 in
986 1778 1086 1804 cura
1112 1763 1349 1804 attentione
1376 1763 1508 1804 animi

170 1820 431 1875 cogitatione
474 1820 700 1875 vigilantia
744 1821 993 1861 assiduitate
1037 1821 1201 1875 labore,
1250 1822 1510 1875 complectar

169 1893 254 1920 uno
287 1879 417 1919 verbo
451 1892 533 1932 quo
566 1893 690 1933 saepe
720 1878 807 1919 iam
840 1894 985 1919 sumus
1024 1879 1109 1933 usi,
1146 1879 1387 1934 diligentia,
1424 1894 1508 1933 qua
1528 1897 1562 1922 30

102 1946 256 1978 151una
283 1937 459 1988 [virtute
481 1938 644 1988 omnes]
673 1937 853 1978 virtutes
873 1937 1060 1990 reliquae
1081 1938 1364 1979 continentur.
1396 1937 1510 1979 Nam

171 1995 377 2036 orationis
416 1995 585 2048 quidem
626 1995 748 2049 copia
788 1995 979 2036 videmus
1023 1998 1072 2036 ut
1115 1996 1332 2037 abundent
1374 1996 1510 2050 philo-

171 2053 311 2107 sophi,
343 2053 434 2106 qui,
471 2056 518 2094 ut
551 2053 703 2107 opinor
737 2077 784 2082 —
821 2054 894 2094 sed
925 2057 972 2094 tu
1003 2054 1125 2108 haec,
1158 2053 1326 2109 Catule,
1358 2055 1508 2096 melius

169 2135 226 2141 —-
256 2111 374 2151 nulla
414 2111 516 2151 dant
559 2114 786 2165 praecepta
832 2111 997 2153 dicendi
1040 2127 1118 2153 nec
1158 2113 1316 2154 idcirco
1357 2113 1510 2167 minus,

171 2183 460 2223 quaecumque
486 2184 554 2210 res
580 2169 856 2225 propositast,
883 2170 1134 2225 suscipiunt,
1161 2171 1209 2212 de
1231 2186 1313 2225 qua
1338 2171 1508 2226 copiose
1527 2187 1562 2213 35

98 2260 155 2300 36
170 2231 214 2269 et
246 2228 512 2269 abundanter
542 2227 787 2281 loquantur.

100 2311 165 2342 152
287 2285 396 2327 Tum
429 2284 624 2326 Catulus:
671 2285 770 2342 Est,
806 2286 967 2341 inquit,
1003 2289 1052 2328 ut
1084 2286 1207 2342 dicis,
1243 2286 1425 2342 Antoni,
1462 2289 1511 2328 ut
