<?xml version="1.0" encoding="UTF-8"?>
<!DOCTYPE html PUBLIC "-//W3C//DTD XHTML 1.0 Transitional//EN"
    "http://www.w3.org/TR/xhtml1/DTD/xhtml1-transitional.dtd">
<html xmlns="http://www.w3.org/1999/xhtml" xml:lang="en" lang="en">
 <head>
  <title>
</title>
<meta http-equiv="Content-Type" content="text/html;charset=utf-8" />
  <meta name='ocr-system' content='tesseract 3.04.00' />
  <meta name='ocr-capabilities' content='ocr_page ocr_carea ocr_par ocr_line ocrx_word'/>
</head>
<body>
  <div class='ocr_page' id='page_1' title='image "./p2scriptaquaemanse01ciceuoft_0265.png"; bbox 0 0 1643 2526; ppageno 0'>
   <div class='ocr_carea' id='block_1_1' title="bbox 435 93 1459 137">
    <p class='ocr_par' dir='ltr' id='par_1_1' title="bbox 435 93 1459 137">
     <span class='ocr_line' id='line_1_1' title="bbox 435 93 1459 137; baseline 0.004 -9"><span class='ocrx_word' id='word_1_1' title='bbox 435 95 578 129; x_wconf 80' lang='lat' dir='ltr'>LIBER,</span> <span class='ocrx_word' id='word_1_2' title='bbox 602 94 663 129; x_wconf 92' lang='grc' dir='ltr'><strong>ΙΙΙ.</strong></span> <span class='ocrx_word' id='word_1_3' title='bbox 714 93 812 129; x_wconf 83' lang='lat' dir='ltr'><strong>CAP.</strong></span> <span class='ocrx_word' id='word_1_4' title='bbox 841 98 942 129; x_wconf 79' lang='lat'>1—2.</span> <span class='ocrx_word' id='word_1_5' title='bbox 981 98 1000 136; x_wconf 66' lang='grc' dir='ltr'>ξ</span> <span class='ocrx_word' id='word_1_6' title='bbox 1028 98 1128 130; x_wconf 82' lang='grc'><strong>1-7.</strong></span> <span class='ocrx_word' id='word_1_7' title='bbox 1375 96 1459 137; x_wconf 86' lang='grc'>163</span> 
     </span>
    </p>
   </div>
   <div class='ocr_carea' id='block_1_2' title="bbox 67 190 1505 2385">
    <p class='ocr_par' dir='ltr' id='par_1_2' title="bbox 67 190 1505 2385">
     <span class='ocr_line' id='line_1_2' title="bbox 121 190 1459 245; baseline -0.001 -11"><span class='ocrx_word' id='word_1_8' title='bbox 121 196 264 234; x_wconf 89' lang='lat' dir='ltr'>autem</span> <span class='ocrx_word' id='word_1_9' title='bbox 296 191 362 232; x_wconf 91' lang='lat' dir='ltr'>die</span> <span class='ocrx_word' id='word_1_10' title='bbox 395 190 526 231; x_wconf 87' lang='lat' dir='ltr'>etiam</span> <span class='ocrx_word' id='word_1_11' title='bbox 562 190 704 244; x_wconf 89' lang='lat' dir='ltr'>ipsum</span> <span class='ocrx_word' id='word_1_12' title='bbox 742 204 767 230; x_wconf 92' lang='lat' dir='ltr'>a</span> <span class='ocrx_word' id='word_1_13' title='bbox 804 204 847 230; x_wconf 91' lang='lat' dir='ltr'>se</span> <span class='ocrx_word' id='word_1_14' title='bbox 887 193 1144 244; x_wconf 88' lang='lat' dir='ltr'>superatum.</span> <span class='ocrx_word' id='word_1_15' title='bbox 1207 190 1459 245; x_wconf 75' lang='lat' dir='ltr'>Deploravit</span> 
     </span>
     <span class='ocr_line' id='line_1_3' title="bbox 121 248 1459 302; baseline -0.003 -9"><span class='ocrx_word' id='word_1_16' title='bbox 121 251 234 293; x_wconf 85' lang='lat' dir='ltr'>enim</span> <span class='ocrx_word' id='word_1_17' title='bbox 260 265 406 292; x_wconf 88' lang='lat' dir='ltr'>casum</span> <span class='ocrx_word' id='word_1_18' title='bbox 432 252 559 302; x_wconf 87' lang='lat' dir='ltr'>atque</span> <span class='ocrx_word' id='word_1_19' title='bbox 587 248 816 289; x_wconf 71' lang='lat' dir='ltr'>orbitatem</span> <span class='ocrx_word' id='word_1_20' title='bbox 843 251 1029 302; x_wconf 87' lang='lat' dir='ltr'>senatus,</span> <span class='ocrx_word' id='word_1_21' title='bbox 1061 248 1213 302; x_wconf 89' lang='lat' dir='ltr'>quoius</span> <span class='ocrx_word' id='word_1_22' title='bbox 1242 249 1401 290; x_wconf 89' lang='lat' dir='ltr'>ordinis</span> <span class='ocrx_word' id='word_1_23' title='bbox 1434 265 1459 290; x_wconf 90' lang='lat' dir='ltr'>a</span> 
     </span>
     <span class='ocr_line' id='line_1_4' title="bbox 121 306 1457 363; baseline -0.001 -12"><span class='ocrx_word' id='word_1_24' title='bbox 121 309 306 363; x_wconf 87' lang='lat' dir='ltr'>consule,</span> <span class='ocrx_word' id='word_1_25' title='bbox 338 307 410 362; x_wconf 93' lang='lat' dir='ltr'>qui</span> <span class='ocrx_word' id='word_1_26' title='bbox 443 306 565 360; x_wconf 88' lang='lat' dir='ltr'>quasi</span> <span class='ocrx_word' id='word_1_27' title='bbox 597 321 749 361; x_wconf 87' lang='lat' dir='ltr'>parens</span> <span class='ocrx_word' id='word_1_28' title='bbox 781 306 919 347; x_wconf 89' lang='lat' dir='ltr'>bonus</span> <span class='ocrx_word' id='word_1_29' title='bbox 953 310 1027 347; x_wconf 88' lang='lat' dir='ltr'>aut</span> <span class='ocrx_word' id='word_1_30' title='bbox 1059 310 1178 348; x_wconf 88' lang='lat' dir='ltr'>tutor</span> <span class='ocrx_word' id='word_1_31' title='bbox 1202 307 1339 348; x_wconf 87' lang='lat' dir='ltr'>fidelis</span> <span class='ocrx_word' id='word_1_32' title='bbox 1367 322 1457 349; x_wconf 89' lang='lat' dir='ltr'>esse</span> 
     </span>
     <span class='ocr_line' id='line_1_5' title="bbox 121 364 1459 421; baseline -0.001 -12"><span class='ocrx_word' id='word_1_33' title='bbox 121 369 305 421; x_wconf 89' lang='lat' dir='ltr'>deberet,</span> <span class='ocrx_word' id='word_1_34' title='bbox 330 369 535 419; x_wconf 83' lang='lat' dir='ltr'>tanquam</span> <span class='ocrx_word' id='word_1_35' title='bbox 556 365 609 405; x_wconf 91' lang='lat' dir='ltr'>ab</span> <span class='ocrx_word' id='word_1_36' title='bbox 630 365 772 418; x_wconf 89' lang='lat' dir='ltr'>aliquo</span> <span class='ocrx_word' id='word_1_37' title='bbox 791 364 954 406; x_wconf 82' lang='lat' dir='ltr'>nefario</span> <span class='ocrx_word' id='word_1_38' title='bbox 975 366 1186 419; x_wconf 83' lang='lat' dir='ltr'>praedone</span> <span class='ocrx_word' id='word_1_39' title='bbox 1207 366 1459 420; x_wconf 82' lang='lat' dir='ltr'>diriperetur</span> 
     </span>
     <span class='ocr_line' id='line_1_6' title="bbox 86 423 1459 481; baseline 0.002 -18"><span class='ocrx_word' id='word_1_40' title='bbox 86 439 102 463; x_wconf 88' lang='lat'><strong>5</strong></span> <span class='ocrx_word' id='word_1_41' title='bbox 120 425 427 481; x_wconf 85' lang='lat' dir='ltr'>patrimonium</span> <span class='ocrx_word' id='word_1_42' title='bbox 453 423 694 478; x_wconf 68' lang='lat' dir='ltr'>dignitatis,</span> <span class='ocrx_word' id='word_1_43' title='bbox 724 437 860 476; x_wconf 85' lang='lat' dir='ltr'>neque</span> <span class='ocrx_word' id='word_1_44' title='bbox 886 438 985 464; x_wconf 84' lang='lat' dir='ltr'>vero</span> <span class='ocrx_word' id='word_1_45' title='bbox 1013 438 1103 464; x_wconf 89' lang='lat' dir='ltr'>esse</span> <span class='ocrx_word' id='word_1_46' title='bbox 1131 424 1383 478; x_wconf 84' lang='lat' dir='ltr'>mirandum,</span> <span class='ocrx_word' id='word_1_47' title='bbox 1409 424 1459 478; x_wconf 82' lang='lat' dir='ltr'>si,</span> 
     </span>
     <span class='ocr_line' id='line_1_7' title="bbox 122 481 1458 537; baseline -0.002 -11"><span class='ocrx_word' id='word_1_48' title='bbox 122 500 218 526; x_wconf 91' lang='lat' dir='ltr'>cum</span> <span class='ocrx_word' id='word_1_49' title='bbox 246 484 332 524; x_wconf 88' lang='lat' dir='ltr'>suis</span> <span class='ocrx_word' id='word_1_50' title='bbox 360 482 550 524; x_wconf 86' lang='lat' dir='ltr'>consiliis</span> <span class='ocrx_word' id='word_1_51' title='bbox 576 496 666 522; x_wconf 90' lang='lat' dir='ltr'>rem</span> <span class='ocrx_word' id='word_1_52' title='bbox 691 481 907 536; x_wconf 82' lang='lat' dir='ltr'>publicam</span> <span class='ocrx_word' id='word_1_53' title='bbox 926 482 1211 537; x_wconf 87' lang='lat' dir='ltr'>profligasset,</span> <span class='ocrx_word' id='word_1_54' title='bbox 1231 483 1458 524; x_wconf 90' lang='lat' dir='ltr'>consilium</span> 
     </span>
     <span class='ocr_line' id='line_1_8' title="bbox 122 539 1505 594; baseline -0.001 -10"><span class='ocrx_word' id='word_1_55' title='bbox 122 545 294 584; x_wconf 87' lang='lat' dir='ltr'>senatus</span> <span class='ocrx_word' id='word_1_56' title='bbox 327 556 351 582; x_wconf 88' lang='lat' dir='ltr'>a</span> <span class='ocrx_word' id='word_1_57' title='bbox 382 555 426 581; x_wconf 89' lang='lat' dir='ltr'>re</span> <span class='ocrx_word' id='word_1_58' title='bbox 458 539 630 594; x_wconf 87' lang='lat' dir='ltr'>publica</span> <span class='ocrx_word' id='word_1_59' title='bbox 661 540 914 594; x_wconf 85' lang='lat' dir='ltr'>repudiaret.</span> <span class='ocrx_word' id='word_1_60' title='bbox 975 540 1057 581; x_wconf 90' lang='lat' dir='ltr'>Hic</span> <span class='ocrx_word' id='word_1_61' title='bbox 1091 555 1187 581; x_wconf 89' lang='lat' dir='ltr'>cum</span> <span class='ocrx_word' id='word_1_62' title='bbox 1218 541 1382 581; x_wconf 86' lang='lat' dir='ltr'>homini</span> <span class='ocrx_word' id='word_1_63' title='bbox 1415 544 1458 582; x_wconf 87' lang='lat' dir='ltr'>et</span> <span class='ocrx_word' id='word_1_64' title='bbox 1484 553 1505 582; x_wconf 78' lang='grc'>4</span> 
     </span>
     <span class='ocr_line' id='line_1_9' title="bbox 121 598 1458 652; baseline -0.002 -10"><span class='ocrx_word' id='word_1_65' title='bbox 121 599 361 642; x_wconf 85' lang='lat' dir='ltr'>vehementi</span> <span class='ocrx_word' id='word_1_66' title='bbox 394 602 436 640; x_wconf 90' lang='lat' dir='ltr'>et</span> <span class='ocrx_word' id='word_1_67' title='bbox 462 599 619 639; x_wconf 87' lang='lat' dir='ltr'>diserto</span> <span class='ocrx_word' id='word_1_68' title='bbox 646 602 689 639; x_wconf 85' lang='lat' dir='ltr'>et</span> <span class='ocrx_word' id='word_1_69' title='bbox 720 599 765 638; x_wconf 90' lang='lat' dir='ltr'>in</span> <span class='ocrx_word' id='word_1_70' title='bbox 789 598 938 652; x_wconf 90' lang='lat' dir='ltr'>primis</span> <span class='ocrx_word' id='word_1_71' title='bbox 965 598 1069 639; x_wconf 84' lang='lat' dir='ltr'>forti</span> <span class='ocrx_word' id='word_1_72' title='bbox 1096 599 1149 639; x_wconf 92' lang='lat' dir='ltr'>ad</span> <span class='ocrx_word' id='word_1_73' title='bbox 1173 599 1458 640; x_wconf 88' lang='lat' dir='ltr'>resistendum</span> 
     </span>
     <span class='ocr_line' id='line_1_10' title="bbox 120 657 1458 713; baseline 0 -14"><span class='ocrx_word' id='word_1_74' title='bbox 120 659 319 713; x_wconf 89' lang='lat' dir='ltr'>Philippo</span> <span class='ocrx_word' id='word_1_75' title='bbox 358 657 480 711; x_wconf 84' lang='lat' dir='ltr'>quasi</span> <span class='ocrx_word' id='word_1_76' title='bbox 520 657 724 710; x_wconf 87' lang='lat' dir='ltr'>quasdam</span> <span class='ocrx_word' id='word_1_77' title='bbox 765 657 991 697; x_wconf 85' lang='lat' dir='ltr'>verborum</span> <span class='ocrx_word' id='word_1_78' title='bbox 1031 657 1144 698; x_wconf 85' lang='lat' dir='ltr'>faces</span> <span class='ocrx_word' id='word_1_79' title='bbox 1187 658 1458 712; x_wconf 80' lang='lat' dir='ltr'>admovisset,</span> 
     </span>
     <span class='ocr_line' id='line_1_11' title="bbox 69 715 1458 770; baseline -0.001 -12"><span class='ocrx_word' id='word_1_80' title='bbox 69 728 101 753; x_wconf 92' lang='lat'>10</span> <span class='ocrx_word' id='word_1_81' title='bbox 120 732 207 758; x_wconf 86' lang='lat' dir='ltr'>non</span> <span class='ocrx_word' id='word_1_82' title='bbox 237 716 338 757; x_wconf 85' lang='lat' dir='ltr'>tulit</span> <span class='ocrx_word' id='word_1_83' title='bbox 368 716 440 756; x_wconf 88' lang='lat' dir='ltr'>ille</span> <span class='ocrx_word' id='word_1_84' title='bbox 473 718 515 755; x_wconf 88' lang='lat' dir='ltr'>et</span> <span class='ocrx_word' id='word_1_85' title='bbox 548 715 735 770; x_wconf 83' lang='lat' dir='ltr'>graviter</span> <span class='ocrx_word' id='word_1_86' title='bbox 760 715 918 755; x_wconf 86' lang='lat' dir='ltr'>exarsit</span> <span class='ocrx_word' id='word_1_87' title='bbox 943 715 1275 770; x_wconf 83' lang='lat' dir='ltr'>pigneribusque</span> <span class='ocrx_word' id='word_1_88' title='bbox 1302 716 1458 757; x_wconf 88' lang='lat' dir='ltr'>ablatis</span> 
     </span>
     <span class='ocr_line' id='line_1_12' title="bbox 122 772 1459 828; baseline 0 -12"><span class='ocrx_word' id='word_1_89' title='bbox 122 774 324 816; x_wconf 85' lang='lat' dir='ltr'>Crassum</span> <span class='ocrx_word' id='word_1_90' title='bbox 354 773 546 814; x_wconf 85' lang='lat' dir='ltr'>instituit</span> <span class='ocrx_word' id='word_1_91' title='bbox 577 787 780 814; x_wconf 85' lang='lat' dir='ltr'>coercere.</span> <span class='ocrx_word' id='word_1_92' title='bbox 831 772 924 821; x_wconf 81' lang='lat' dir='ltr'>Quo</span> <span class='ocrx_word' id='word_1_93' title='bbox 959 774 1129 827; x_wconf 89' lang='lat' dir='ltr'>quidem</span> <span class='ocrx_word' id='word_1_94' title='bbox 1159 774 1204 814; x_wconf 92' lang='lat' dir='ltr'>in</span> <span class='ocrx_word' id='word_1_95' title='bbox 1235 774 1329 828; x_wconf 89' lang='lat' dir='ltr'>ipso</span> <span class='ocrx_word' id='word_1_96' title='bbox 1361 775 1459 816; x_wconf 89' lang='lat' dir='ltr'>loco</span> 
     </span>
     <span class='ocr_line' id='line_1_13' title="bbox 121 831 1458 887; baseline 0 -13"><span class='ocrx_word' id='word_1_97' title='bbox 121 834 258 874; x_wconf 89' lang='lat' dir='ltr'>multa</span> <span class='ocrx_word' id='word_1_98' title='bbox 290 848 314 873; x_wconf 91' lang='lat' dir='ltr'>a</span> <span class='ocrx_word' id='word_1_99' title='bbox 346 831 500 873; x_wconf 84' lang='lat' dir='ltr'>Crasso</span> <span class='ocrx_word' id='word_1_100' title='bbox 534 831 736 872; x_wconf 83' lang='lat' dir='ltr'>divinitus</span> <span class='ocrx_word' id='word_1_101' title='bbox 777 831 890 872; x_wconf 86' lang='lat' dir='ltr'>dicta</span> <span class='ocrx_word' id='word_1_102' title='bbox 927 847 1018 872; x_wconf 87' lang='lat' dir='ltr'>esse</span> <span class='ocrx_word' id='word_1_103' title='bbox 1056 832 1321 887; x_wconf 85' lang='lat' dir='ltr'>ferebantur,</span> <span class='ocrx_word' id='word_1_104' title='bbox 1360 848 1458 874; x_wconf 89' lang='lat' dir='ltr'>cum</span> 
     </span>
     <span class='ocr_line' id='line_1_14' title="bbox 122 889 1458 945; baseline -0.001 -12"><span class='ocrx_word' id='word_1_105' title='bbox 122 892 203 933; x_wconf 90' lang='lat' dir='ltr'>sibi</span> <span class='ocrx_word' id='word_1_106' title='bbox 235 891 358 931; x_wconf 79' lang='lat' dir='ltr'>illum</span> <span class='ocrx_word' id='word_1_107' title='bbox 396 889 610 931; x_wconf 87' lang='lat' dir='ltr'>consulem</span> <span class='ocrx_word' id='word_1_108' title='bbox 651 904 742 930; x_wconf 90' lang='lat' dir='ltr'>esse</span> <span class='ocrx_word' id='word_1_109' title='bbox 779 893 974 944; x_wconf 90' lang='lat' dir='ltr'>negaret,</span> <span class='ocrx_word' id='word_1_110' title='bbox 1015 890 1115 944; x_wconf 90' lang='lat' dir='ltr'>quoi</span> <span class='ocrx_word' id='word_1_111' title='bbox 1154 894 1326 931; x_wconf 89' lang='lat' dir='ltr'>senator</span> <span class='ocrx_word' id='word_1_112' title='bbox 1365 891 1458 945; x_wconf 84' lang='lat' dir='ltr'>ipse</span> 
     </span>
     <span class='ocr_line' id='line_1_15' title="bbox 120 948 1458 1002; baseline 0 -12"><span class='ocrx_word' id='word_1_113' title='bbox 120 964 208 990; x_wconf 92' lang='lat' dir='ltr'>non</span> <span class='ocrx_word' id='word_1_114' title='bbox 257 952 378 990; x_wconf 87' lang='lat' dir='ltr'>esset.</span> <span class='ocrx_word' id='word_1_115' title='bbox 447 948 523 988; x_wconf 90' lang='lat' dir='ltr'>An</span> <span class='ocrx_word' id='word_1_116' title='bbox 571 951 643 1002; x_wconf 90' lang='lat' dir='ltr'>tu,</span> <span class='ocrx_word' id='word_1_117' title='bbox 692 962 800 988; x_wconf 89' lang='lat' dir='ltr'>cum</span> <span class='ocrx_word' id='word_1_118' title='bbox 850 963 1041 989; x_wconf 88' lang='lat' dir='ltr'>omnem</span> <span class='ocrx_word' id='word_1_119' title='bbox 1092 949 1458 990; x_wconf 88' lang='lat' dir='ltr'>auctoritatem</span> 
     </span>
     <span class='ocr_line' id='line_1_16' title="bbox 68 1006 1457 1061; baseline -0.001 -12"><span class='ocrx_word' id='word_1_120' title='bbox 68 1019 100 1044; x_wconf 85' lang='lat'>15</span> <span class='ocrx_word' id='word_1_121' title='bbox 121 1006 348 1049; x_wconf 86' lang='lat' dir='ltr'>universi</span> <span class='ocrx_word' id='word_1_122' title='bbox 391 1006 588 1046; x_wconf 88' lang='lat' dir='ltr'>ordinis</span> <span class='ocrx_word' id='word_1_123' title='bbox 630 1020 718 1060; x_wconf 91' lang='lat' dir='ltr'>pro</span> <span class='ocrx_word' id='word_1_124' title='bbox 756 1006 968 1060; x_wconf 87' lang='lat' dir='ltr'>pignore</span> <span class='ocrx_word' id='word_1_125' title='bbox 1009 1007 1209 1061; x_wconf 85' lang='lat' dir='ltr'>putaris</span> <span class='ocrx_word' id='word_1_126' title='bbox 1251 1022 1457 1061; x_wconf 84' lang='lat' dir='ltr'>eamque</span> 
     </span>
     <span class='ocr_line' id='line_1_17' title="bbox 120 1064 1458 1119; baseline 0 -13"><span class='ocrx_word' id='word_1_127' title='bbox 120 1067 171 1106; x_wconf 91' lang='lat' dir='ltr'>in</span> <span class='ocrx_word' id='word_1_128' title='bbox 203 1068 480 1119; x_wconf 86' lang='lat' dir='ltr'>conspectu</span> <span class='ocrx_word' id='word_1_129' title='bbox 505 1064 682 1118; x_wconf 89' lang='lat' dir='ltr'>populi</span> <span class='ocrx_word' id='word_1_130' title='bbox 709 1064 921 1105; x_wconf 86' lang='lat' dir='ltr'>Romani</span> <span class='ocrx_word' id='word_1_131' title='bbox 948 1065 1254 1119; x_wconf 76' lang='lat' dir='ltr'>concideiis,</span> <span class='ocrx_word' id='word_1_132' title='bbox 1280 1080 1351 1106; x_wconf 88' lang='lat' dir='ltr'>me</span> <span class='ocrx_word' id='word_1_133' title='bbox 1377 1066 1458 1106; x_wconf 87' lang='lat' dir='ltr'>his</span> 
     </span>
     <span class='ocr_line' id='line_1_18' title="bbox 121 1122 1494 1187; baseline -0.001 -22"><span class='ocrx_word' id='word_1_134' title='bbox 121 1124 400 1165; x_wconf 84' lang='lat' dir='ltr'>existumas</span> <span class='ocrx_word' id='word_1_135' title='bbox 444 1122 750 1187; x_wconf 77' lang='lat' dir='ltr'>pignoribus</span> <span class='ocrx_word' id='word_1_136' title='bbox 795 1125 899 1163; x_wconf 82' lang='lat' dir='ltr'>teri</span> <span class='ocrx_word' id='word_1_137' title='bbox 908 1123 1008 1163; x_wconf 71' lang='lat' dir='ltr'>e11‘&gt;</span> <span class='ocrx_word' id='word_1_138' title='bbox 1070 1122 1181 1164; x_wconf 89' lang='lat' dir='ltr'>Non</span> <span class='ocrx_word' id='word_1_139' title='bbox 1224 1124 1323 1164; x_wconf 89' lang='lat' dir='ltr'>tibi</span> <span class='ocrx_word' id='word_1_140' title='bbox 1365 1124 1457 1164; x_wconf 84' lang='lat' dir='ltr'>illa</span> <span class='ocrx_word' id='word_1_141' title='bbox 1487 1157 1494 1160; x_wconf 84' lang='lat'>.</span> 
     </span>
     <span class='ocr_line' id='line_1_19' title="bbox 122 1178 1458 1237; baseline 0 -14"><span class='ocrx_word' id='word_1_142' title='bbox 122 1184 242 1223; x_wconf 88' lang='lat' dir='ltr'>sunt</span> <span class='ocrx_word' id='word_1_143' title='bbox 292 1181 559 1235; x_wconf 87' lang='lat' dir='ltr'>caedenda,</span> <span class='ocrx_word' id='word_1_144' title='bbox 610 1181 651 1221; x_wconf 92' lang='lat' dir='ltr'>si</span> <span class='ocrx_word' id='word_1_145' title='bbox 700 1180 746 1221; x_wconf 91' lang='lat' dir='ltr'>L.</span> <span class='ocrx_word' id='word_1_146' title='bbox 791 1178 1029 1222; x_wconf 83' lang='lat' dir='ltr'>Crassum</span> <span class='ocrx_word' id='word_1_147' title='bbox 1078 1182 1153 1223; x_wconf 88' lang='lat' dir='ltr'>vis</span> <span class='ocrx_word' id='word_1_148' title='bbox 1205 1196 1458 1237; x_wconf 86' lang='lat' dir='ltr'>coercere,</span> 
     </span>
     <span class='ocr_line' id='line_1_20' title="bbox 120 1215 1458 1294; baseline 0 -13"><span class='ocrx_word' id='word_1_149' title='bbox 120 1240 242 1281; x_wconf 87' lang='lat' dir='ltr'>haec</span> <span class='ocrx_word' id='word_1_150' title='bbox 275 1239 373 1280; x_wconf 88' lang='lat' dir='ltr'>tibi</span> <span class='ocrx_word' id='word_1_151' title='bbox 406 1242 482 1279; x_wconf 90' lang='lat' dir='ltr'>est</span> <span class='ocrx_word' id='word_1_152' title='bbox 513 1215 785 1279; x_wconf 83' lang='lat' dir='ltr'>iiicidenda</span> <span class='ocrx_word' id='word_1_153' title='bbox 816 1239 1010 1294; x_wconf 88' lang='lat' dir='ltr'>lingua,</span> <span class='ocrx_word' id='word_1_154' title='bbox 1049 1255 1142 1293; x_wconf 85' lang='lat' dir='ltr'>qua</span> <span class='ocrx_word' id='word_1_155' title='bbox 1173 1240 1252 1281; x_wconf 86' lang='lat' dir='ltr'>vel</span> <span class='ocrx_word' id='word_1_156' title='bbox 1284 1241 1458 1282; x_wconf 79' lang='lat' dir='ltr'>evolsa</span> 
     </span>
     <span class='ocr_line' id='line_1_21' title="bbox 67 1297 1505 1355; baseline 0 -16"><span class='ocrx_word' id='word_1_157' title='bbox 67 1317 102 1342; x_wconf 78' lang='lat'>20</span> <span class='ocrx_word' id='word_1_158' title='bbox 122 1298 310 1352; x_wconf 90' lang='lat' dir='ltr'>spiritu</span> <span class='ocrx_word' id='word_1_159' title='bbox 350 1297 463 1350; x_wconf 90' lang='lat' dir='ltr'>ipso</span> <span class='ocrx_word' id='word_1_160' title='bbox 504 1297 773 1337; x_wconf 85' lang='lat' dir='ltr'>libidinem</span> <span class='ocrx_word' id='word_1_161' title='bbox 814 1300 950 1338; x_wconf 88' lang='lat' dir='ltr'>tuam</span> <span class='ocrx_word' id='word_1_162' title='bbox 986 1298 1203 1339; x_wconf 87' lang='lat' dir='ltr'>libertas</span> <span class='ocrx_word' id='word_1_163' title='bbox 1242 1313 1348 1339; x_wconf 91' lang='lat' dir='ltr'>mea</span> <span class='ocrx_word' id='word_1_164' title='bbox 1385 1314 1458 1339; x_wconf 88' lang='lat' dir='ltr'>re—</span> <span class='ocrx_word' id='word_1_165' title='bbox 1479 1324 1505 1355; x_wconf 54' lang='grc' dir='ltr'>ι)</span> 
     </span>
     <span class='ocr_line' id='line_1_22' title="bbox 121 1353 1501 1399; baseline 0.001 -3"><span class='ocrx_word' id='word_1_166' title='bbox 121 1356 323 1396; x_wconf 88' lang='lat' dir='ltr'>futabit.</span> <span class='ocrx_word' id='word_1_167' title='bbox 388 1355 606 1395; x_wconf 85' lang='lat' dir='ltr'>Permulta</span> <span class='ocrx_word' id='word_1_168' title='bbox 642 1358 735 1395; x_wconf 90' lang='lat' dir='ltr'>tum</span> <span class='ocrx_word' id='word_1_169' title='bbox 771 1355 1146 1397; x_wconf 86' lang='lat' dir='ltr'>vehementissima</span> <span class='ocrx_word' id='word_1_170' title='bbox 1184 1357 1456 1398; x_wconf 82' lang='lat' dir='ltr'>contentione</span> <span class='ocrx_word' id='word_1_171' title='bbox 1478 1353 1501 1399; x_wconf 65' lang='grc' dir='ltr'><strong>ῗ</strong></span> 
     </span>
     <span class='ocr_line' id='line_1_23' title="bbox 122 1402 1503 1468; baseline 0.001 -13"><span class='ocrx_word' id='word_1_172' title='bbox 122 1414 252 1455; x_wconf 89' lang='lat' dir='ltr'>animi</span> <span class='ocrx_word' id='word_1_173' title='bbox 288 1413 450 1468; x_wconf 87' lang='lat' dir='ltr'>ingenii</span> <span class='ocrx_word' id='word_1_174' title='bbox 481 1413 637 1453; x_wconf 83' lang='lat' dir='ltr'>virium</span> <span class='ocrx_word' id='word_1_175' title='bbox 669 1413 720 1454; x_wconf 88' lang='lat' dir='ltr'>ab</span> <span class='ocrx_word' id='word_1_176' title='bbox 754 1427 802 1453; x_wconf 93' lang='lat' dir='ltr'>eo</span> <span class='ocrx_word' id='word_1_177' title='bbox 841 1413 954 1454; x_wconf 82' lang='lat' dir='ltr'>dicta</span> <span class='ocrx_word' id='word_1_178' title='bbox 986 1429 1076 1454; x_wconf 86' lang='lat' dir='ltr'>esse</span> <span class='ocrx_word' id='word_1_179' title='bbox 1109 1415 1335 1455; x_wconf 83' lang='lat' dir='ltr'>constabat</span> <span class='ocrx_word' id='word_1_180' title='bbox 1368 1430 1458 1456; x_wconf 84' lang='lat' dir='ltr'>sen-</span> <span class='ocrx_word' id='word_1_181' title='bbox 1484 1402 1503 1421; x_wconf 64' lang='grc' dir='ltr'>Ο</span> 
     </span>
     <span class='ocr_line' id='line_1_24' title="bbox 121 1472 1461 1527; baseline 0.001 -14"><span class='ocrx_word' id='word_1_182' title='bbox 121 1472 383 1524; x_wconf 88' lang='lat' dir='ltr'>tentiamque</span> <span class='ocrx_word' id='word_1_183' title='bbox 416 1486 528 1525; x_wconf 89' lang='lat' dir='ltr'>eam,</span> <span class='ocrx_word' id='word_1_184' title='bbox 565 1485 692 1524; x_wconf 88' lang='lat' dir='ltr'>quam</span> <span class='ocrx_word' id='word_1_185' title='bbox 731 1474 903 1512; x_wconf 84' lang='lat' dir='ltr'>senatus</span> <span class='ocrx_word' id='word_1_186' title='bbox 941 1472 1138 1525; x_wconf 84' lang='lat' dir='ltr'>frequens</span> <span class='ocrx_word' id='word_1_187' title='bbox 1178 1476 1348 1514; x_wconf 90' lang='lat' dir='ltr'>secutus</span> <span class='ocrx_word' id='word_1_188' title='bbox 1382 1477 1461 1527; x_wconf 87' lang='lat' dir='ltr'>est,</span> 
     </span>
     <span class='ocr_line' id='line_1_25' title="bbox 122 1529 1457 1584; baseline 0.001 -13"><span class='ocrx_word' id='word_1_189' title='bbox 122 1529 407 1571; x_wconf 86' lang='lat' dir='ltr'>ornatissimis</span> <span class='ocrx_word' id='word_1_190' title='bbox 428 1532 470 1570; x_wconf 88' lang='lat' dir='ltr'>et</span> <span class='ocrx_word' id='word_1_191' title='bbox 491 1529 755 1584; x_wconf 84' lang='lat' dir='ltr'>gravissimis</span> <span class='ocrx_word' id='word_1_192' title='bbox 776 1530 929 1583; x_wconf 85' lang='lat' dir='ltr'>verbis,</span> <span class='ocrx_word' id='word_1_193' title='bbox 948 1534 1002 1571; x_wconf 88' lang='lat' dir='ltr'>ut</span> <span class='ocrx_word' id='word_1_194' title='bbox 1021 1531 1210 1584; x_wconf 89' lang='lat' dir='ltr'>populo</span> <span class='ocrx_word' id='word_1_195' title='bbox 1232 1531 1457 1572; x_wconf 85' lang='lat' dir='ltr'>Romano</span> 
     </span>
     <span class='ocr_line' id='line_1_26' title="bbox 69 1588 1459 1643; baseline 0 -13"><span class='ocrx_word' id='word_1_196' title='bbox 69 1605 102 1630; x_wconf 80' lang='lat'>25</span> <span class='ocrx_word' id='word_1_197' title='bbox 123 1588 249 1630; x_wconf 91' lang='lat' dir='ltr'>satis</span> <span class='ocrx_word' id='word_1_198' title='bbox 281 1588 451 1641; x_wconf 84' lang='lat' dir='ltr'>fieret,</span> <span class='ocrx_word' id='word_1_199' title='bbox 480 1601 737 1641; x_wconf 88' lang='lat' dir='ltr'>nunquam</span> <span class='ocrx_word' id='word_1_200' title='bbox 764 1591 969 1628; x_wconf 90' lang='lat' dir='ltr'>senatus</span> <span class='ocrx_word' id='word_1_201' title='bbox 996 1603 1155 1643; x_wconf 86' lang='lat' dir='ltr'>neque</span> <span class='ocrx_word' id='word_1_202' title='bbox 1182 1590 1459 1630; x_wconf 88' lang='lat' dir='ltr'>consilium</span> 
     </span>
     <span class='ocr_line' id='line_1_27' title="bbox 122 1645 1457 1701; baseline 0.002 -15"><span class='ocrx_word' id='word_1_203' title='bbox 122 1646 194 1687; x_wconf 91' lang='lat' dir='ltr'>rei</span> <span class='ocrx_word' id='word_1_204' title='bbox 226 1646 461 1700; x_wconf 85' lang='lat' dir='ltr'>publicae</span> <span class='ocrx_word' id='word_1_205' title='bbox 493 1660 582 1686; x_wconf 89' lang='lat' dir='ltr'>nec</span> <span class='ocrx_word' id='word_1_206' title='bbox 613 1645 767 1686; x_wconf 88' lang='lat' dir='ltr'>fidem</span> <span class='ocrx_word' id='word_1_207' title='bbox 799 1646 1041 1701; x_wconf 84' lang='lat' dir='ltr'>defuisse,</span> <span class='ocrx_word' id='word_1_208' title='bbox 1074 1647 1125 1687; x_wconf 93' lang='lat' dir='ltr'>ab</span> <span class='ocrx_word' id='word_1_209' title='bbox 1154 1662 1202 1688; x_wconf 91' lang='lat' dir='ltr'>eo</span> <span class='ocrx_word' id='word_1_210' title='bbox 1230 1647 1388 1689; x_wconf 83' lang='lat' dir='ltr'>dictam</span> <span class='ocrx_word' id='word_1_211' title='bbox 1415 1652 1457 1689; x_wconf 87' lang='lat' dir='ltr'>et</span> 
     </span>
     <span class='ocr_line' id='line_1_28' title="bbox 122 1703 1457 1760; baseline 0.001 -15"><span class='ocrx_word' id='word_1_212' title='bbox 122 1705 319 1758; x_wconf 88' lang='lat' dir='ltr'>eundem,</span> <span class='ocrx_word' id='word_1_213' title='bbox 354 1704 398 1744; x_wconf 90' lang='lat' dir='ltr'>id</span> <span class='ocrx_word' id='word_1_214' title='bbox 436 1704 549 1757; x_wconf 90' lang='lat' dir='ltr'>quod</span> <span class='ocrx_word' id='word_1_215' title='bbox 584 1703 631 1744; x_wconf 93' lang='lat' dir='ltr'>in</span> <span class='ocrx_word' id='word_1_216' title='bbox 668 1704 997 1745; x_wconf 87' lang='lat' dir='ltr'>auctoritatibus</span> <span class='ocrx_word' id='word_1_217' title='bbox 1038 1706 1286 1760; x_wconf 80' lang='lat' dir='ltr'>perscriptis</span> <span class='ocrx_word' id='word_1_218' title='bbox 1328 1710 1457 1759; x_wconf 86' lang='lat' dir='ltr'>extat,</span> 
     </span>
     <span class='ocr_line' id='line_1_29' title="bbox 123 1762 1504 1818; baseline 0.002 -15"><span class='ocrx_word' id='word_1_219' title='bbox 123 1762 345 1804; x_wconf 85' lang='lat' dir='ltr'>scribendo</span> <span class='ocrx_word' id='word_1_220' title='bbox 388 1762 583 1802; x_wconf 85' lang='lat' dir='ltr'>adfuisse.</span> <span class='ocrx_word' id='word_1_221' title='bbox 645 1762 726 1803; x_wconf 87' lang='lat' dir='ltr'>Illa</span> <span class='ocrx_word' id='word_1_222' title='bbox 766 1765 969 1816; x_wconf 87' lang='lat' dir='ltr'>tanquam</span> <span class='ocrx_word' id='word_1_223' title='bbox 1005 1778 1161 1818; x_wconf 84' lang='lat' dir='ltr'>cycnea</span> <span class='ocrx_word' id='word_1_224' title='bbox 1201 1764 1283 1805; x_wconf 91' lang='lat' dir='ltr'>fuit</span> <span class='ocrx_word' id='word_1_225' title='bbox 1324 1765 1455 1805; x_wconf 83' lang='lat' dir='ltr'>divini</span> <span class='ocrx_word' id='word_1_226' title='bbox 1483 1778 1504 1807; x_wconf 75' lang='lat'>6</span> 
     </span>
     <span class='ocr_line' id='line_1_30' title="bbox 120 1820 1457 1877; baseline 0.003 -17"><span class='ocrx_word' id='word_1_227' title='bbox 120 1820 306 1861; x_wconf 88' lang='lat' dir='ltr'>hominis</span> <span class='ocrx_word' id='word_1_228' title='bbox 339 1834 422 1860; x_wconf 81' lang='lat' dir='ltr'>vox</span> <span class='ocrx_word' id='word_1_229' title='bbox 453 1823 495 1860; x_wconf 87' lang='lat' dir='ltr'>et</span> <span class='ocrx_word' id='word_1_230' title='bbox 528 1820 686 1874; x_wconf 85' lang='lat' dir='ltr'>oratio,</span> <span class='ocrx_word' id='word_1_231' title='bbox 723 1835 850 1874; x_wconf 89' lang='lat' dir='ltr'>quam</span> <span class='ocrx_word' id='word_1_232' title='bbox 889 1822 1009 1875; x_wconf 84' lang='lat' dir='ltr'>quasi</span> <span class='ocrx_word' id='word_1_233' title='bbox 1048 1825 1319 1876; x_wconf 86' lang='lat' dir='ltr'>expectantes</span> <span class='ocrx_word' id='word_1_234' title='bbox 1357 1826 1457 1877; x_wconf 88' lang='lat' dir='ltr'>post</span> 
     </span>
     <span class='ocr_line' id='line_1_31' title="bbox 69 1878 1458 1936; baseline 0.001 -16"><span class='ocrx_word' id='word_1_235' title='bbox 69 1896 104 1921; x_wconf 86' lang='lat'>30</span> <span class='ocrx_word' id='word_1_236' title='bbox 123 1878 212 1919; x_wconf 89' lang='lat' dir='ltr'>eius</span> <span class='ocrx_word' id='word_1_237' title='bbox 253 1878 477 1918; x_wconf 86' lang='lat' dir='ltr'>interitum</span> <span class='ocrx_word' id='word_1_238' title='bbox 517 1878 789 1919; x_wconf 79' lang='lat' dir='ltr'>veniebamus</span> <span class='ocrx_word' id='word_1_239' title='bbox 830 1879 876 1919; x_wconf 86' lang='lat' dir='ltr'>in</span> <span class='ocrx_word' id='word_1_240' title='bbox 916 1879 1100 1933; x_wconf 87' lang='lat' dir='ltr'>curiam,</span> <span class='ocrx_word' id='word_1_241' title='bbox 1138 1883 1187 1920; x_wconf 90' lang='lat' dir='ltr'>ut</span> <span class='ocrx_word' id='word_1_242' title='bbox 1227 1881 1458 1936; x_wconf 80' lang='lat' dir='ltr'>vestigium</span> 
     </span>
     <span class='ocr_line' id='line_1_32' title="bbox 121 1936 1458 2002; baseline 0.003 -26"><span class='ocrx_word' id='word_1_243' title='bbox 121 1936 228 1976; x_wconf 90' lang='lat' dir='ltr'>illud</span> <span class='ocrx_word' id='word_1_244' title='bbox 257 1936 411 1990; x_wconf 89' lang='lat' dir='ltr'>ipsum,</span> <span class='ocrx_word' id='word_1_245' title='bbox 440 1936 486 1976; x_wconf 88' lang='lat' dir='ltr'>in</span> <span class='ocrx_word' id='word_1_246' title='bbox 518 1951 600 1990; x_wconf 85' lang='lat' dir='ltr'>quo</span> <span class='ocrx_word' id='word_1_247' title='bbox 634 1937 760 1990; x_wconf 86' lang='lat' dir='ltr'>[ipse]</span> <span class='ocrx_word' id='word_1_248' title='bbox 792 1941 1057 2002; x_wconf 82' lang='lat' dir='ltr'>postremum</span> <span class='ocrx_word' id='word_1_249' title='bbox 1087 1938 1330 1992; x_wconf 84' lang='lat' dir='ltr'>institisset,</span> <span class='ocrx_word' id='word_1_250' title='bbox 1362 1954 1458 1980; x_wconf 87' lang='lat' dir='ltr'>con-</span> 
     </span>
     <span class='ocr_line' id='line_1_33' title="bbox 122 1993 1455 2048; baseline 0.004 -14"><span class='ocrx_word' id='word_1_251' title='bbox 122 1998 347 2035; x_wconf 85' lang='lat' dir='ltr'>tueremur.</span> <span class='ocrx_word' id='word_1_252' title='bbox 398 1993 593 2047; x_wconf 85' lang='lat' dir='ltr'>Namque</span> <span class='ocrx_word' id='word_1_253' title='bbox 620 1998 713 2035; x_wconf 86' lang='lat' dir='ltr'>tum</span> <span class='ocrx_word' id='word_1_254' title='bbox 744 1995 856 2035; x_wconf 89' lang='lat' dir='ltr'>latus</span> <span class='ocrx_word' id='word_1_255' title='bbox 889 1996 927 2036; x_wconf 86' lang='lat' dir='ltr'>ei</span> <span class='ocrx_word' id='word_1_256' title='bbox 962 1996 1136 2048; x_wconf 86' lang='lat' dir='ltr'>[dicenti</span> <span class='ocrx_word' id='word_1_257' title='bbox 1169 1997 1455 2048; x_wconf 77' lang='lat' dir='ltr'>con]doluisse</span> 
     </span>
     <span class='ocr_line' id='line_1_34' title="bbox 124 2052 1455 2111; baseline 0.003 -19"><span class='ocrx_word' id='word_1_258' title='bbox 124 2053 403 2105; x_wconf 89' lang='lat' dir='ltr'>sudoremque</span> <span class='ocrx_word' id='word_1_259' title='bbox 435 2052 617 2092; x_wconf 87' lang='lat' dir='ltr'>multum</span> <span class='ocrx_word' id='word_1_260' title='bbox 650 2057 923 2094; x_wconf 88' lang='lat' dir='ltr'>consecutum</span> <span class='ocrx_word' id='word_1_261' title='bbox 957 2068 1048 2095; x_wconf 91' lang='lat' dir='ltr'>esse</span> <span class='ocrx_word' id='word_1_262' title='bbox 1081 2055 1374 2111; x_wconf 84' lang='lat' dir='ltr'>audiebamus,</span> <span class='ocrx_word' id='word_1_263' title='bbox 1406 2071 1455 2097; x_wconf 88' lang='lat' dir='ltr'>ex</span> 
     </span>
     <span class='ocr_line' id='line_1_35' title="bbox 124 2109 1454 2168; baseline 0.003 -17"><span class='ocrx_word' id='word_1_264' title='bbox 124 2125 207 2164; x_wconf 91' lang='lat' dir='ltr'>quo</span> <span class='ocrx_word' id='word_1_265' title='bbox 241 2125 336 2151; x_wconf 87' lang='lat' dir='ltr'>cum</span> <span class='ocrx_word' id='word_1_266' title='bbox 369 2109 668 2165; x_wconf 87' lang='lat' dir='ltr'>cohorruisset,</span> <span class='ocrx_word' id='word_1_267' title='bbox 700 2126 794 2152; x_wconf 92' lang='lat' dir='ltr'>cum</span> <span class='ocrx_word' id='word_1_268' title='bbox 820 2111 929 2151; x_wconf 84' lang='lat' dir='ltr'>febri</span> <span class='ocrx_word' id='word_1_269' title='bbox 956 2113 1128 2153; x_wconf 89' lang='lat' dir='ltr'>domum</span> <span class='ocrx_word' id='word_1_270' title='bbox 1153 2113 1280 2154; x_wconf 89' lang='lat' dir='ltr'>rediit</span> <span class='ocrx_word' id='word_1_271' title='bbox 1305 2114 1454 2168; x_wconf 84' lang='lat' dir='ltr'>dieque</span> 
     </span>
     <span class='ocr_line' id='line_1_36' title="bbox 70 2145 1500 2224; baseline 0.001 -14"><span class='ocrx_word' id='word_1_272' title='bbox 70 2183 104 2211; x_wconf 81' lang='lat'>35</span> <span class='ocrx_word' id='word_1_273' title='bbox 123 2168 306 2222; x_wconf 88' lang='lat' dir='ltr'>septimo</span> <span class='ocrx_word' id='word_1_274' title='bbox 351 2170 415 2208; x_wconf 87' lang='lat' dir='ltr'>est</span> <span class='ocrx_word' id='word_1_275' title='bbox 457 2167 602 2209; x_wconf 86' lang='lat' dir='ltr'>lateris</span> <span class='ocrx_word' id='word_1_276' title='bbox 644 2145 787 2210; x_wconf 88' lang='lat' dir='ltr'>dolore</span> <span class='ocrx_word' id='word_1_277' title='bbox 829 2174 1118 2224; x_wconf 89' lang='lat' dir='ltr'>consumptus</span> <span class='ocrx_word' id='word_1_278' title='bbox 1181 2170 1215 2211; x_wconf 91' lang='lat' dir='ltr'>O</span> <span class='ocrx_word' id='word_1_279' title='bbox 1259 2172 1453 2213; x_wconf 86' lang='lat' dir='ltr'>fallacem</span> <span class='ocrx_word' id='word_1_280' title='bbox 1482 2183 1500 2213; x_wconf 82' lang='lat'>7</span> 
     </span>
     <span class='ocr_line' id='line_1_37' title="bbox 122 2225 1451 2280; baseline 0.002 -13"><span class='ocrx_word' id='word_1_281' title='bbox 122 2226 345 2267; x_wconf 90' lang='lat' dir='ltr'>hominum</span> <span class='ocrx_word' id='word_1_282' title='bbox 364 2240 482 2279; x_wconf 90' lang='lat' dir='ltr'>spem</span> <span class='ocrx_word' id='word_1_283' title='bbox 504 2225 783 2280; x_wconf 85' lang='lat' dir='ltr'>fragilemque</span> <span class='ocrx_word' id='word_1_284' title='bbox 808 2228 1025 2269; x_wconf 81' lang='lat' dir='ltr'>foitunam</span> <span class='ocrx_word' id='word_1_285' title='bbox 1052 2233 1094 2270; x_wconf 92' lang='lat' dir='ltr'>et</span> <span class='ocrx_word' id='word_1_286' title='bbox 1118 2229 1258 2270; x_wconf 90' lang='lat' dir='ltr'>inanis</span> <span class='ocrx_word' id='word_1_287' title='bbox 1282 2233 1451 2270; x_wconf 88' lang='lat' dir='ltr'>nostras</span> 
     </span>
     <span class='ocr_line' id='line_1_38' title="bbox 125 2284 1453 2342; baseline 0.002 -17"><span class='ocrx_word' id='word_1_288' title='bbox 125 2284 433 2326; x_wconf 85' lang='lat' dir='ltr'>contentiones!</span> <span class='ocrx_word' id='word_1_289' title='bbox 467 2298 573 2337; x_wconf 89' lang='lat' dir='ltr'>quae</span> <span class='ocrx_word' id='word_1_290' title='bbox 594 2285 796 2326; x_wconf 86' lang='lat' dir='ltr'>mediocri</span> <span class='ocrx_word' id='word_1_291' title='bbox 815 2285 860 2325; x_wconf 91' lang='lat' dir='ltr'>in</span> <span class='ocrx_word' id='word_1_292' title='bbox 886 2287 1025 2340; x_wconf 91' lang='lat' dir='ltr'>spatio</span> <span class='ocrx_word' id='word_1_293' title='bbox 1053 2302 1176 2341; x_wconf 86' lang='lat' dir='ltr'>saepe</span> <span class='ocrx_word' id='word_1_294' title='bbox 1196 2287 1453 2342; x_wconf 81' lang='lat' dir='ltr'>franguntur</span> 
     </span>
     <span class='ocr_line' id='line_1_39' title="bbox 1103 2354 1169 2385; baseline 0 0"><span class='ocrx_word' id='word_1_295' title='bbox 1103 2354 1169 2385; x_wconf 68' lang='lat' dir='ltr'>11ss</span> 
     </span>
    </p>
   </div>
  </div>
 </body>
</html>
