1643 2526
141 98 225 139 154
648 97 711 132 DE
739 96 963 133 ORATORE

137 193 225 235 vim
257 193 468 248 quandam
500 192 642 247 talem,
672 195 722 234 ut
748 207 873 246 quem
905 192 957 233 ad
987 192 1162 233 modum
1192 191 1353 234 tibicen
1383 191 1473 235 sine

138 252 257 293 tibiis
290 266 438 293 canere
472 251 532 293 sic
561 254 705 292 orator
737 251 827 292 sine
858 250 1131 291 multitudine
1163 250 1359 291 audiente
1391 250 1475 291 elo-

67 321 271 364 339quens
298 324 389 351 esse
414 323 502 350 non
525 309 673 363 possit.
729 309 787 350 Et
819 323 948 363 quom
980 309 1066 349 sint
1096 308 1323 363 populares
1349 308 1474 349 multi

137 369 327 422 variique
363 368 528 422 lapsus,
563 367 779 408 vitandast
817 367 1071 408 adclamatio
1104 367 1279 408 adversa
1309 366 1474 421 populi3

138 441 245 482 quae
273 429 346 467 aut
372 425 578 467 orationis
609 428 784 480 peccato
818 425 961 479 aliquo
994 425 1216 479 excitatur,
1248 425 1283 465 si
1316 439 1474 479 aspere,
1493 440 1510 465 5

139 485 175 526 si
202 485 469 540 adroganter,
501 484 537 525 si
562 484 758 538 turpiter,
785 483 820 525 si
847 483 1026 537 sordide,
1052 483 1088 523 si
1115 496 1197 537 quo
1219 482 1350 524 animi
1368 482 1474 524 vitio

139 543 300 585 dictum
332 557 423 584 esse
456 542 615 596 aliquid
646 542 831 596 videtur,
874 545 948 582 aut
983 541 1205 582 hominum
1245 541 1475 582 offensione

138 602 204 643 vel
235 601 407 655 invidia,
439 615 546 654 quae
573 603 645 642 aut
671 601 785 642 iusta-
810 603 875 641 est
905 603 979 641 aut
1010 614 1061 640 ex
1093 599 1390 641 criminatione
1416 601 1476 640 at-

139 674 219 714 que
245 660 373 714 fama,
399 662 472 700 aut
497 673 563 700 res
591 658 626 699 si
653 659 848 713 displicet
875 661 948 699 aut
969 658 1004 699 si
1024 661 1089 699 est
1113 658 1160 698 in
1186 658 1327 711 aliquo
1354 660 1475 698 motu

139 733 239 759 suae
278 717 524 771 cupiditatis
564 720 638 758 aut
675 720 814 758 metus
858 716 1099 757 multitudo.
1158 715 1238 756 His
1273 718 1476 768 quattuor
1495 732 1529 757 ιο

139 776 277 818 causis
310 775 490 816 totidem
521 775 753 816 medicinae
781 778 1069 829 opponuntur:
1101 777 1194 815 tum
1221 773 1477 828 obiurgatio,

140 835 176 875 si
196 837 260 875 est
283 834 534 888 auctoritas3
553 836 647 874 tum
667 833 901 874 admonitio
917 833 1038 886 quasi
1057 832 1193 873 lenior
1214 831 1477 886 obiurgati03

139 896 231 934 tum
251 892 492 947 promissio,
512 891 548 932 si
568 891 792 945 audierint,
810 891 1086 945 probaturos3
1111 893 1204 931 tum
1224 889 1478 944 deprecatio,

69 951 253 1005 340quod
273 954 338 991 est
356 950 574 990 infirmum
589 950 662 991 sed
680 963 768 990 non
785 963 1004 1002 nunquam
1023 948 1139 989 utile.
1183 947 1313 989 Nullo
1334 950 1478 989 autem

139 1009 233 1050 loco
259 1009 356 1063 plus
381 1008 560 1049 facetiae
585 1011 766 1062 prosunt
792 1011 834 1048 et
860 1007 1053 1049 celeritas
1080 1021 1128 1048 ac
1153 1007 1279 1047 breve
1307 1006 1479 1059 aliquod
1497 1022 1530 1048 15

141 1068 302 1109 dictum
321 1081 398 1108 nec
419 1067 509 1107 sine
530 1066 739 1121 dignitate
755 1069 797 1107 et
811 1080 908 1107 cum
921 1066 1075 1120 lepore.
1115 1064 1236 1106 Nihil
1257 1064 1369 1105 enim
1389 1067 1478 1105 tam

140 1125 264 1166 facile
286 1140 411 1178 quam
432 1124 663 1165 multitudo
685 1124 736 1165 ab
758 1124 939 1165 tristitia
958 1126 1000 1164 et
1021 1138 1144 1177 saepe
1171 1124 1223 1163 ab
1245 1122 1477 1164 acerbitate

142 1183 361 1225 commode
388 1186 430 1224 et
455 1182 642 1223 breviter
668 1185 711 1223 et
736 1186 857 1223 acute
884 1184 927 1223 et
951 1181 1085 1222 hilare
1112 1181 1224 1222 dicto
1245 1180 1478 1222 deducitur.

71 1242 128 1284 84
258 1240 452 1295 Exposui
492 1240 580 1281 fere
618 1243 667 1281 ut
709 1240 830 1294 potui
867 1240 988 1281 vobis
1023 1240 1069 1280 in
1105 1242 1287 1292 utroque
1325 1253 1478 1293 genere

142 1314 366 1342 causarum
399 1313 504 1353 quae
532 1298 651 1352 sequi
685 1299 878 1353 solerem,
909 1312 1015 1351 quae
1039 1298 1200 1352 fugere,
1231 1311 1338 1350 quae
1364 1311 1479 1350 spec·
1497 1313 1532 1338 20

71 1361 245 1412 341tare,
278 1372 360 1412 qua
388 1357 559 1398 omnino
590 1357 637 1397 in
668 1357 805 1398 causis
838 1356 1003 1397 ratione
1029 1355 1200 1397 versari.
1251 1354 1342 1396 Nec
1373 1355 1480 1395 illud

141 1417 316 1457 tertium
341 1416 636 1457 laudationum
657 1429 789 1470 genus
810 1418 874 1456 est
900 1414 1085 1468 difficile,
1111 1414 1223 1467 quod
1248 1427 1328 1468 ego
1352 1413 1478 1454 initio

142 1475 264 1529 quasi
303 1489 325 1515 a
362 1473 601 1528 praeceptis
644 1473 804 1514 nostris
850 1487 1127 1525 secreveram3
1177 1472 1250 1512 sed
1293 1474 1335 1512 et
1380 1471 1480 1524 quia

142 1533 279 1574 multa
310 1535 411 1574 suut
443 1532 686 1572 orationum
724 1546 879 1586 genera
917 1534 959 1572 et
997 1530 1192 1585 graviora
1230 1532 1272 1570 et
1302 1529 1477 1570 maioris

143 1591 307 1645 copiae,
345 1591 394 1631 de
428 1590 581 1644 quibus
612 1604 737 1630 nemo
769 1590 856 1630 fere
887 1589 1150 1643 praeciperet
1182 1590 1225 1628 et
1257 1587 1370 1640 quod
1399 1601 1478 1628 nos
1498 1603 1531 1630 25

141 1648 460 1690 laudationibus
501 1662 588 1688 non
626 1647 689 1688 ita
726 1647 910 1687 multum
947 1646 1010 1686 uti
1048 1646 1299 1699 soleremus,
1337 1647 1479 1686 totum

141 1707 255 1747 hunc
288 1706 567 1760 segregabam
597 1705 750 1746 locum.
811 1704 901 1758 Ipsi
932 1704 1045 1745 enim
1075 1703 1225 1744 Graeci
1256 1703 1393 1758 magis
1424 1703 1481 1744 le-

144 1764 270 1820 gendi
313 1767 355 1804 et
400 1763 693 1804 delectationis
738 1766 812 1803 aut
854 1762 1039 1803 hominis
1084 1761 1262 1802 alicuius
1302 1761 1479 1802 ornandi

144 1837 271 1876 quam
297 1821 500 1862 utilitatis
526 1821 652 1862 huius
678 1820 860 1861 forensis
893 1835 1020 1861 causa
1050 1819 1317 1860 laudationes
1351 1819 1479 1873 scrip-

143 1881 398 1935 titaverunt3
448 1893 628 1933 quorum
672 1882 771 1920 sunt
813 1878 930 1932 libri,
974 1878 1125 1930 quibus
1170 1876 1479 1918 Themistocles
1498 1893 1532 1919 30

143 1939 356 1980 Aristides
382 1937 608 1993 Agesilaus
640 1936 957 1991 Epaminondas
989 1935 1213 1989 Philippus
1239 1934 1479 1976 Alexander

144 1997 300 2050 aliique
331 1997 576 2050 laudantur,
608 1998 780 2036 nostrae
812 1994 1091 2047 laudationes,
1124 1994 1277 2047 quibus
1308 1993 1354 2034 in
1384 1993 1478 2034 foro

143 2055 317 2108 utimur,
349 2058 422 2095 aut
448 2053 669 2094 testimoni
699 2053 954 2094 brevitatem
984 2052 1145 2092 habent
1169 2052 1327 2092 nudam
1353 2054 1479 2104 atque

143 2113 386 2154 inornatam
407 2115 480 2152 aut
502 2112 746 2153 scribuntur
769 2111 822 2152 ad
845 2110 1066 2151 funebrem
1093 2110 1348 2163 contionem,
1373 2123 1479 2163 quae

146 2171 198 2212 ad
219 2170 424 2212 orationis
443 2170 611 2210 laudem
625 2169 798 2210 minime
813 2168 1190 2209 adcommodatast.
1224 2167 1306 2208 Sed
1325 2170 1480 2221 tamen,
1498 2184 1532 2210 35

146 2229 391 2283 quoniamst
409 2228 614 2269 utendum
635 2227 873 2282 aliquando,
890 2241 978 2267 non
995 2241 1211 2280 nunquam
1233 2225 1362 2266 etiam
1382 2225 1482 2266 scri-

146 2287 344 2342 bendum,
371 2285 437 2328 vel
463 2288 511 2327 ut
537 2285 582 2334 Q.
603 2285 819 2327 Tuberoni
838 2284 1089 2326 Africanum
1115 2284 1369 2334 avunculum
1393 2282 1481 2324 lau-
