1643 2526
530 107 630 142 CAP.
657 110 711 142 46.
750 111 769 149 ς
796 110 991 142 153—156.
1347 108 1432 149 355

96 205 143 242 te
183 205 225 243 et
268 216 375 243 cum
413 217 503 257 me,
546 206 594 243 ut
626 205 738 244 esset
775 202 912 243 simile
950 202 1036 243 illis
1074 201 1338 243 vobiscum
1376 206 1437 243 at-

98 274 177 313 que
209 260 488 302 nobiscum.

212 317 355 372 Atque
396 319 526 361 etiam
564 335 588 361 a
627 319 879 374 quibusdam
925 334 1019 361 sero
1060 319 1146 361 iam
1187 320 1437 361 emendatur

97 376 349 431 antiquitas,
393 378 465 431 qui
501 378 606 419 haec
643 378 970 432 reprehendunt.
1031 377 1145 419 Nam
1182 392 1260 432 pro
1293 378 1437 419 deum

63 438 248 488 satque
298 436 556 477 hominum
604 436 757 477 fidem
805 461 852 465 -
907 437 1115 478 deorum
1164 437 1294 477 aiunt.
1368 436 1437 477 Ita

96 494 220 534 credo
251 493 333 535 hoc
364 494 428 535 illi
462 495 726 536 nesciebant:
771 509 825 535 an
862 495 991 536 dabat
1023 495 1133 536 hanc
1173 495 1435 536 consuetudo

94 552 342 593 licentiam?
397 553 547 607 Itaque
590 553 702 594 idem
745 557 873 608 poeta
923 554 995 607 qui
1044 553 1294 594 inusitatius
1339 567 1436 594 con-

96 613 302 651 traxerat:

1448 297 1505 337 46

1441 364 1505 395 155

153 685 322 726 Patris
355 687 448 727 mei
481 701 639 727 meum
671 687 861 729 factum
892 687 1047 741 pudet

44 781 172 820 mpro
205 781 425 808 meorum
457 768 728 822 factorum,
760 772 803 810 et

154 847 385 903 Texitur,
417 849 630 890 exitium
662 865 869 891 examen
900 851 1036 905 rapit

94 944 172 983 pro
205 930 498 985 exitiorum,
540 946 627 972 non
659 931 762 972 dicit
793 932 1028 987 liberum,
1070 936 1119 974 ut
1156 933 1347 988 plerique
1379 935 1438 976 lo-

95 988 278 1042 quimur,
304 1003 399 1030 cum
426 989 636 1043 cupidos
662 990 880 1031 liberum
905 994 979 1032 aut
1003 991 1055 1031 in
1080 991 1298 1033 liberum
1324 993 1437 1034 loco

95 1046 287 1101 dicimus,
319 1047 391 1088 sed
423 1050 472 1088 ut
502 1047 577 1088 isti
609 1048 775 1089 volunt:

43 1137 74 1162 15
153 1121 325 1176 Neque
370 1125 509 1163 tuom
552 1137 787 1177 umquam
830 1124 880 1164 in
926 1125 1171 1179 gremium
1215 1126 1436 1168 extollas

727 1182 1008 1223 liberorum
1041 1197 1097 1224 ex
1129 1186 1176 1224 te
1211 1198 1385 1239 genus,

95 1242 136 1279 et
168 1239 298 1280 idem:

151 1313 377 1368 Namque
410 1314 687 1369 Aesculapi
719 1316 1011 1357 liberorum.

93 1394 153 1436 At
183 1395 255 1436 ille
288 1396 395 1436 alter
425 1395 471 1435 in
503 1394 664 1450 Chryse
695 1411 782 1437 non
815 1397 969 1438 solum:

0 1497 1 1504 1
40 1494 73 1517 20
153 1475 320 1531 Cives,
352 1477 551 1530 antiqui
584 1477 734 1518 amici
767 1478 1014 1519 maiorum
1047 1493 1224 1534 meum,

93 1558 207 1611 quod
238 1561 330 1599 erat
361 1557 582 1612 usitatum,
615 1559 687 1599 sed
721 1558 866 1599 durius
900 1560 1047 1601 etiam:

151 1637 435 1680 Consilium
472 1639 620 1693 socii,
662 1640 930 1695 augurium
969 1645 1118 1695 atque
1157 1646 1325 1684 extum
1363 1644 1436 1685 in-

1078 1703 1352 1756 terpretes,

90 1755 287 1809 idemque
318 1756 477 1811 pergit:

39 1847 71 1872 25
150 1829 426 1884 Postquam
458 1832 754 1886 prodigium
780 1832 1110 1888 horriferum,
1140 1837 1434 1888 portentum

1076 1907 1250 1947 pavos3

92 1978 200 2017 quae
230 1977 318 2004 non
350 1978 449 2004 sane
483 1968 582 2005 sunt
610 1965 658 2006 in
690 1966 889 2007 omnibus
921 1967 1085 2008 neutris
1116 1967 1288 2009 usitata.
1342 1967 1433 2010 Nec

92 2021 204 2062 enim
249 2021 426 2062 dixerim
471 2025 561 2063 tani
603 2023 800 2065 lubenter
845 2039 1033 2066 armum
1076 2025 1339 2080 iudicium,
1380 2051 1429 2056 —-

92 2079 173 2120 etsi
207 2082 272 2120 est
305 2080 416 2133 apud
448 2081 644 2122 eundem:

38 2172 72 2197 30
150 2154 364 2195 Nihilne
398 2155 455 2195 ad
487 2158 534 2196 te
566 2157 621 2197 de
652 2157 845 2198 iudicio
879 2173 1069 2200 armum
1102 2159 1320 2200 accidit?
1357 2183 1404 2188 —

91 2250 219 2289 quam
251 2236 535 2277 centuriam
567 2236 766 2279 fabrum
799 2242 841 2279 et
871 2254 1096 2293 procum,
1133 2243 1181 2280 ut
1214 2240 1500 2281 censoriae156

90 2294 261 2335 tabulae
299 2294 516 2348 locuntur,
561 2295 693 2336 audeo
733 2296 889 2351 dicere,
928 2312 1015 2338 non
1053 2298 1315 2338 fabrorum
1358 2301 1432 2338 aut
