1643 2526
395 96 540 131 LIBER
563 96 590 131 Ι.
641 95 742 131 CAP.
769 99 825 131 51.
876 98 895 138 g
921 98 1119 131 216—223.
1373 93 1429 134 53

92 191 252 234 oratori
277 191 517 233 necessario
542 190 831 245 percipienda:
858 204 941 244 quo
967 190 1013 231 in
1040 189 1181 231 studio
1203 189 1430 230 ‘hominum

94 252 297 304 [quoque]
340 249 785 305 ingeniosissimorum
827 248 1271 302 otiosissimorumque
1314 250 1429 288 totas

93 311 253 350 aetates
290 308 481 349 videmus
520 322 611 349 esse
652 307 878 362 contritas3
919 321 1100 360 quorum
1141 320 1221 362 ego
1263 305 1430 360 copiam

93 367 517 422 magnitudinemque
558 365 817 421 cognitionis
859 368 986 420 atque
1031 365 1134 406 artis
1175 379 1262 405 non
1303 364 1428 405 modo

57 442 73 467 5
92 440 179 466 non
211 428 457 480 contemno,
494 425 566 466 sed
599 425 728 465 etiam
760 424 1032 465 vehementer
1064 423 1268 477 admiror3
1304 422 1429 463 nobis

92 487 248 537 tamen,
280 483 352 537 qui
382 483 428 524 in
459 483 540 524 hoc
571 483 731 537 populo
762 482 941 536 foroque
967 497 1197 536 versamur,
1229 481 1333 522 satis
1367 484 1432 522 est

93 557 142 583 ea
173 542 223 582 de
255 542 446 582 moribus
477 541 700 582 hominum
732 543 774 582 et
806 541 912 582 scire
945 543 987 581 et
1019 540 1176 594 dicere,
1208 554 1314 593 quae
1346 554 1433 580 non

94 600 326 641 abhorrent
359 601 410 641 ab
442 600 666 641 hominum
697 599 900 640 moribus.
963 598 1066 647 Quis
1099 598 1212 639 enim
1243 607 1502 651 unquam220

95 661 239 700 orator
276 673 456 713 magnus
494 661 537 699 et
575 658 737 713 gravis,
774 673 871 699 cum
908 657 1066 698 iratum
1099 656 1340 698 adversario
1371 655 1432 696 iu-

44 734 78 759 10
98 717 234 758 dicem
264 716 402 758 facere
434 717 580 770 vellet,
615 716 846 757 haesitavit
879 716 932 757 ob
966 730 1059 756 eam
1091 730 1282 769 causam,
1319 714 1433 768 quod

94 775 278 817 nesciret
310 775 410 829 quid
436 778 548 816 esset
573 775 804 829 iracundia,
835 774 1030 815 fervorne
1057 773 1213 814 mentis
1241 788 1294 814 an
1320 772 1433 826 cupi-

95 834 206 875 ditas
238 833 464 888 poeniendi
496 833 686 874 doloris?
731 832 846 885 Quis,
878 847 975 874 cum
1000 835 1164 873 ceteros
1192 831 1432 872 animorum

95 896 238 933 motus
271 895 346 933 aut
376 892 589 932 iudicibus
615 894 689 932 aut
713 891 871 945 populo
899 891 1075 932 dicendo
1102 890 1279 931 miscere
1306 892 1432 943 atque

97 950 260 1005 agitare
287 950 427 1004 vellet,
459 964 509 991 ea
533 949 640 990 dixit
667 964 773 1002 quae
800 964 825 990 a
848 948 1117 1003 philosophis
1151 948 1233 989 dici
1266 947 1434 988 solent?

44 1026 76 1051 15
98 1009 170 1062 qui
201 1009 359 1063 partim
393 1008 564 1048 omnino
597 1011 740 1049 motus
771 1011 931 1062 negant
956 1007 1001 1047 in
1027 1006 1179 1048 animis
1205 1006 1316 1047 ullos
1343 1020 1433 1047 esse

97 1068 267 1121 debere,
306 1066 462 1120 quique
504 1080 576 1107 eos
622 1066 669 1106 in
713 1066 902 1107 iudicum
945 1065 1162 1106 mentibus
1207 1064 1435 1118 concitent,

98 1125 234 1166 scelus
267 1138 339 1166 eos
370 1124 582 1165 nefarium
612 1124 769 1179 facere,
806 1124 982 1179 partim,
1015 1123 1087 1177 qui
1119 1122 1432 1164 tolerabiliores
1488 1157 1495 1160 .

96 1184 247 1225 volunt
285 1197 376 1224 esse
413 1186 456 1224 et
497 1183 550 1224 ad
589 1183 815 1224 veritatem
855 1182 969 1223 vitae
1008 1181 1184 1236 propius
1226 1181 1435 1234 accedere,

96 1241 406 1296 permediocres
433 1256 481 1283 ac
499 1241 644 1295 potius
669 1241 783 1282 leves
810 1244 952 1282 motus
980 1240 1132 1281 debere
1159 1254 1249 1281 esse
1277 1239 1433 1281 dicunt.

46 1318 80 1343 20
99 1300 254 1341 Orator
287 1303 429 1340 autem
461 1299 604 1340 omnia
634 1299 751 1353 haec,
783 1314 889 1353 quae
915 1302 1122 1353 putantur
1146 1298 1191 1339 in
1217 1298 1502 1339 communi221

98 1359 210 1399 vitae
243 1357 547 1399 consuetudine
574 1358 686 1398 mala
711 1372 759 1398 ac
785 1357 966 1398 molesta
991 1360 1033 1397 et
1058 1356 1273 1411 fugienda,
1298 1356 1434 1397 multo

99 1417 263 1457 maiora
303 1419 344 1457 et
385 1415 603 1456 acerbiora
642 1416 783 1456 verbis
823 1415 945 1469 facit3
986 1415 1173 1468 itemque
1218 1429 1285 1467 ea,
1328 1429 1434 1468 quae

99 1475 228 1529 vulgo
279 1474 513 1528 expetenda
563 1476 689 1527 atque
740 1473 948 1528 optabilia
996 1473 1214 1525 videntur,
1258 1472 1434 1513 dicendo

101 1532 333 1587 amplificat
373 1535 501 1586 atque
539 1535 680 1586 ornat,
716 1546 852 1585 neque
889 1531 982 1572 vult
1018 1531 1080 1571 ita
1118 1531 1285 1584 sapiens
1323 1530 1436 1571 inter

46 1608 81 1634 25
101 1592 256 1632 stultos
288 1590 432 1644 videri,
462 1593 511 1631 ut
535 1590 567 1630 ii
593 1590 666 1644 qui
692 1590 866 1631 audiant
892 1593 965 1630 aut
990 1589 1112 1629 illum
1142 1589 1337 1642 ineptum
1363 1591 1437 1629 aut

101 1649 356 1690 Graeculum
375 1652 529 1703 putent
548 1652 634 1702 aut,
654 1648 784 1689 etiam
805 1648 840 1689 si
860 1648 980 1689 valde
1000 1648 1184 1702 probent
1203 1646 1435 1702 ingenium,

102 1707 284 1748 oratoris
312 1707 566 1761 sapientiam
587 1706 860 1761 admirentur,
886 1721 929 1747 se
956 1721 1047 1747 esse
1074 1705 1230 1746 stultos
1257 1705 1435 1746 moleste

101 1766 258 1820 ferant3
290 1766 362 1806 sed
392 1765 455 1806 ita
485 1768 687 1820 peragrat
717 1779 792 1819 per
824 1765 1002 1818 animos,
1031 1764 1094 1804 ita
1126 1778 1274 1805 sensus
1301 1763 1505 1804 homi-222

101 1839 204 1864 num
235 1826 481 1876 mentesque
513 1826 770 1877 pertractat,
806 1826 855 1863 ut
891 1837 979 1863 non
1010 1822 1219 1863 desideret
1249 1821 1437 1875 philoso-

49 1900 84 1924 30
102 1882 285 1936 phorum
305 1881 611 1935 descriptiones
636 1896 773 1935 neque
793 1881 989 1934 exquirat
1010 1880 1203 1921 oratione
1224 1894 1437 1920 summum

102 1940 207 1980 illud
238 1940 396 1980 bonum
429 1939 474 1980 in
500 1939 695 1980 animone
729 1939 785 1980 sit
816 1954 871 1980 an
900 1939 945 1979 in
972 1952 1161 1992 corpore,
1190 1938 1350 1979 virtute
1383 1952 1438 1978 an

102 1997 322 2051 voluptate
343 1997 581 2051 definiatur,
607 2012 660 2038 an
679 1997 783 2038 haec
807 1997 921 2037 inter
947 2011 990 2037 se
1015 1996 1136 2051 iungi
1162 1996 1438 2050 copularique

102 2056 288 2110 possint,
326 2070 380 2096 an
410 2069 528 2109 vero,
564 2058 613 2096 ut
651 2055 905 2109 quibusdam
936 2055 1093 2109 visum,
1128 2054 1236 2095 nihil
1275 2057 1438 2096 certum

104 2114 216 2167 sciri,
245 2113 353 2153 nihil
383 2113 508 2167 plane
540 2113 741 2168 cognosci
774 2116 816 2154 et
847 2113 1008 2167 percipi
1038 2113 1187 2167 possit.
1249 2112 1439 2161 Quarum

49 2188 84 2214 35
102 2186 245 2212 rerum
269 2171 409 2212 fateor
434 2186 635 2226 magnam
660 2171 1024 2225 multiplicemque
1051 2185 1142 2212 esse
1169 2170 1438 2224 disciplinam

105 2233 148 2270 et
179 2229 336 2270 multas
370 2229 564 2283 copiosas
590 2229 814 2283 variasque
839 2229 1049 2284 rationes,
1081 2229 1153 2271 sed
1180 2229 1295 2269 aliud
1321 2227 1438 2282 quid-

103 2288 218 2342 dam,
248 2288 376 2342 longe
409 2287 542 2343 aliud,
573 2285 743 2342 Crasse,
776 2287 1029 2341 quaerimus.
1091 2287 1232 2328 Acuto
1264 2285 1506 2326 homine223
