<?xml version="1.0" encoding="UTF-8"?>
<!DOCTYPE html PUBLIC "-//W3C//DTD XHTML 1.0 Transitional//EN"
    "http://www.w3.org/TR/xhtml1/DTD/xhtml1-transitional.dtd">
<html xmlns="http://www.w3.org/1999/xhtml" xml:lang="en" lang="en">
 <head>
  <title>
</title>
<meta http-equiv="Content-Type" content="text/html;charset=utf-8" />
  <meta name='ocr-system' content='tesseract 3.04.00' />
  <meta name='ocr-capabilities' content='ocr_page ocr_carea ocr_par ocr_line ocrx_word'/>
</head>
<body>
  <div class='ocr_page' id='page_1' title='image "./p2scriptaquaemanse01ciceuoft_0120.png"; bbox 0 0 1643 2526; ppageno 0'>
   <div class='ocr_carea' id='block_1_1' title="bbox 103 602 146 633">
    <p class='ocr_par' dir='ltr' id='par_1_1' title="bbox 103 602 146 633">
     <span class='ocr_line' id='line_1_1' title="bbox 103 602 146 633; baseline 0 0"><span class='ocrx_word' id='word_1_1' title='bbox 103 602 146 633; x_wconf 80' lang='lat'>92</span> 
     </span>
    </p>
   </div>
   <div class='ocr_carea' id='block_1_2' title="bbox 103 1067 147 1099">
    <p class='ocr_par' dir='ltr' id='par_1_2' title="bbox 103 1067 147 1099">
     <span class='ocr_line' id='line_1_2' title="bbox 103 1067 147 1099; baseline -0.023 0"><span class='ocrx_word' id='word_1_2' title='bbox 103 1067 147 1099; x_wconf 83' lang='lat'>93</span> 
     </span>
    </p>
   </div>
   <div class='ocr_carea' id='block_1_3' title="bbox 105 1442 159 1540">
    <p class='ocr_par' dir='ltr' id='par_1_3' title="bbox 105 1442 159 1540">
     <span class='ocr_line' id='line_1_3' title="bbox 105 1442 159 1482; baseline 0 0"><span class='ocrx_word' id='word_1_3' title='bbox 105 1442 159 1482; x_wconf 80' lang='lat'>21</span> 
     </span>
     <span class='ocr_line' id='line_1_4' title="bbox 107 1509 151 1540; baseline 0 0"><span class='ocrx_word' id='word_1_4' title='bbox 107 1509 151 1540; x_wconf 85' lang='lat'>94</span> 
     </span>
    </p>
   </div>
   <div class='ocr_carea' id='block_1_4' title="bbox 105 2171 149 2203">
    <p class='ocr_par' dir='ltr' id='par_1_4' title="bbox 105 2171 149 2203">
     <span class='ocr_line' id='line_1_5' title="bbox 105 2171 149 2203; baseline 0.023 -1"><span class='ocrx_word' id='word_1_5' title='bbox 105 2171 149 2203; x_wconf 83' lang='lat'>95</span> 
     </span>
    </p>
   </div>
   <div class='ocr_carea' id='block_1_5' title="bbox 172 85 998 129">
    <p class='ocr_par' dir='ltr' id='par_1_5' title="bbox 172 85 998 129">
     <span class='ocr_line' id='line_1_6' title="bbox 172 85 998 129; baseline -0.004 -6"><span class='ocrx_word' id='word_1_6' title='bbox 172 88 228 129; x_wconf 80' lang='grc'>22</span> <span class='ocrx_word' id='word_1_7' title='bbox 683 86 746 121; x_wconf 91' lang='lat' dir='ltr'>DE</span> <span class='ocrx_word' id='word_1_8' title='bbox 774 85 998 121; x_wconf 78' lang='lat' dir='ltr'><strong>ORATORE</strong></span> 
     </span>
    </p>
   </div>
   <div class='ocr_carea' id='block_1_6' title="bbox 171 180 1567 2331">
    <p class='ocr_par' dir='ltr' id='par_1_6' title="bbox 171 180 1567 2331">
     <span class='ocr_line' id='line_1_7' title="bbox 171 180 1510 237; baseline -0.001 -13"><span class='ocrx_word' id='word_1_9' title='bbox 171 182 386 237; x_wconf 87' lang='lat' dir='ltr'>homines,</span> <span class='ocrx_word' id='word_1_10' title='bbox 423 182 497 236; x_wconf 91' lang='lat' dir='ltr'>qui</span> <span class='ocrx_word' id='word_1_11' title='bbox 533 181 618 224; x_wconf 83' lang='lat' dir='ltr'>ista</span> <span class='ocrx_word' id='word_1_12' title='bbox 653 196 730 223; x_wconf 89' lang='lat' dir='ltr'>nec</span> <span class='ocrx_word' id='word_1_13' title='bbox 768 181 1016 222; x_wconf 86' lang='lat' dir='ltr'>didicissent</span> <span class='ocrx_word' id='word_1_14' title='bbox 1051 195 1130 223; x_wconf 90' lang='lat' dir='ltr'>nec</span> <span class='ocrx_word' id='word_1_15' title='bbox 1168 180 1341 222; x_wconf 88' lang='lat' dir='ltr'>omnino</span> <span class='ocrx_word' id='word_1_16' title='bbox 1379 181 1510 223; x_wconf 86' lang='lat' dir='ltr'>scisse</span> 
     </span>
     <span class='ocr_line' id='line_1_8' title="bbox 173 239 1511 295; baseline -0.002 -12"><span class='ocrx_word' id='word_1_17' title='bbox 173 244 406 295; x_wconf 73' lang='lat' dir='ltr'><strong>curassent,</strong></span> <span class='ocrx_word' id='word_1_18' title='bbox 436 240 760 282; x_wconf 86' lang='lat' dir='ltr'>innumerabilis</span> <span class='ocrx_word' id='word_1_19' title='bbox 793 240 1000 294; x_wconf 88' lang='lat' dir='ltr'>quosdam</span> <span class='ocrx_word' id='word_1_20' title='bbox 1035 239 1303 295; x_wconf 85' lang='lat' dir='ltr'>nominabat3</span> <span class='ocrx_word' id='word_1_21' title='bbox 1345 240 1391 280; x_wconf 90' lang='lat' dir='ltr'>in</span> <span class='ocrx_word' id='word_1_22' title='bbox 1423 240 1511 294; x_wconf 90' lang='lat' dir='ltr'>qui-</span> 
     </span>
     <span class='ocr_line' id='line_1_9' title="bbox 172 297 1511 353; baseline -0.001 -13"><span class='ocrx_word' id='word_1_23' title='bbox 172 300 253 340; x_wconf 89' lang='lat' dir='ltr'>bus</span> <span class='ocrx_word' id='word_1_24' title='bbox 279 299 422 353; x_wconf 88' lang='lat' dir='ltr'>etiam,</span> <span class='ocrx_word' id='word_1_25' title='bbox 454 299 542 340; x_wconf 77' lang='lat' dir='ltr'>sive</span> <span class='ocrx_word' id='word_1_26' title='bbox 572 299 644 340; x_wconf 89' lang='lat' dir='ltr'>ille</span> <span class='ocrx_word' id='word_1_27' title='bbox 675 298 864 340; x_wconf 82' lang='lat' dir='ltr'>inridens</span> <span class='ocrx_word' id='word_1_28' title='bbox 896 297 984 339; x_wconf 83' lang='lat' dir='ltr'>sive</span> <span class='ocrx_word' id='word_1_29' title='bbox 1018 298 1132 351; x_wconf 88' lang='lat' dir='ltr'>quod</span> <span class='ocrx_word' id='word_1_30' title='bbox 1161 297 1225 338; x_wconf 86' lang='lat' dir='ltr'>ita</span> <span class='ocrx_word' id='word_1_31' title='bbox 1254 300 1425 352; x_wconf 85' lang='lat' dir='ltr'>putaret</span> <span class='ocrx_word' id='word_1_32' title='bbox 1451 301 1511 339; x_wconf 85' lang='lat' dir='ltr'>at-</span> 
     </span>
     <span class='ocr_line' id='line_1_10' title="bbox 174 356 1513 411; baseline -0.001 -13"><span class='ocrx_word' id='word_1_33' title='bbox 174 372 254 411; x_wconf 89' lang='lat' dir='ltr'>que</span> <span class='ocrx_word' id='word_1_34' title='bbox 284 357 348 398; x_wconf 87' lang='lat' dir='ltr'>ita</span> <span class='ocrx_word' id='word_1_35' title='bbox 379 357 579 411; x_wconf 88' lang='lat' dir='ltr'>audisset,</span> <span class='ocrx_word' id='word_1_36' title='bbox 618 372 685 398; x_wconf 91' lang='lat' dir='ltr'>me</span> <span class='ocrx_word' id='word_1_37' title='bbox 716 357 761 397; x_wconf 88' lang='lat' dir='ltr'>in</span> <span class='ocrx_word' id='word_1_38' title='bbox 791 356 867 397; x_wconf 86' lang='lat' dir='ltr'>illo</span> <span class='ocrx_word' id='word_1_39' title='bbox 898 370 1088 410; x_wconf 87' lang='lat' dir='ltr'>numero,</span> <span class='ocrx_word' id='word_1_40' title='bbox 1128 356 1201 409; x_wconf 84' lang='lat' dir='ltr'>qui</span> <span class='ocrx_word' id='word_1_41' title='bbox 1231 356 1306 397; x_wconf 88' lang='lat' dir='ltr'>illa</span> <span class='ocrx_word' id='word_1_42' title='bbox 1335 370 1423 397; x_wconf 90' lang='lat' dir='ltr'>non</span> <span class='ocrx_word' id='word_1_43' title='bbox 1454 356 1513 397; x_wconf 89' lang='lat' dir='ltr'>di-</span> 
     </span>
     <span class='ocr_line' id='line_1_11' title="bbox 174 414 1546 469; baseline 0.001 -13"><span class='ocrx_word' id='word_1_44' title='bbox 174 415 373 457; x_wconf 88' lang='lat' dir='ltr'>dicissem</span> <span class='ocrx_word' id='word_1_45' title='bbox 405 418 447 457; x_wconf 91' lang='lat' dir='ltr'>et</span> <span class='ocrx_word' id='word_1_46' title='bbox 478 418 633 469; x_wconf 87' lang='lat' dir='ltr'>tamen,</span> <span class='ocrx_word' id='word_1_47' title='bbox 664 418 713 456; x_wconf 93' lang='lat' dir='ltr'>ut</span> <span class='ocrx_word' id='word_1_48' title='bbox 742 415 834 469; x_wconf 90' lang='lat' dir='ltr'>ipse</span> <span class='ocrx_word' id='word_1_49' title='bbox 867 414 1047 469; x_wconf 86' lang='lat' dir='ltr'>dicebat,</span> <span class='ocrx_word' id='word_1_50' title='bbox 1078 428 1250 468; x_wconf 89' lang='lat' dir='ltr'>possem</span> <span class='ocrx_word' id='word_1_51' title='bbox 1275 414 1436 468; x_wconf 88' lang='lat' dir='ltr'>aliquid</span> <span class='ocrx_word' id='word_1_52' title='bbox 1465 414 1512 455; x_wconf 88' lang='lat' dir='ltr'>in</span> <span class='ocrx_word' id='word_1_53' title='bbox 1530 431 1546 457; x_wconf 89' lang='lat'>5</span> 
     </span>
     <span class='ocr_line' id='line_1_12' title="bbox 174 472 1512 528; baseline 0 -14"><span class='ocrx_word' id='word_1_54' title='bbox 174 474 369 527; x_wconf 88' lang='lat' dir='ltr'>dicendo,</span> <span class='ocrx_word' id='word_1_55' title='bbox 405 473 659 528; x_wconf 83' lang='lat' dir='ltr'>proferebat.</span> <span class='ocrx_word' id='word_1_56' title='bbox 722 472 913 522; x_wconf 85' lang='lat' dir='ltr'>Quorum</span> <span class='ocrx_word' id='word_1_57' title='bbox 950 473 1133 514; x_wconf 89' lang='lat' dir='ltr'>alterum</span> <span class='ocrx_word' id='word_1_58' title='bbox 1171 486 1250 527; x_wconf 91' lang='lat' dir='ltr'>ego</span> <span class='ocrx_word' id='word_1_59' title='bbox 1287 472 1351 513; x_wconf 87' lang='lat' dir='ltr'>illi</span> <span class='ocrx_word' id='word_1_60' title='bbox 1387 472 1512 514; x_wconf 86' lang='lat' dir='ltr'>facile</span> 
     </span>
     <span class='ocr_line' id='line_1_13' title="bbox 174 530 1511 587; baseline -0.001 -14"><span class='ocrx_word' id='word_1_61' title='bbox 174 532 457 587; x_wconf 86' lang='lat' dir='ltr'>assentiebar,</span> <span class='ocrx_word' id='word_1_62' title='bbox 501 532 610 573; x_wconf 83' lang='lat' dir='ltr'>nihil</span> <span class='ocrx_word' id='word_1_63' title='bbox 647 546 714 573; x_wconf 90' lang='lat' dir='ltr'>me</span> <span class='ocrx_word' id='word_1_64' title='bbox 753 531 970 586; x_wconf 83' lang='lat' dir='ltr'>didicisse,</span> <span class='ocrx_word' id='word_1_65' title='bbox 1008 530 1055 571; x_wconf 91' lang='lat' dir='ltr'>in</span> <span class='ocrx_word' id='word_1_66' title='bbox 1092 531 1226 571; x_wconf 87' lang='lat' dir='ltr'>altero</span> <span class='ocrx_word' id='word_1_67' title='bbox 1265 533 1408 572; x_wconf 88' lang='lat' dir='ltr'>autem</span> <span class='ocrx_word' id='word_1_68' title='bbox 1445 545 1511 572; x_wconf 93' lang='lat' dir='ltr'>me</span> 
     </span>
     <span class='ocr_line' id='line_1_14' title="bbox 173 589 1512 644; baseline -0.001 -13"><span class='ocrx_word' id='word_1_69' title='bbox 173 590 296 631; x_wconf 88' lang='lat' dir='ltr'>illudi</span> <span class='ocrx_word' id='word_1_70' title='bbox 323 590 375 631; x_wconf 89' lang='lat' dir='ltr'>ab</span> <span class='ocrx_word' id='word_1_71' title='bbox 402 604 452 631; x_wconf 94' lang='lat' dir='ltr'>eo</span> <span class='ocrx_word' id='word_1_72' title='bbox 479 593 553 631; x_wconf 91' lang='lat' dir='ltr'>aut</span> <span class='ocrx_word' id='word_1_73' title='bbox 579 590 710 631; x_wconf 88' lang='lat' dir='ltr'>etiam</span> <span class='ocrx_word' id='word_1_74' title='bbox 733 589 875 644; x_wconf 87' lang='lat' dir='ltr'>ipsum</span> <span class='ocrx_word' id='word_1_75' title='bbox 901 603 1040 631; x_wconf 84' lang='lat' dir='ltr'>errare</span> <span class='ocrx_word' id='word_1_76' title='bbox 1067 589 1318 630; x_wconf 85' lang='lat' dir='ltr'>arbitrabar.</span> <span class='ocrx_word' id='word_1_77' title='bbox 1361 589 1512 630; x_wconf 91' lang='lat' dir='ltr'>Artem</span> 
     </span>
     <span class='ocr_line' id='line_1_15' title="bbox 173 647 1512 703; baseline -0.001 -14"><span class='ocrx_word' id='word_1_78' title='bbox 173 662 273 690; x_wconf 87' lang='lat' dir='ltr'>vero</span> <span class='ocrx_word' id='word_1_79' title='bbox 299 649 487 703; x_wconf 88' lang='lat' dir='ltr'>negabat</span> <span class='ocrx_word' id='word_1_80' title='bbox 513 663 604 690; x_wconf 90' lang='lat' dir='ltr'>esse</span> <span class='ocrx_word' id='word_1_81' title='bbox 629 648 773 703; x_wconf 84' lang='lat' dir='ltr'>ullam,</span> <span class='ocrx_word' id='word_1_82' title='bbox 803 647 887 688; x_wconf 91' lang='lat' dir='ltr'>nisi</span> <span class='ocrx_word' id='word_1_83' title='bbox 913 662 1020 702; x_wconf 86' lang='lat' dir='ltr'>quae</span> <span class='ocrx_word' id='word_1_84' title='bbox 1047 647 1231 701; x_wconf 87' lang='lat' dir='ltr'>cognitis</span> <span class='ocrx_word' id='word_1_85' title='bbox 1256 647 1512 702; x_wconf 74' lang='lat' dir='ltr'>penitusque</span> 
     </span>
     <span class='ocr_line' id='line_1_16' title="bbox 171 706 1566 761; baseline 0.001 -14"><span class='ocrx_word' id='word_1_86' title='bbox 171 707 408 761; x_wconf 81' lang='lat' dir='ltr'>perspectis</span> <span class='ocrx_word' id='word_1_87' title='bbox 435 710 478 748; x_wconf 93' lang='lat' dir='ltr'>et</span> <span class='ocrx_word' id='word_1_88' title='bbox 503 707 549 747; x_wconf 91' lang='lat' dir='ltr'>in</span> <span class='ocrx_word' id='word_1_89' title='bbox 573 721 705 748; x_wconf 87' lang='lat' dir='ltr'>unum</span> <span class='ocrx_word' id='word_1_90' title='bbox 727 706 888 747; x_wconf 85' lang='lat' dir='ltr'>exitum</span> <span class='ocrx_word' id='word_1_91' title='bbox 908 706 1200 760; x_wconf 83' lang='lat' dir='ltr'>spectantibus</span> <span class='ocrx_word' id='word_1_92' title='bbox 1226 708 1269 746; x_wconf 88' lang='lat' dir='ltr'>et</span> <span class='ocrx_word' id='word_1_93' title='bbox 1293 720 1512 759; x_wconf 86' lang='lat' dir='ltr'>nunquam</span> <span class='ocrx_word' id='word_1_94' title='bbox 1532 723 1566 748; x_wconf 88' lang='lat'>10</span> 
     </span>
     <span class='ocr_line' id='line_1_17' title="bbox 173 763 1512 818; baseline -0.001 -13"><span class='ocrx_word' id='word_1_95' title='bbox 173 765 422 806; x_wconf 86' lang='lat' dir='ltr'>fallentibus</span> <span class='ocrx_word' id='word_1_96' title='bbox 442 765 570 806; x_wconf 90' lang='lat' dir='ltr'>rebus</span> <span class='ocrx_word' id='word_1_97' title='bbox 591 764 890 806; x_wconf 89' lang='lat' dir='ltr'>contineretur.</span> <span class='ocrx_word' id='word_1_98' title='bbox 927 764 1046 805; x_wconf 85' lang='lat' dir='ltr'>Haec</span> <span class='ocrx_word' id='word_1_99' title='bbox 1066 767 1209 805; x_wconf 89' lang='lat' dir='ltr'>autem</span> <span class='ocrx_word' id='word_1_100' title='bbox 1229 763 1384 818; x_wconf 84' lang='lat' dir='ltr'>omnia,</span> <span class='ocrx_word' id='word_1_101' title='bbox 1405 778 1512 818; x_wconf 92' lang='lat' dir='ltr'>quae</span> 
     </span>
     <span class='ocr_line' id='line_1_18' title="bbox 173 821 1514 877; baseline -0.001 -13"><span class='ocrx_word' id='word_1_102' title='bbox 173 826 462 864; x_wconf 82' lang='lat' dir='ltr'>tractarentur</span> <span class='ocrx_word' id='word_1_103' title='bbox 494 823 546 863; x_wconf 89' lang='lat' dir='ltr'>ab</span> <span class='ocrx_word' id='word_1_104' title='bbox 574 822 830 876; x_wconf 82' lang='lat' dir='ltr'>oratoribus,</span> <span class='ocrx_word' id='word_1_105' title='bbox 860 822 989 863; x_wconf 82' lang='lat' dir='ltr'>dubia</span> <span class='ocrx_word' id='word_1_106' title='bbox 1015 836 1106 863; x_wconf 86' lang='lat' dir='ltr'>esse</span> <span class='ocrx_word' id='word_1_107' title='bbox 1133 825 1175 862; x_wconf 85' lang='lat' dir='ltr'>et</span> <span class='ocrx_word' id='word_1_108' title='bbox 1199 821 1380 877; x_wconf 79' lang='lat' dir='ltr'>incerta3</span> <span class='ocrx_word' id='word_1_109' title='bbox 1413 836 1514 876; x_wconf 88' lang='lat' dir='ltr'>quo-</span> 
     </span>
     <span class='ocr_line' id='line_1_19' title="bbox 173 880 1512 934; baseline -0.001 -12"><span class='ocrx_word' id='word_1_110' title='bbox 173 881 290 922; x_wconf 89' lang='lat' dir='ltr'>niam</span> <span class='ocrx_word' id='word_1_111' title='bbox 327 884 369 922; x_wconf 88' lang='lat' dir='ltr'>et</span> <span class='ocrx_word' id='word_1_112' title='bbox 408 881 649 922; x_wconf 81' lang='lat' dir='ltr'>dicerentur</span> <span class='ocrx_word' id='word_1_113' title='bbox 687 881 740 921; x_wconf 87' lang='lat' dir='ltr'>ab</span> <span class='ocrx_word' id='word_1_114' title='bbox 771 881 846 934; x_wconf 90' lang='lat' dir='ltr'>iis,</span> <span class='ocrx_word' id='word_1_115' title='bbox 889 880 961 933; x_wconf 87' lang='lat' dir='ltr'>qui</span> <span class='ocrx_word' id='word_1_116' title='bbox 1000 880 1144 921; x_wconf 90' lang='lat' dir='ltr'>omnia</span> <span class='ocrx_word' id='word_1_117' title='bbox 1181 894 1224 920; x_wconf 86' lang='lat' dir='ltr'>ea</span> <span class='ocrx_word' id='word_1_118' title='bbox 1265 894 1352 920; x_wconf 88' lang='lat' dir='ltr'>non</span> <span class='ocrx_word' id='word_1_119' title='bbox 1387 880 1512 934; x_wconf 88' lang='lat' dir='ltr'>plane</span> 
     </span>
     <span class='ocr_line' id='line_1_20' title="bbox 172 938 1514 993; baseline -0.001 -13"><span class='ocrx_word' id='word_1_120' title='bbox 172 942 381 993; x_wconf 88' lang='lat' dir='ltr'>tenerent,</span> <span class='ocrx_word' id='word_1_121' title='bbox 406 942 449 980; x_wconf 90' lang='lat' dir='ltr'>et</span> <span class='ocrx_word' id='word_1_122' title='bbox 475 939 722 980; x_wconf 80' lang='lat' dir='ltr'>audirentur</span> <span class='ocrx_word' id='word_1_123' title='bbox 741 939 794 979; x_wconf 82' lang='lat' dir='ltr'>ab</span> <span class='ocrx_word' id='word_1_124' title='bbox 814 939 880 992; x_wconf 88' lang='lat' dir='ltr'>iis,</span> <span class='ocrx_word' id='word_1_125' title='bbox 906 938 1060 992; x_wconf 88' lang='lat' dir='ltr'>quibus</span> <span class='ocrx_word' id='word_1_126' title='bbox 1085 952 1173 979; x_wconf 86' lang='lat' dir='ltr'>non</span> <span class='ocrx_word' id='word_1_127' title='bbox 1198 938 1377 979; x_wconf 87' lang='lat' dir='ltr'>scientia</span> <span class='ocrx_word' id='word_1_128' title='bbox 1401 941 1514 979; x_wconf 86' lang='lat' dir='ltr'>esset</span> 
     </span>
     <span class='ocr_line' id='line_1_21' title="bbox 173 996 1565 1052; baseline 0.001 -14"><span class='ocrx_word' id='word_1_129' title='bbox 173 997 379 1039; x_wconf 85' lang='lat' dir='ltr'>tradenda</span> <span class='ocrx_word' id='word_1_130' title='bbox 417 998 490 1038; x_wconf 94' lang='lat' dir='ltr'>sed</span> <span class='ocrx_word' id='word_1_131' title='bbox 527 997 669 1052; x_wconf 86' lang='lat' dir='ltr'>exigui</span> <span class='ocrx_word' id='word_1_132' title='bbox 708 997 913 1051; x_wconf 87' lang='lat' dir='ltr'>temporis</span> <span class='ocrx_word' id='word_1_133' title='bbox 947 1000 1020 1037; x_wconf 88' lang='lat' dir='ltr'>aut</span> <span class='ocrx_word' id='word_1_134' title='bbox 1050 996 1160 1037; x_wconf 84' lang='lat' dir='ltr'>falsa</span> <span class='ocrx_word' id='word_1_135' title='bbox 1191 999 1264 1037; x_wconf 86' lang='lat' dir='ltr'>aut</span> <span class='ocrx_word' id='word_1_136' title='bbox 1297 999 1409 1038; x_wconf 90' lang='lat' dir='ltr'>certe</span> <span class='ocrx_word' id='word_1_137' title='bbox 1442 997 1513 1037; x_wconf 88' lang='lat' dir='ltr'>ob·</span> <span class='ocrx_word' id='word_1_138' title='bbox 1533 1014 1565 1040; x_wconf 81' lang='lat'>15</span> 
     </span>
     <span class='ocr_line' id='line_1_22' title="bbox 175 1054 1514 1110; baseline -0.001 -14"><span class='ocrx_word' id='word_1_139' title='bbox 175 1070 298 1097; x_wconf 88' lang='lat' dir='ltr'>scura</span> <span class='ocrx_word' id='word_1_140' title='bbox 330 1055 485 1110; x_wconf 90' lang='lat' dir='ltr'>opinio.</span> <span class='ocrx_word' id='word_1_141' title='bbox 548 1055 658 1104; x_wconf 80' lang='lat' dir='ltr'>Quid</span> <span class='ocrx_word' id='word_1_142' title='bbox 690 1055 854 1096; x_wconf 77' lang='lat' dir='ltr'>multa?</span> <span class='ocrx_word' id='word_1_143' title='bbox 905 1055 965 1096; x_wconf 91' lang='lat' dir='ltr'>sic</span> <span class='ocrx_word' id='word_1_144' title='bbox 1003 1054 1108 1095; x_wconf 88' lang='lat' dir='ltr'>mihi</span> <span class='ocrx_word' id='word_1_145' title='bbox 1145 1058 1236 1095; x_wconf 86' lang='lat' dir='ltr'>tum</span> <span class='ocrx_word' id='word_1_146' title='bbox 1268 1055 1514 1108; x_wconf 83' lang='lat' dir='ltr'>persuaderi</span> 
     </span>
     <span class='ocr_line' id='line_1_23' title="bbox 175 1113 1513 1168; baseline -0.001 -14"><span class='ocrx_word' id='word_1_147' title='bbox 175 1114 398 1154; x_wconf 82' lang='lat' dir='ltr'>videbatur</span> <span class='ocrx_word' id='word_1_148' title='bbox 434 1128 570 1168; x_wconf 90' lang='lat' dir='ltr'>neque</span> <span class='ocrx_word' id='word_1_149' title='bbox 609 1113 837 1155; x_wconf 85' lang='lat' dir='ltr'>artificium</span> <span class='ocrx_word' id='word_1_150' title='bbox 874 1113 1009 1153; x_wconf 91' lang='lat' dir='ltr'>ullum</span> <span class='ocrx_word' id='word_1_151' title='bbox 1047 1127 1138 1154; x_wconf 87' lang='lat' dir='ltr'>esse</span> <span class='ocrx_word' id='word_1_152' title='bbox 1176 1113 1341 1154; x_wconf 87' lang='lat' dir='ltr'>dicendi</span> <span class='ocrx_word' id='word_1_153' title='bbox 1376 1127 1513 1166; x_wconf 92' lang='lat' dir='ltr'>neque</span> 
     </span>
     <span class='ocr_line' id='line_1_24' title="bbox 175 1171 1514 1226; baseline 0 -14"><span class='ocrx_word' id='word_1_154' title='bbox 175 1186 433 1226; x_wconf 85' lang='lat' dir='ltr'>quemquam</span> <span class='ocrx_word' id='word_1_155' title='bbox 463 1186 602 1226; x_wconf 87' lang='lat' dir='ltr'>posse,</span> <span class='ocrx_word' id='word_1_156' title='bbox 632 1172 716 1212; x_wconf 88' lang='lat' dir='ltr'>nisi</span> <span class='ocrx_word' id='word_1_157' title='bbox 749 1171 821 1225; x_wconf 89' lang='lat' dir='ltr'>qui</span> <span class='ocrx_word' id='word_1_158' title='bbox 851 1171 925 1212; x_wconf 88' lang='lat' dir='ltr'>illa</span> <span class='ocrx_word' id='word_1_159' title='bbox 956 1186 1062 1225; x_wconf 89' lang='lat' dir='ltr'>quae</span> <span class='ocrx_word' id='word_1_160' title='bbox 1095 1185 1120 1212; x_wconf 85' lang='lat' dir='ltr'>a</span> <span class='ocrx_word' id='word_1_161' title='bbox 1150 1171 1410 1212; x_wconf 87' lang='lat' dir='ltr'>doctissimis</span> <span class='ocrx_word' id='word_1_162' title='bbox 1441 1171 1514 1212; x_wconf 92' lang='lat' dir='ltr'>ho-</span> 
     </span>
     <span class='ocr_line' id='line_1_25' title="bbox 175 1229 1514 1284; baseline -0.001 -13"><span class='ocrx_word' id='word_1_163' title='bbox 175 1230 363 1271; x_wconf 88' lang='lat' dir='ltr'>minibus</span> <span class='ocrx_word' id='word_1_164' title='bbox 394 1230 440 1271; x_wconf 89' lang='lat' dir='ltr'>in</span> <span class='ocrx_word' id='word_1_165' title='bbox 469 1230 743 1284; x_wconf 85' lang='lat' dir='ltr'>philosophia</span> <span class='ocrx_word' id='word_1_166' title='bbox 774 1229 1015 1271; x_wconf 82' lang='lat' dir='ltr'>dicerentur</span> <span class='ocrx_word' id='word_1_167' title='bbox 1046 1233 1291 1284; x_wconf 78' lang='lat' dir='ltr'>cognosset,</span> <span class='ocrx_word' id='word_1_168' title='bbox 1328 1232 1402 1270; x_wconf 88' lang='lat' dir='ltr'>aut</span> <span class='ocrx_word' id='word_1_169' title='bbox 1433 1229 1514 1271; x_wconf 84' lang='lat' dir='ltr'>cal-</span> 
     </span>
     <span class='ocr_line' id='line_1_26' title="bbox 174 1287 1567 1343; baseline 0.001 -14"><span class='ocrx_word' id='word_1_170' title='bbox 174 1289 258 1329; x_wconf 90' lang='lat' dir='ltr'>lide</span> <span class='ocrx_word' id='word_1_171' title='bbox 285 1291 359 1330; x_wconf 88' lang='lat' dir='ltr'>aut</span> <span class='ocrx_word' id='word_1_172' title='bbox 385 1288 556 1342; x_wconf 85' lang='lat' dir='ltr'>copiose</span> <span class='ocrx_word' id='word_1_173' title='bbox 582 1288 739 1343; x_wconf 84' lang='lat' dir='ltr'>dicere3</span> <span class='ocrx_word' id='word_1_174' title='bbox 768 1288 799 1341; x_wconf 74' lang='lat'><strong>†</strong></span> <span class='ocrx_word' id='word_1_175' title='bbox 819 1287 974 1341; x_wconf 86' lang='lat' dir='ltr'>quibus</span> <span class='ocrx_word' id='word_1_176' title='bbox 1005 1287 1143 1329; x_wconf 86' lang='lat' dir='ltr'>dicere</span> <span class='ocrx_word' id='word_1_177' title='bbox 1164 1287 1424 1329; x_wconf 85' lang='lat' dir='ltr'>Charmadas</span> <span class='ocrx_word' id='word_1_178' title='bbox 1451 1302 1514 1329; x_wconf 89' lang='lat' dir='ltr'>so·</span> <span class='ocrx_word' id='word_1_179' title='bbox 1533 1306 1567 1331; x_wconf 83' lang='lat'>20</span> 
     </span>
     <span class='ocr_line' id='line_1_27' title="bbox 175 1345 1513 1401; baseline -0.001 -14"><span class='ocrx_word' id='word_1_180' title='bbox 175 1347 292 1388; x_wconf 83' lang='lat' dir='ltr'>lebat</span> <span class='ocrx_word' id='word_1_181' title='bbox 332 1347 552 1401; x_wconf 82' lang='lat' dir='ltr'>ingenium</span> <span class='ocrx_word' id='word_1_182' title='bbox 592 1350 734 1401; x_wconf 91' lang='lat' dir='ltr'>tuum,</span> <span class='ocrx_word' id='word_1_183' title='bbox 778 1345 948 1401; x_wconf 87' lang='lat' dir='ltr'>Crasse,</span> <span class='ocrx_word' id='word_1_184' title='bbox 984 1345 1255 1387; x_wconf 79' lang='lat' dir='ltr'>vehementer</span> <span class='ocrx_word' id='word_1_185' title='bbox 1296 1346 1513 1387; x_wconf 87' lang='lat' dir='ltr'>admirari:</span> 
     </span>
     <span class='ocr_line' id='line_1_28' title="bbox 177 1404 1514 1459; baseline -0.001 -13"><span class='ocrx_word' id='word_1_186' title='bbox 177 1419 244 1446; x_wconf 90' lang='lat' dir='ltr'>me</span> <span class='ocrx_word' id='word_1_187' title='bbox 271 1405 353 1446; x_wconf 88' lang='lat' dir='ltr'>sibi</span> <span class='ocrx_word' id='word_1_188' title='bbox 378 1405 625 1459; x_wconf 80' lang='lat' dir='ltr'>perfacilem</span> <span class='ocrx_word' id='word_1_189' title='bbox 649 1405 695 1445; x_wconf 91' lang='lat' dir='ltr'>in</span> <span class='ocrx_word' id='word_1_190' title='bbox 715 1404 936 1459; x_wconf 87' lang='lat' dir='ltr'>audiendo,</span> <span class='ocrx_word' id='word_1_191' title='bbox 960 1406 1002 1445; x_wconf 86' lang='lat' dir='ltr'>te</span> <span class='ocrx_word' id='word_1_192' title='bbox 1029 1418 1344 1459; x_wconf 81' lang='lat' dir='ltr'>perpugnacem</span> <span class='ocrx_word' id='word_1_193' title='bbox 1362 1404 1409 1445; x_wconf 86' lang='lat' dir='ltr'>in</span> <span class='ocrx_word' id='word_1_194' title='bbox 1433 1404 1514 1445; x_wconf 90' lang='lat' dir='ltr'>dis-</span> 
     </span>
     <span class='ocr_line' id='line_1_29' title="bbox 176 1462 1513 1517; baseline -0.001 -13"><span class='ocrx_word' id='word_1_195' title='bbox 176 1464 365 1517; x_wconf 84' lang='lat' dir='ltr'>putando</span> <span class='ocrx_word' id='word_1_196' title='bbox 399 1478 490 1504; x_wconf 88' lang='lat' dir='ltr'>esse</span> <span class='ocrx_word' id='word_1_197' title='bbox 519 1463 668 1504; x_wconf 70' lang='lat' dir='ltr'>Visum.</span> <span class='ocrx_word' id='word_1_198' title='bbox 730 1463 880 1516; x_wconf 81' lang='lat' dir='ltr'>ltaque</span> <span class='ocrx_word' id='word_1_199' title='bbox 914 1477 993 1517; x_wconf 89' lang='lat' dir='ltr'>ego</span> <span class='ocrx_word' id='word_1_200' title='bbox 1025 1462 1104 1503; x_wconf 82' lang='lat' dir='ltr'>hac</span> <span class='ocrx_word' id='word_1_201' title='bbox 1136 1463 1282 1503; x_wconf 85' lang='lat' dir='ltr'>eadem</span> <span class='ocrx_word' id='word_1_202' title='bbox 1315 1462 1513 1516; x_wconf 87' lang='lat' dir='ltr'>opinione</span> 
     </span>
     <span class='ocr_line' id='line_1_30' title="bbox 178 1520 1512 1575; baseline -0.001 -13"><span class='ocrx_word' id='word_1_203' title='bbox 178 1522 385 1563; x_wconf 86' lang='lat' dir='ltr'>adductus</span> <span class='ocrx_word' id='word_1_204' title='bbox 413 1522 564 1575; x_wconf 87' lang='lat' dir='ltr'>scripsi</span> <span class='ocrx_word' id='word_1_205' title='bbox 590 1522 721 1562; x_wconf 87' lang='lat' dir='ltr'>etiam</span> <span class='ocrx_word' id='word_1_206' title='bbox 745 1521 851 1561; x_wconf 85' lang='lat' dir='ltr'>illud</span> <span class='ocrx_word' id='word_1_207' title='bbox 878 1521 1062 1574; x_wconf 83' lang='lat' dir='ltr'>quodam</span> <span class='ocrx_word' id='word_1_208' title='bbox 1086 1520 1132 1560; x_wconf 90' lang='lat' dir='ltr'>in</span> <span class='ocrx_word' id='word_1_209' title='bbox 1156 1520 1314 1573; x_wconf 86' lang='lat' dir='ltr'>libello,</span> <span class='ocrx_word' id='word_1_210' title='bbox 1347 1520 1419 1574; x_wconf 82' lang='lat' dir='ltr'>qui</span> <span class='ocrx_word' id='word_1_211' title='bbox 1445 1535 1512 1561; x_wconf 89' lang='lat' dir='ltr'>me</span> 
     </span>
     <span class='ocr_line' id='line_1_31' title="bbox 174 1578 1564 1634; baseline 0.001 -14"><span class='ocrx_word' id='word_1_212' title='bbox 174 1580 443 1634; x_wconf 82' lang='lat' dir='ltr'>imprudente</span> <span class='ocrx_word' id='word_1_213' title='bbox 475 1583 518 1620; x_wconf 91' lang='lat' dir='ltr'>et</span> <span class='ocrx_word' id='word_1_214' title='bbox 543 1579 679 1620; x_wconf 77' lang='lat' dir='ltr'>invito</span> <span class='ocrx_word' id='word_1_215' title='bbox 706 1578 862 1619; x_wconf 82' lang='lat' dir='ltr'>excidit</span> <span class='ocrx_word' id='word_1_216' title='bbox 893 1582 936 1619; x_wconf 93' lang='lat' dir='ltr'>et</span> <span class='ocrx_word' id='word_1_217' title='bbox 966 1578 1159 1632; x_wconf 83' lang='lat' dir='ltr'>pervenit</span> <span class='ocrx_word' id='word_1_218' title='bbox 1186 1578 1232 1618; x_wconf 86' lang='lat' dir='ltr'>in</span> <span class='ocrx_word' id='word_1_219' title='bbox 1256 1592 1408 1619; x_wconf 85' lang='lat' dir='ltr'>manus</span> <span class='ocrx_word' id='word_1_220' title='bbox 1439 1578 1512 1620; x_wconf 90' lang='lat' dir='ltr'>ho·</span> <span class='ocrx_word' id='word_1_221' title='bbox 1531 1596 1564 1622; x_wconf 80' lang='lat'>25</span> 
     </span>
     <span class='ocr_line' id='line_1_32' title="bbox 176 1636 1513 1692; baseline 0 -14"><span class='ocrx_word' id='word_1_222' title='bbox 176 1638 352 1692; x_wconf 86' lang='lat' dir='ltr'>minum,</span> <span class='ocrx_word' id='word_1_223' title='bbox 372 1637 594 1678; x_wconf 89' lang='lat' dir='ltr'>disertos</span> <span class='ocrx_word' id='word_1_224' title='bbox 616 1651 824 1692; x_wconf 86' lang='lat' dir='ltr'>cognosse</span> <span class='ocrx_word' id='word_1_225' title='bbox 843 1651 910 1677; x_wconf 91' lang='lat' dir='ltr'>me</span> <span class='ocrx_word' id='word_1_226' title='bbox 929 1636 1172 1690; x_wconf 84' lang='lat' dir='ltr'>nonnullos,</span> <span class='ocrx_word' id='word_1_227' title='bbox 1192 1636 1513 1690; x_wconf 85' lang='lat' dir='ltr'>eloquentem</span> 
     </span>
     <span class='ocr_line' id='line_1_33' title="bbox 177 1694 1513 1749; baseline -0.001 -12"><span class='ocrx_word' id='word_1_228' title='bbox 177 1695 314 1737; x_wconf 84' lang='lat' dir='ltr'>adhuc</span> <span class='ocrx_word' id='word_1_229' title='bbox 346 1695 579 1749; x_wconf 86' lang='lat' dir='ltr'>neminem,</span> <span class='ocrx_word' id='word_1_230' title='bbox 616 1695 727 1748; x_wconf 91' lang='lat' dir='ltr'>quod</span> <span class='ocrx_word' id='word_1_231' title='bbox 765 1709 860 1735; x_wconf 90' lang='lat' dir='ltr'>eum</span> <span class='ocrx_word' id='word_1_232' title='bbox 899 1695 1140 1735; x_wconf 85' lang='lat' dir='ltr'>statuebam</span> <span class='ocrx_word' id='word_1_233' title='bbox 1178 1694 1403 1749; x_wconf 89' lang='lat' dir='ltr'>disertum,</span> <span class='ocrx_word' id='word_1_234' title='bbox 1440 1695 1513 1749; x_wconf 90' lang='lat' dir='ltr'>qui</span> 
     </span>
     <span class='ocr_line' id='line_1_34' title="bbox 175 1752 1513 1808; baseline 0 -14"><span class='ocrx_word' id='word_1_235' title='bbox 175 1757 323 1808; x_wconf 89' lang='lat' dir='ltr'>posset</span> <span class='ocrx_word' id='word_1_236' title='bbox 362 1754 466 1795; x_wconf 90' lang='lat' dir='ltr'>satis</span> <span class='ocrx_word' id='word_1_237' title='bbox 505 1756 627 1795; x_wconf 89' lang='lat' dir='ltr'>acute</span> <span class='ocrx_word' id='word_1_238' title='bbox 660 1756 787 1807; x_wconf 85' lang='lat' dir='ltr'>atque</span> <span class='ocrx_word' id='word_1_239' title='bbox 820 1752 1002 1793; x_wconf 85' lang='lat' dir='ltr'>dilucide</span> <span class='ocrx_word' id='word_1_240' title='bbox 1034 1753 1145 1806; x_wconf 86' lang='lat' dir='ltr'>apud</span> <span class='ocrx_word' id='word_1_241' title='bbox 1175 1753 1408 1794; x_wconf 90' lang='lat' dir='ltr'>mediocres</span> <span class='ocrx_word' id='word_1_242' title='bbox 1439 1753 1513 1794; x_wconf 89' lang='lat' dir='ltr'>ho—</span> 
     </span>
     <span class='ocr_line' id='line_1_35' title="bbox 176 1811 1513 1866; baseline 0 -14"><span class='ocrx_word' id='word_1_243' title='bbox 176 1812 311 1853; x_wconf 89' lang='lat' dir='ltr'>mines</span> <span class='ocrx_word' id='word_1_244' title='bbox 343 1826 394 1852; x_wconf 82' lang='lat' dir='ltr'>ex</span> <span class='ocrx_word' id='word_1_245' title='bbox 426 1811 642 1853; x_wconf 88' lang='lat' dir='ltr'>communi</span> <span class='ocrx_word' id='word_1_246' title='bbox 672 1811 853 1865; x_wconf 89' lang='lat' dir='ltr'>quadam</span> <span class='ocrx_word' id='word_1_247' title='bbox 879 1811 1078 1865; x_wconf 86' lang='lat' dir='ltr'>opinione</span> <span class='ocrx_word' id='word_1_248' title='bbox 1110 1811 1331 1852; x_wconf 89' lang='lat' dir='ltr'>hominum</span> <span class='ocrx_word' id='word_1_249' title='bbox 1363 1811 1513 1866; x_wconf 87' lang='lat' dir='ltr'>dicere,</span> 
     </span>
     <span class='ocr_line' id='line_1_36' title="bbox 176 1868 1565 1925; baseline 0.001 -14"><span class='ocrx_word' id='word_1_250' title='bbox 176 1871 447 1924; x_wconf 87' lang='lat' dir='ltr'>eloquentem</span> <span class='ocrx_word' id='word_1_251' title='bbox 460 1872 573 1924; x_wconf 68' lang='lat' dir='ltr'>⁴vero,</span> <span class='ocrx_word' id='word_1_252' title='bbox 588 1869 660 1924; x_wconf 90' lang='lat' dir='ltr'>qui</span> <span class='ocrx_word' id='word_1_253' title='bbox 680 1868 919 1910; x_wconf 85' lang='lat' dir='ltr'>mirabilius</span> <span class='ocrx_word' id='word_1_254' title='bbox 934 1872 977 1909; x_wconf 87' lang='lat' dir='ltr'>et</span> <span class='ocrx_word' id='word_1_255' title='bbox 996 1869 1339 1924; x_wconf 88' lang='lat' dir='ltr'>magnificentius</span> <span class='ocrx_word' id='word_1_256' title='bbox 1357 1883 1511 1925; x_wconf 86' lang='lat' dir='ltr'>augere</span> <span class='ocrx_word' id='word_1_257' title='bbox 1531 1887 1565 1913; x_wconf 84' lang='lat'>30</span> 
     </span>
     <span class='ocr_line' id='line_1_37' title="bbox 174 1927 1513 1983; baseline 0 -14"><span class='ocrx_word' id='word_1_258' title='bbox 174 1932 321 1982; x_wconf 86' lang='lat' dir='ltr'>posset</span> <span class='ocrx_word' id='word_1_259' title='bbox 343 1931 470 1982; x_wconf 86' lang='lat' dir='ltr'>atque</span> <span class='ocrx_word' id='word_1_260' title='bbox 491 1943 641 1969; x_wconf 88' lang='lat' dir='ltr'>ornare</span> <span class='ocrx_word' id='word_1_261' title='bbox 656 1942 763 1982; x_wconf 89' lang='lat' dir='ltr'>quae</span> <span class='ocrx_word' id='word_1_262' title='bbox 776 1927 905 1968; x_wconf 85' lang='lat' dir='ltr'>vellet</span> <span class='ocrx_word' id='word_1_263' title='bbox 920 1927 1141 1981; x_wconf 87' lang='lat' dir='ltr'>omnisque</span> <span class='ocrx_word' id='word_1_264' title='bbox 1156 1928 1346 1968; x_wconf 89' lang='lat' dir='ltr'>omnium</span> <span class='ocrx_word' id='word_1_265' title='bbox 1358 1942 1513 1983; x_wconf 86' lang='lat' dir='ltr'>rerum,</span> 
     </span>
     <span class='ocr_line' id='line_1_38' title="bbox 177 1985 1513 2040; baseline 0 -13"><span class='ocrx_word' id='word_1_266' title='bbox 177 2000 284 2040; x_wconf 89' lang='lat' dir='ltr'>quae</span> <span class='ocrx_word' id='word_1_267' title='bbox 312 1987 363 2027; x_wconf 86' lang='lat' dir='ltr'>ad</span> <span class='ocrx_word' id='word_1_268' title='bbox 389 1987 613 2027; x_wconf 86' lang='lat' dir='ltr'>dicendum</span> <span class='ocrx_word' id='word_1_269' title='bbox 637 1986 912 2040; x_wconf 86' lang='lat' dir='ltr'>pertinerent,</span> <span class='ocrx_word' id='word_1_270' title='bbox 942 1985 1074 2026; x_wconf 85' lang='lat' dir='ltr'>fontis</span> <span class='ocrx_word' id='word_1_271' title='bbox 1109 1986 1249 2027; x_wconf 88' lang='lat' dir='ltr'>animo</span> <span class='ocrx_word' id='word_1_272' title='bbox 1283 2001 1332 2028; x_wconf 88' lang='lat' dir='ltr'>ac</span> <span class='ocrx_word' id='word_1_273' title='bbox 1356 2000 1513 2027; x_wconf 91' lang='lat' dir='ltr'>memo-</span> 
     </span>
     <span class='ocr_line' id='line_1_39' title="bbox 174 2043 1513 2098; baseline 0.001 -14"><span class='ocrx_word' id='word_1_274' title='bbox 174 2044 240 2085; x_wconf 83' lang='lat' dir='ltr'>ria</span> <span class='ocrx_word' id='word_1_275' title='bbox 277 2044 524 2086; x_wconf 89' lang='lat' dir='ltr'>contineret.</span> <span class='ocrx_word' id='word_1_276' title='bbox 590 2044 641 2085; x_wconf 93' lang='lat' dir='ltr'>Id</span> <span class='ocrx_word' id='word_1_277' title='bbox 679 2044 715 2085; x_wconf 89' lang='lat' dir='ltr'>si</span> <span class='ocrx_word' id='word_1_278' title='bbox 752 2047 816 2085; x_wconf 89' lang='lat' dir='ltr'>est</span> <span class='ocrx_word' id='word_1_279' title='bbox 854 2043 1025 2084; x_wconf 79' lang='lat' dir='ltr'>difficile</span> <span class='ocrx_word' id='word_1_280' title='bbox 1060 2044 1205 2098; x_wconf 83' lang='lat' dir='ltr'>nobis,</span> <span class='ocrx_word' id='word_1_281' title='bbox 1249 2044 1362 2098; x_wconf 91' lang='lat' dir='ltr'>quod</span> <span class='ocrx_word' id='word_1_282' title='bbox 1402 2047 1513 2098; x_wconf 87' lang='lat' dir='ltr'>ante,</span> 
     </span>
     <span class='ocr_line' id='line_1_40' title="bbox 176 2101 1513 2157; baseline 0 -14"><span class='ocrx_word' id='word_1_283' title='bbox 176 2117 305 2156; x_wconf 89' lang='lat' dir='ltr'>quam</span> <span class='ocrx_word' id='word_1_284' title='bbox 342 2103 394 2143; x_wconf 86' lang='lat' dir='ltr'>ad</span> <span class='ocrx_word' id='word_1_285' title='bbox 431 2103 675 2144; x_wconf 89' lang='lat' dir='ltr'>discendum</span> <span class='ocrx_word' id='word_1_286' title='bbox 707 2101 890 2157; x_wconf 91' lang='lat' dir='ltr'>ingressi</span> <span class='ocrx_word' id='word_1_287' title='bbox 928 2115 1093 2156; x_wconf 87' lang='lat' dir='ltr'>sumus,</span> <span class='ocrx_word' id='word_1_288' title='bbox 1130 2102 1350 2144; x_wconf 87' lang='lat' dir='ltr'>obruimur</span> <span class='ocrx_word' id='word_1_289' title='bbox 1383 2103 1513 2143; x_wconf 88' lang='lat' dir='ltr'>ambi-</span> 
     </span>
     <span class='ocr_line' id='line_1_41' title="bbox 176 2159 1564 2215; baseline 0.001 -14"><span class='ocrx_word' id='word_1_290' title='bbox 176 2161 292 2201; x_wconf 84' lang='lat' dir='ltr'>tione</span> <span class='ocrx_word' id='word_1_291' title='bbox 310 2163 353 2201; x_wconf 90' lang='lat' dir='ltr'>et</span> <span class='ocrx_word' id='word_1_292' title='bbox 372 2160 479 2215; x_wconf 87' lang='lat' dir='ltr'>foro,</span> <span class='ocrx_word' id='word_1_293' title='bbox 499 2161 556 2201; x_wconf 91' lang='lat' dir='ltr'>sit</span> <span class='ocrx_word' id='word_1_294' title='bbox 574 2163 719 2201; x_wconf 89' lang='lat' dir='ltr'>tamen</span> <span class='ocrx_word' id='word_1_295' title='bbox 737 2160 783 2200; x_wconf 91' lang='lat' dir='ltr'>in</span> <span class='ocrx_word' id='word_1_296' title='bbox 795 2174 840 2200; x_wconf 92' lang='lat' dir='ltr'>re</span> <span class='ocrx_word' id='word_1_297' title='bbox 858 2159 1047 2213; x_wconf 89' lang='lat' dir='ltr'>positum</span> <span class='ocrx_word' id='word_1_298' title='bbox 1067 2163 1193 2213; x_wconf 89' lang='lat' dir='ltr'>atque</span> <span class='ocrx_word' id='word_1_299' title='bbox 1212 2164 1377 2201; x_wconf 85' lang='lat' dir='ltr'>natura.</span> <span class='ocrx_word' id='word_1_300' title='bbox 1414 2161 1510 2215; x_wconf 85' lang='lat' dir='ltr'>Ego</span> <span class='ocrx_word' id='word_1_301' title='bbox 1531 2177 1564 2203; x_wconf 87' lang='lat'>35</span> 
     </span>
     <span class='ocr_line' id='line_1_42' title="bbox 176 2218 1513 2273; baseline 0 -14"><span class='ocrx_word' id='word_1_302' title='bbox 176 2218 301 2273; x_wconf 87' lang='lat' dir='ltr'>enim,</span> <span class='ocrx_word' id='word_1_303' title='bbox 333 2222 539 2272; x_wconf 86' lang='lat' dir='ltr'>quantum</span> <span class='ocrx_word' id='word_1_304' title='bbox 572 2232 758 2273; x_wconf 84' lang='lat' dir='ltr'>auguror</span> <span class='ocrx_word' id='word_1_305' title='bbox 789 2218 1034 2259; x_wconf 86' lang='lat' dir='ltr'>coniectura</span> <span class='ocrx_word' id='word_1_306' title='bbox 1066 2221 1309 2272; x_wconf 84' lang='lat' dir='ltr'>quantaque</span> <span class='ocrx_word' id='word_1_307' title='bbox 1340 2218 1513 2273; x_wconf 88' lang='lat' dir='ltr'>ingenia</span> 
     </span>
     <span class='ocr_line' id='line_1_43' title="bbox 175 2275 1514 2331; baseline 0 -14"><span class='ocrx_word' id='word_1_308' title='bbox 175 2277 220 2317; x_wconf 89' lang='lat' dir='ltr'>in</span> <span class='ocrx_word' id='word_1_309' title='bbox 250 2277 409 2318; x_wconf 88' lang='lat' dir='ltr'>nostris</span> <span class='ocrx_word' id='word_1_310' title='bbox 441 2276 688 2318; x_wconf 86' lang='lat' dir='ltr'>hominibus</span> <span class='ocrx_word' id='word_1_311' title='bbox 721 2291 812 2317; x_wconf 91' lang='lat' dir='ltr'>esse</span> <span class='ocrx_word' id='word_1_312' title='bbox 843 2275 978 2330; x_wconf 86' lang='lat' dir='ltr'>video,</span> <span class='ocrx_word' id='word_1_313' title='bbox 1007 2290 1085 2317; x_wconf 91' lang='lat' dir='ltr'>nec</span> <span class='ocrx_word' id='word_1_314' title='bbox 1111 2276 1287 2331; x_wconf 83' lang='lat' dir='ltr'>despero</span> <span class='ocrx_word' id='word_1_315' title='bbox 1318 2276 1409 2317; x_wconf 85' lang='lat' dir='ltr'>fore</span> <span class='ocrx_word' id='word_1_316' title='bbox 1441 2276 1514 2317; x_wconf 89' lang='lat' dir='ltr'>ali-</span> 
     </span>
    </p>
   </div>
  </div>
 </body>
</html>
