<?xml version="1.0" encoding="UTF-8"?>
<!DOCTYPE html PUBLIC "-//W3C//DTD XHTML 1.0 Transitional//EN"
    "http://www.w3.org/TR/xhtml1/DTD/xhtml1-transitional.dtd">
<html xmlns="http://www.w3.org/1999/xhtml" xml:lang="en" lang="en">
 <head>
  <title>
</title>
<meta http-equiv="Content-Type" content="text/html;charset=utf-8" />
  <meta name='ocr-system' content='tesseract 3.04.00' />
  <meta name='ocr-capabilities' content='ocr_page ocr_carea ocr_par ocr_line ocrx_word'/>
</head>
<body>
  <div class='ocr_page' id='page_1' title='image "./p2scriptaquaemanse01ciceuoft_0224.png"; bbox 0 0 1643 2526; ppageno 0'>
   <div class='ocr_carea' id='block_1_1' title="bbox 164 104 987 147">
    <p class='ocr_par' dir='ltr' id='par_1_1' title="bbox 164 104 987 147">
     <span class='ocr_line' id='line_1_1' title="bbox 164 104 987 147; baseline -0.011 0"><span class='ocrx_word' id='word_1_1' title='bbox 164 106 246 147; x_wconf 79' lang='grc'>122</span> <span class='ocrx_word' id='word_1_2' title='bbox 671 105 735 140; x_wconf 89' lang='lat' dir='ltr'>DE</span> <span class='ocrx_word' id='word_1_3' title='bbox 763 104 987 140; x_wconf 85' lang='lat' dir='ltr'><strong>ORATORE</strong></span> 
     </span>
    </p>
   </div>
   <div class='ocr_carea' id='block_1_2' title="bbox 90 199 1556 2352">
    <p class='ocr_par' dir='ltr' id='par_1_2' title="bbox 90 199 1556 2352">
     <span class='ocr_line' id='line_1_2' title="bbox 162 199 1498 255; baseline -0.003 -11"><span class='ocrx_word' id='word_1_4' title='bbox 162 205 237 244; x_wconf 89' lang='lat' dir='ltr'>aut</span> <span class='ocrx_word' id='word_1_5' title='bbox 254 201 530 255; x_wconf 75' lang='lat' dir='ltr'>iracundiam,</span> <span class='ocrx_word' id='word_1_6' title='bbox 545 200 672 241; x_wconf 89' lang='lat' dir='ltr'>simul</span> <span class='ocrx_word' id='word_1_7' title='bbox 693 203 819 254; x_wconf 89' lang='lat' dir='ltr'>atque</span> <span class='ocrx_word' id='word_1_8' title='bbox 837 199 1198 254; x_wconf 88' lang='lat' dir='ltr'>intuleris,possis</span> <span class='ocrx_word' id='word_1_9' title='bbox 1220 213 1498 241; x_wconf 80' lang='lat' dir='ltr'>commovere,</span> 
     </span>
     <span class='ocr_line' id='line_1_3' title="bbox 162 257 1498 316; baseline -0.003 -14"><span class='ocrx_word' id='word_1_10' title='bbox 162 260 480 316; x_wconf 70' lang='lat' dir='ltr'><strong>Argumentum</strong></span> <span class='ocrx_word' id='word_1_11' title='bbox 512 259 623 300; x_wconf 89' lang='lat' dir='ltr'>ratio</span> <span class='ocrx_word' id='word_1_12' title='bbox 661 258 756 313; x_wconf 89' lang='lat' dir='ltr'>ipsa</span> <span class='ocrx_word' id='word_1_13' title='bbox 788 259 1013 300; x_wconf 90' lang='lat' dir='ltr'>confirmat</span> <span class='ocrx_word' id='word_1_14' title='bbox 1046 260 1173 311; x_wconf 87' lang='lat' dir='ltr'>atque</span> <span class='ocrx_word' id='word_1_15' title='bbox 1212 257 1339 298; x_wconf 91' lang='lat' dir='ltr'>simul</span> <span class='ocrx_word' id='word_1_16' title='bbox 1371 260 1498 311; x_wconf 88' lang='lat' dir='ltr'>atque</span> 
     </span>
     <span class='ocr_line' id='line_1_4' title="bbox 162 316 1498 372; baseline -0.003 -12"><span class='ocrx_word' id='word_1_17' title='bbox 162 319 366 360; x_wconf 88' lang='lat' dir='ltr'>emissum</span> <span class='ocrx_word' id='word_1_18' title='bbox 398 321 477 371; x_wconf 90' lang='lat' dir='ltr'>est,</span> <span class='ocrx_word' id='word_1_19' title='bbox 508 317 792 372; x_wconf 69' lang='lat' dir='ltr'>adhaerescit,</span> <span class='ocrx_word' id='word_1_20' title='bbox 822 317 928 358; x_wconf 89' lang='lat' dir='ltr'>illud</span> <span class='ocrx_word' id='word_1_21' title='bbox 961 319 1104 357; x_wconf 85' lang='lat' dir='ltr'>autem</span> <span class='ocrx_word' id='word_1_22' title='bbox 1131 330 1264 371; x_wconf 82' lang='lat' dir='ltr'>genus</span> <span class='ocrx_word' id='word_1_23' title='bbox 1291 316 1498 357; x_wconf 88' lang='lat' dir='ltr'>orationis</span> 
     </span>
     <span class='ocr_line' id='line_1_5' title="bbox 160 374 1512 432; baseline -0.003 -14"><span class='ocrx_word' id='word_1_24' title='bbox 160 392 248 418; x_wconf 90' lang='lat' dir='ltr'>non</span> <span class='ocrx_word' id='word_1_25' title='bbox 291 377 582 432; x_wconf 79' lang='lat' dir='ltr'>cognitionem</span> <span class='ocrx_word' id='word_1_26' title='bbox 624 376 776 417; x_wconf 81' lang='lat' dir='ltr'>iudicis</span> <span class='ocrx_word' id='word_1_27' title='bbox 827 376 900 416; x_wconf 90' lang='lat' dir='ltr'>sed</span> <span class='ocrx_word' id='word_1_28' title='bbox 949 375 1088 429; x_wconf 78' lang='lat' dir='ltr'>magis</span> <span class='ocrx_word' id='word_1_29' title='bbox 1130 374 1512 429; x_wconf 72' lang='lat' dir='ltr'>perturbationem⁷</span> 
     </span>
     <span class='ocr_line' id='line_1_6' title="bbox 160 432 1536 490; baseline -0.002 -14"><span class='ocrx_word' id='word_1_30' title='bbox 160 436 352 490; x_wconf 84' lang='lat' dir='ltr'>requirit,</span> <span class='ocrx_word' id='word_1_31' title='bbox 384 449 510 489; x_wconf 82' lang='lat' dir='ltr'>quam</span> <span class='ocrx_word' id='word_1_32' title='bbox 542 434 745 487; x_wconf 83' lang='lat' dir='ltr'>consequi</span> <span class='ocrx_word' id='word_1_33' title='bbox 775 433 858 475; x_wconf 84' lang='lat' dir='ltr'>nisi</span> <span class='ocrx_word' id='word_1_34' title='bbox 884 433 1020 474; x_wconf 86' lang='lat' dir='ltr'>multa</span> <span class='ocrx_word' id='word_1_35' title='bbox 1047 436 1088 474; x_wconf 88' lang='lat' dir='ltr'>et</span> <span class='ocrx_word' id='word_1_36' title='bbox 1113 433 1231 473; x_wconf 85' lang='lat' dir='ltr'>varia</span> <span class='ocrx_word' id='word_1_37' title='bbox 1256 436 1299 473; x_wconf 89' lang='lat' dir='ltr'>et</span> <span class='ocrx_word' id='word_1_38' title='bbox 1325 432 1499 486; x_wconf 86' lang='lat' dir='ltr'>copiosa</span> <span class='ocrx_word' id='word_1_39' title='bbox 1519 448 1536 474; x_wconf 87' lang='lat'>5</span> 
     </span>
     <span class='ocr_line' id='line_1_7' title="bbox 163 491 1498 545; baseline -0.003 -10"><span class='ocrx_word' id='word_1_40' title='bbox 163 494 354 535; x_wconf 87' lang='lat' dir='ltr'>oratione</span> <span class='ocrx_word' id='word_1_41' title='bbox 393 496 436 534; x_wconf 90' lang='lat' dir='ltr'>et</span> <span class='ocrx_word' id='word_1_42' title='bbox 474 492 604 534; x_wconf 78' lang='lat' dir='ltr'>simili</span> <span class='ocrx_word' id='word_1_43' title='bbox 648 492 935 534; x_wconf 88' lang='lat' dir='ltr'>contentionis</span> <span class='ocrx_word' id='word_1_44' title='bbox 975 491 1140 532; x_wconf 87' lang='lat' dir='ltr'>actione</span> <span class='ocrx_word' id='word_1_45' title='bbox 1176 505 1302 532; x_wconf 89' lang='lat' dir='ltr'>nemo</span> <span class='ocrx_word' id='word_1_46' title='bbox 1342 493 1498 545; x_wconf 90' lang='lat' dir='ltr'>potest.</span> 
     </span>
     <span class='ocr_line' id='line_1_8' title="bbox 90 549 1499 606; baseline -0.003 -13"><span class='ocrx_word' id='word_1_47' title='bbox 90 552 300 601; x_wconf 79' lang='lat' dir='ltr'>215Quare</span> <span class='ocrx_word' id='word_1_48' title='bbox 333 551 405 606; x_wconf 87' lang='lat' dir='ltr'>qui</span> <span class='ocrx_word' id='word_1_49' title='bbox 443 554 517 593; x_wconf 88' lang='lat' dir='ltr'>aut</span> <span class='ocrx_word' id='word_1_50' title='bbox 552 551 739 592; x_wconf 84' lang='lat' dir='ltr'>breviter</span> <span class='ocrx_word' id='word_1_51' title='bbox 775 553 850 591; x_wconf 90' lang='lat' dir='ltr'>aut</span> <span class='ocrx_word' id='word_1_52' title='bbox 887 550 1111 591; x_wconf 82' lang='lat' dir='ltr'>summisse</span> <span class='ocrx_word' id='word_1_53' title='bbox 1150 549 1314 603; x_wconf 89' lang='lat' dir='ltr'>dicunt,</span> <span class='ocrx_word' id='word_1_54' title='bbox 1351 549 1499 590; x_wconf 88' lang='lat' dir='ltr'>docere</span> 
     </span>
     <span class='ocr_line' id='line_1_9' title="bbox 160 607 1500 664; baseline -0.003 -13"><span class='ocrx_word' id='word_1_55' title='bbox 160 611 344 652; x_wconf 84' lang='lat' dir='ltr'>iudicem</span> <span class='ocrx_word' id='word_1_56' title='bbox 369 611 563 664; x_wconf 89' lang='lat' dir='ltr'>possunt,</span> <span class='ocrx_word' id='word_1_57' title='bbox 589 623 854 650; x_wconf 84' lang='lat' dir='ltr'>commovere</span> <span class='ocrx_word' id='word_1_58' title='bbox 879 623 966 649; x_wconf 93' lang='lat' dir='ltr'>non</span> <span class='ocrx_word' id='word_1_59' title='bbox 990 611 1189 662; x_wconf 75' lang='lat' dir='ltr'>possunt3</span> <span class='ocrx_word' id='word_1_60' title='bbox 1219 607 1264 648; x_wconf 88' lang='lat' dir='ltr'>in</span> <span class='ocrx_word' id='word_1_61' title='bbox 1291 621 1373 661; x_wconf 89' lang='lat' dir='ltr'>quo</span> <span class='ocrx_word' id='word_1_62' title='bbox 1400 609 1500 648; x_wconf 88' lang='lat' dir='ltr'>sunt</span> 
     </span>
     <span class='ocr_line' id='line_1_10' title="bbox 163 665 1500 722; baseline -0.003 -12"><span class='ocrx_word' id='word_1_63' title='bbox 163 669 316 710; x_wconf 83' lang='lat' dir='ltr'>omnia.</span> <span class='ocrx_word' id='word_1_64' title='bbox 360 668 454 709; x_wconf 83' lang='lat' dir='ltr'>Iam</span> <span class='ocrx_word' id='word_1_65' title='bbox 477 668 583 708; x_wconf 89' lang='lat' dir='ltr'>illud</span> <span class='ocrx_word' id='word_1_66' title='bbox 608 667 923 722; x_wconf 84' lang='lat' dir='ltr'>perspicuumst</span> <span class='ocrx_word' id='word_1_67' title='bbox 951 666 1141 707; x_wconf 84' lang='lat' dir='ltr'>omnium</span> <span class='ocrx_word' id='word_1_68' title='bbox 1166 680 1308 706; x_wconf 89' lang='lat' dir='ltr'>rerum</span> <span class='ocrx_word' id='word_1_69' title='bbox 1332 665 1378 706; x_wconf 89' lang='lat' dir='ltr'>in</span> <span class='ocrx_word' id='word_1_70' title='bbox 1405 679 1500 707; x_wconf 90' lang='lat' dir='ltr'>con-</span> 
     </span>
     <span class='ocr_line' id='line_1_11' title="bbox 161 723 1554 781; baseline -0.002 -13"><span class='ocrx_word' id='word_1_71' title='bbox 161 727 314 768; x_wconf 88' lang='lat' dir='ltr'>trarias</span> <span class='ocrx_word' id='word_1_72' title='bbox 354 726 489 781; x_wconf 87' lang='lat' dir='ltr'>partis</span> <span class='ocrx_word' id='word_1_73' title='bbox 530 726 780 767; x_wconf 74' lang='lat' dir='ltr'>facultatem</span> <span class='ocrx_word' id='word_1_74' title='bbox 821 740 872 766; x_wconf 86' lang='lat' dir='ltr'>ex</span> <span class='ocrx_word' id='word_1_75' title='bbox 908 725 1044 766; x_wconf 90' lang='lat' dir='ltr'>isdem</span> <span class='ocrx_word' id='word_1_76' title='bbox 1082 723 1344 778; x_wconf 83' lang='lat' dir='ltr'>suppeditari</span> <span class='ocrx_word' id='word_1_77' title='bbox 1380 723 1498 764; x_wconf 86' lang='lat' dir='ltr'>locis.</span> <span class='ocrx_word' id='word_1_78' title='bbox 1521 740 1554 765; x_wconf 91' lang='lat'>10</span> 
     </span>
     <span class='ocr_line' id='line_1_12' title="bbox 164 782 1501 840; baseline -0.003 -14"><span class='ocrx_word' id='word_1_79' title='bbox 164 784 246 827; x_wconf 83' lang='lat' dir='ltr'>Sed</span> <span class='ocrx_word' id='word_1_80' title='bbox 278 787 530 840; x_wconf 84' lang='lat' dir='ltr'>argumento</span> <span class='ocrx_word' id='word_1_81' title='bbox 562 784 845 825; x_wconf 88' lang='lat' dir='ltr'>resistendum</span> <span class='ocrx_word' id='word_1_82' title='bbox 878 786 943 824; x_wconf 90' lang='lat' dir='ltr'>est</span> <span class='ocrx_word' id='word_1_83' title='bbox 974 786 1048 824; x_wconf 84' lang='lat' dir='ltr'>aut</span> <span class='ocrx_word' id='word_1_84' title='bbox 1077 782 1143 836; x_wconf 88' lang='lat' dir='ltr'>iis,</span> <span class='ocrx_word' id='word_1_85' title='bbox 1176 796 1282 836; x_wconf 83' lang='lat' dir='ltr'>quae</span> <span class='ocrx_word' id='word_1_86' title='bbox 1310 795 1501 836; x_wconf 86' lang='lat' dir='ltr'>compro-</span> 
     </span>
     <span class='ocr_line' id='line_1_13' title="bbox 162 840 1502 895; baseline -0.003 -11"><span class='ocrx_word' id='word_1_87' title='bbox 162 843 291 884; x_wconf 86' lang='lat' dir='ltr'>bandi</span> <span class='ocrx_word' id='word_1_88' title='bbox 334 843 423 883; x_wconf 87' lang='lat' dir='ltr'>eius</span> <span class='ocrx_word' id='word_1_89' title='bbox 465 857 593 884; x_wconf 84' lang='lat' dir='ltr'>causa</span> <span class='ocrx_word' id='word_1_90' title='bbox 633 844 878 894; x_wconf 85' lang='lat' dir='ltr'>sumuntur,</span> <span class='ocrx_word' id='word_1_91' title='bbox 921 840 1276 895; x_wconf 81' lang='lat' dir='ltr'>reprehendendis</span> <span class='ocrx_word' id='word_1_92' title='bbox 1321 843 1394 881; x_wconf 87' lang='lat' dir='ltr'>aut</span> <span class='ocrx_word' id='word_1_93' title='bbox 1436 840 1502 881; x_wconf 91' lang='lat' dir='ltr'>de-</span> 
     </span>
     <span class='ocr_line' id='line_1_14' title="bbox 164 897 1501 955; baseline -0.003 -13"><span class='ocrx_word' id='word_1_94' title='bbox 164 902 442 942; x_wconf 87' lang='lat' dir='ltr'>monstrando</span> <span class='ocrx_word' id='word_1_95' title='bbox 474 901 536 955; x_wconf 89' lang='lat' dir='ltr'>id,</span> <span class='ocrx_word' id='word_1_96' title='bbox 568 900 682 954; x_wconf 86' lang='lat' dir='ltr'>quod</span> <span class='ocrx_word' id='word_1_97' title='bbox 715 900 963 941; x_wconf 82' lang='lat' dir='ltr'>concludere</span> <span class='ocrx_word' id='word_1_98' title='bbox 994 899 1057 939; x_wconf 91' lang='lat' dir='ltr'>illi</span> <span class='ocrx_word' id='word_1_99' title='bbox 1089 898 1240 953; x_wconf 76' lang='lat' dir='ltr'>velint,</span> <span class='ocrx_word' id='word_1_100' title='bbox 1270 912 1358 939; x_wconf 94' lang='lat' dir='ltr'>non</span> <span class='ocrx_word' id='word_1_101' title='bbox 1390 897 1501 939; x_wconf 86' lang='lat' dir='ltr'>effici</span> 
     </span>
     <span class='ocr_line' id='line_1_15' title="bbox 163 956 1503 1014; baseline -0.003 -14"><span class='ocrx_word' id='word_1_102' title='bbox 163 974 213 1001; x_wconf 86' lang='lat' dir='ltr'>ex</span> <span class='ocrx_word' id='word_1_103' title='bbox 252 959 486 1014; x_wconf 85' lang='lat' dir='ltr'>propositis</span> <span class='ocrx_word' id='word_1_104' title='bbox 525 973 603 1000; x_wconf 89' lang='lat' dir='ltr'>nec</span> <span class='ocrx_word' id='word_1_105' title='bbox 644 973 734 999; x_wconf 89' lang='lat' dir='ltr'>esse</span> <span class='ocrx_word' id='word_1_106' title='bbox 776 972 1057 1012; x_wconf 72' lang='lat' dir='ltr'>consequens,</span> <span class='ocrx_word' id='word_1_107' title='bbox 1101 960 1196 1011; x_wconf 87' lang='lat' dir='ltr'>aut,</span> <span class='ocrx_word' id='word_1_108' title='bbox 1239 957 1275 997; x_wconf 90' lang='lat' dir='ltr'>si</span> <span class='ocrx_word' id='word_1_109' title='bbox 1314 956 1376 997; x_wconf 84' lang='lat' dir='ltr'>ita</span> <span class='ocrx_word' id='word_1_110' title='bbox 1414 970 1503 997; x_wconf 91' lang='lat' dir='ltr'>non</span> 
     </span>
     <span class='ocr_line' id='line_1_16' title="bbox 165 1014 1556 1071; baseline -0.002 -12"><span class='ocrx_word' id='word_1_111' title='bbox 165 1018 348 1071; x_wconf 76' lang='lat' dir='ltr'>refellas,</span> <span class='ocrx_word' id='word_1_112' title='bbox 374 1017 648 1058; x_wconf 83' lang='lat' dir='ltr'>adferendum</span> <span class='ocrx_word' id='word_1_113' title='bbox 668 1020 733 1057; x_wconf 93' lang='lat' dir='ltr'>est</span> <span class='ocrx_word' id='word_1_114' title='bbox 758 1017 804 1057; x_wconf 89' lang='lat' dir='ltr'>in</span> <span class='ocrx_word' id='word_1_115' title='bbox 829 1016 1087 1058; x_wconf 83' lang='lat' dir='ltr'>contrariam</span> <span class='ocrx_word' id='word_1_116' title='bbox 1112 1018 1279 1069; x_wconf 85' lang='lat' dir='ltr'>partem</span> <span class='ocrx_word' id='word_1_117' title='bbox 1305 1015 1419 1068; x_wconf 91' lang='lat' dir='ltr'>quod</span> <span class='ocrx_word' id='word_1_118' title='bbox 1445 1014 1501 1055; x_wconf 89' lang='lat' dir='ltr'>sit</span> <span class='ocrx_word' id='word_1_119' title='bbox 1523 1030 1556 1056; x_wconf 91' lang='lat'>15</span> 
     </span>
     <span class='ocr_line' id='line_1_17' title="bbox 93 1074 1502 1130; baseline -0.002 -14"><span class='ocrx_word' id='word_1_120' title='bbox 93 1080 238 1117; x_wconf 82' lang='lat' dir='ltr'>216aut</span> <span class='ocrx_word' id='word_1_121' title='bbox 272 1076 442 1130; x_wconf 80' lang='lat' dir='ltr'>gravius</span> <span class='ocrx_word' id='word_1_122' title='bbox 482 1079 556 1116; x_wconf 88' lang='lat' dir='ltr'>aut</span> <span class='ocrx_word' id='word_1_123' title='bbox 594 1089 726 1129; x_wconf 87' lang='lat' dir='ltr'>aeque</span> <span class='ocrx_word' id='word_1_124' title='bbox 765 1089 903 1129; x_wconf 80' lang='lat' dir='ltr'>grave.</span> <span class='ocrx_word' id='word_1_125' title='bbox 965 1074 1046 1114; x_wconf 86' lang='lat' dir='ltr'>Illa</span> <span class='ocrx_word' id='word_1_126' title='bbox 1085 1077 1245 1127; x_wconf 88' lang='lat' dir='ltr'>autem,</span> <span class='ocrx_word' id='word_1_127' title='bbox 1283 1087 1389 1126; x_wconf 89' lang='lat' dir='ltr'>quae</span> <span class='ocrx_word' id='word_1_128' title='bbox 1427 1075 1502 1114; x_wconf 89' lang='lat' dir='ltr'>aut</span> 
     </span>
     <span class='ocr_line' id='line_1_18' title="bbox 164 1131 1503 1186; baseline -0.003 -11"><span class='ocrx_word' id='word_1_129' title='bbox 164 1133 476 1176; x_wconf 72' lang='lat' dir='ltr'>conciliationis</span> <span class='ocrx_word' id='word_1_130' title='bbox 527 1148 654 1174; x_wconf 87' lang='lat' dir='ltr'>causa</span> <span class='ocrx_word' id='word_1_131' title='bbox 709 1133 861 1174; x_wconf 82' lang='lat' dir='ltr'>leniter</span> <span class='ocrx_word' id='word_1_132' title='bbox 916 1135 991 1173; x_wconf 88' lang='lat' dir='ltr'>aut</span> <span class='ocrx_word' id='word_1_133' title='bbox 1044 1132 1325 1186; x_wconf 72' lang='lat' dir='ltr'>permotionis</span> <span class='ocrx_word' id='word_1_134' title='bbox 1381 1131 1503 1172; x_wconf 83' lang='lat' dir='ltr'>vehe-</span> 
     </span>
     <span class='ocr_line' id='line_1_19' title="bbox 163 1189 1502 1247; baseline -0.003 -14"><span class='ocrx_word' id='word_1_135' title='bbox 163 1196 328 1234; x_wconf 84' lang='lat' dir='ltr'>menter</span> <span class='ocrx_word' id='word_1_136' title='bbox 366 1195 568 1247; x_wconf 80' lang='lat' dir='ltr'>aguntur,</span> <span class='ocrx_word' id='word_1_137' title='bbox 612 1191 835 1233; x_wconf 87' lang='lat' dir='ltr'>contrariis</span> <span class='ocrx_word' id='word_1_138' title='bbox 875 1190 1234 1232; x_wconf 88' lang='lat' dir='ltr'>commotionibus</span> <span class='ocrx_word' id='word_1_139' title='bbox 1274 1189 1502 1230; x_wconf 87' lang='lat' dir='ltr'>auferenda</span> 
     </span>
     <span class='ocr_line' id='line_1_20' title="bbox 166 1247 1503 1304; baseline -0.003 -13"><span class='ocrx_word' id='word_1_140' title='bbox 166 1254 282 1303; x_wconf 89' lang='lat' dir='ltr'>sunt,</span> <span class='ocrx_word' id='word_1_141' title='bbox 329 1253 378 1291; x_wconf 88' lang='lat' dir='ltr'>ut</span> <span class='ocrx_word' id='word_1_142' title='bbox 423 1250 518 1290; x_wconf 84' lang='lat' dir='ltr'>odio</span> <span class='ocrx_word' id='word_1_143' title='bbox 563 1249 870 1304; x_wconf 78' lang='lat' dir='ltr'>benivolentia,</span> <span class='ocrx_word' id='word_1_144' title='bbox 918 1252 966 1289; x_wconf 90' lang='lat' dir='ltr'>ut</span> <span class='ocrx_word' id='word_1_145' title='bbox 1009 1247 1300 1289; x_wconf 85' lang='lat' dir='ltr'>misericordia</span> <span class='ocrx_word' id='word_1_146' title='bbox 1342 1247 1503 1288; x_wconf 82' lang='lat' dir='ltr'>invidia</span> 
     </span>
     <span class='ocr_line' id='line_1_21' title="bbox 163 1309 1554 1350; baseline -0.002 -1"><span class='ocrx_word' id='word_1_147' title='bbox 163 1309 352 1350; x_wconf 87' lang='lat' dir='ltr'>tollatur.</span> <span class='ocrx_word' id='word_1_148' title='bbox 1520 1322 1554 1346; x_wconf 84' lang='lat'>20</span> 
     </span>
     <span class='ocr_line' id='line_1_22' title="bbox 93 1363 1502 1418; baseline -0.003 -10"><span class='ocrx_word' id='word_1_149' title='bbox 93 1366 151 1408; x_wconf 80' lang='lat'>54</span> <span class='ocrx_word' id='word_1_150' title='bbox 285 1366 435 1407; x_wconf 77' lang='lat' dir='ltr'>Suavis</span> <span class='ocrx_word' id='word_1_151' title='bbox 463 1370 604 1407; x_wconf 85' lang='lat' dir='ltr'>autem</span> <span class='ocrx_word' id='word_1_152' title='bbox 631 1369 696 1407; x_wconf 90' lang='lat' dir='ltr'>est</span> <span class='ocrx_word' id='word_1_153' title='bbox 723 1368 765 1406; x_wconf 91' lang='lat' dir='ltr'>et</span> <span class='ocrx_word' id='word_1_154' title='bbox 790 1365 1062 1406; x_wconf 74' lang='lat' dir='ltr'>vehementer</span> <span class='ocrx_word' id='word_1_155' title='bbox 1087 1379 1212 1418; x_wconf 87' lang='lat' dir='ltr'>saepe</span> <span class='ocrx_word' id='word_1_156' title='bbox 1237 1363 1357 1405; x_wconf 82' lang='lat' dir='ltr'>utilis</span> <span class='ocrx_word' id='word_1_157' title='bbox 1382 1364 1502 1405; x_wconf 88' lang='lat' dir='ltr'>iocus</span> 
     </span>
     <span class='ocr_line' id='line_1_23' title="bbox 166 1422 1503 1479; baseline -0.003 -13"><span class='ocrx_word' id='word_1_158' title='bbox 166 1429 208 1467; x_wconf 89' lang='lat' dir='ltr'>et</span> <span class='ocrx_word' id='word_1_159' title='bbox 238 1425 438 1479; x_wconf 67' lang='lat' dir='ltr'>facetiae,</span> <span class='ocrx_word' id='word_1_160' title='bbox 470 1439 590 1478; x_wconf 86' lang='lat' dir='ltr'>quae,</span> <span class='ocrx_word' id='word_1_161' title='bbox 622 1424 752 1465; x_wconf 83' lang='lat' dir='ltr'>etiam</span> <span class='ocrx_word' id='word_1_162' title='bbox 784 1424 820 1464; x_wconf 92' lang='lat' dir='ltr'>si</span> <span class='ocrx_word' id='word_1_163' title='bbox 853 1423 936 1464; x_wconf 86' lang='lat' dir='ltr'>alia</span> <span class='ocrx_word' id='word_1_164' title='bbox 968 1423 1112 1464; x_wconf 84' lang='lat' dir='ltr'>omnia</span> <span class='ocrx_word' id='word_1_165' title='bbox 1143 1422 1255 1463; x_wconf 87' lang='lat' dir='ltr'>tradi</span> <span class='ocrx_word' id='word_1_166' title='bbox 1287 1425 1377 1463; x_wconf 85' lang='lat' dir='ltr'>arte</span> <span class='ocrx_word' id='word_1_167' title='bbox 1408 1436 1503 1476; x_wconf 91' lang='lat' dir='ltr'>pos—</span> 
     </span>
     <span class='ocr_line' id='line_1_24' title="bbox 166 1481 1502 1537; baseline -0.003 -13"><span class='ocrx_word' id='word_1_168' title='bbox 166 1487 283 1537; x_wconf 86' lang='lat' dir='ltr'>sunt,</span> <span class='ocrx_word' id='word_1_169' title='bbox 320 1486 498 1524; x_wconf 89' lang='lat' dir='ltr'>naturae</span> <span class='ocrx_word' id='word_1_170' title='bbox 537 1485 636 1523; x_wconf 92' lang='lat' dir='ltr'>sunt</span> <span class='ocrx_word' id='word_1_171' title='bbox 674 1481 847 1536; x_wconf 87' lang='lat' dir='ltr'>propria</span> <span class='ocrx_word' id='word_1_172' title='bbox 886 1484 998 1523; x_wconf 90' lang='lat' dir='ltr'>certe</span> <span class='ocrx_word' id='word_1_173' title='bbox 1035 1495 1171 1534; x_wconf 90' lang='lat' dir='ltr'>neque</span> <span class='ocrx_word' id='word_1_174' title='bbox 1202 1481 1334 1521; x_wconf 88' lang='lat' dir='ltr'>ullam</span> <span class='ocrx_word' id='word_1_175' title='bbox 1367 1483 1502 1521; x_wconf 84' lang='lat' dir='ltr'>artem</span> 
     </span>
     <span class='ocr_line' id='line_1_25' title="bbox 166 1537 1503 1594; baseline -0.004 -11"><span class='ocrx_word' id='word_1_176' title='bbox 166 1542 417 1583; x_wconf 88' lang='lat' dir='ltr'>desiderant.</span> <span class='ocrx_word' id='word_1_177' title='bbox 479 1541 531 1581; x_wconf 88' lang='lat' dir='ltr'>In</span> <span class='ocrx_word' id='word_1_178' title='bbox 569 1540 723 1594; x_wconf 84' lang='lat' dir='ltr'>quibus</span> <span class='ocrx_word' id='word_1_179' title='bbox 762 1544 810 1580; x_wconf 87' lang='lat' dir='ltr'>tu</span> <span class='ocrx_word' id='word_1_180' title='bbox 846 1540 973 1594; x_wconf 83' lang='lat' dir='ltr'>longe</span> <span class='ocrx_word' id='word_1_181' title='bbox 1011 1539 1105 1580; x_wconf 85' lang='lat' dir='ltr'>aliis</span> <span class='ocrx_word' id='word_1_182' title='bbox 1147 1553 1242 1579; x_wconf 86' lang='lat' dir='ltr'>mea</span> <span class='ocrx_word' id='word_1_183' title='bbox 1279 1537 1503 1592; x_wconf 86' lang='lat' dir='ltr'>sententia,</span> 
     </span>
     <span class='ocr_line' id='line_1_26' title="bbox 167 1596 1555 1653; baseline -0.002 -12"><span class='ocrx_word' id='word_1_184' title='bbox 167 1599 334 1653; x_wconf 84' lang='lat' dir='ltr'>Caesar,</span> <span class='ocrx_word' id='word_1_185' title='bbox 366 1599 555 1653; x_wconf 71' lang='lat' dir='ltr'>excellis,</span> <span class='ocrx_word' id='word_1_186' title='bbox 589 1612 671 1652; x_wconf 87' lang='lat' dir='ltr'>quo</span> <span class='ocrx_word' id='word_1_187' title='bbox 703 1598 841 1653; x_wconf 82' lang='lat' dir='ltr'>magis</span> <span class='ocrx_word' id='word_1_188' title='bbox 873 1597 979 1638; x_wconf 89' lang='lat' dir='ltr'>mihi</span> <span class='ocrx_word' id='word_1_189' title='bbox 1006 1597 1135 1638; x_wconf 88' lang='lat' dir='ltr'>etiam</span> <span class='ocrx_word' id='word_1_190' title='bbox 1162 1599 1236 1637; x_wconf 82' lang='lat' dir='ltr'>aut</span> <span class='ocrx_word' id='word_1_191' title='bbox 1260 1596 1383 1637; x_wconf 85' lang='lat' dir='ltr'>testis</span> <span class='ocrx_word' id='word_1_192' title='bbox 1411 1602 1502 1637; x_wconf 85' lang='lat' dir='ltr'>esse</span> <span class='ocrx_word' id='word_1_193' title='bbox 1522 1612 1555 1638; x_wconf 74' lang='lat'>25</span> 
     </span>
     <span class='ocr_line' id='line_1_27' title="bbox 165 1633 1503 1712; baseline -0.003 -14"><span class='ocrx_word' id='word_1_194' title='bbox 165 1661 288 1712; x_wconf 90' lang='lat' dir='ltr'>potes</span> <span class='ocrx_word' id='word_1_195' title='bbox 319 1658 481 1698; x_wconf 88' lang='lat' dir='ltr'>nullam</span> <span class='ocrx_word' id='word_1_196' title='bbox 513 1671 604 1697; x_wconf 90' lang='lat' dir='ltr'>esse</span> <span class='ocrx_word' id='word_1_197' title='bbox 637 1659 773 1696; x_wconf 89' lang='lat' dir='ltr'>artem</span> <span class='ocrx_word' id='word_1_198' title='bbox 777 1633 900 1696; x_wconf 46' lang='grc' dir='ltr'>ζ,391113</span> <span class='ocrx_word' id='word_1_199' title='bbox 933 1658 1018 1709; x_wconf 90' lang='lat' dir='ltr'>aut,</span> <span class='ocrx_word' id='word_1_200' title='bbox 1050 1655 1085 1696; x_wconf 87' lang='lat' dir='ltr'>si</span> <span class='ocrx_word' id='word_1_201' title='bbox 1118 1669 1201 1708; x_wconf 89' lang='lat' dir='ltr'>qua</span> <span class='ocrx_word' id='word_1_202' title='bbox 1227 1657 1305 1708; x_wconf 91' lang='lat' dir='ltr'>est,</span> <span class='ocrx_word' id='word_1_203' title='bbox 1336 1668 1430 1694; x_wconf 86' lang='lat' dir='ltr'>eam</span> <span class='ocrx_word' id='word_1_204' title='bbox 1455 1656 1503 1695; x_wconf 92' lang='lat' dir='ltr'>tu</span> 
     </span>
     <span class='ocr_line' id='line_1_28' title="bbox 96 1712 1503 1770; baseline -0.003 -14"><span class='ocrx_word' id='word_1_205' title='bbox 96 1715 439 1770; x_wconf 79' lang='lat' dir='ltr'>217potissimum</span> <span class='ocrx_word' id='word_1_206' title='bbox 476 1729 554 1755; x_wconf 89' lang='lat' dir='ltr'>nos</span> <span class='ocrx_word' id='word_1_207' title='bbox 593 1715 752 1755; x_wconf 89' lang='lat' dir='ltr'>docere.</span> <span class='ocrx_word' id='word_1_208' title='bbox 815 1713 910 1768; x_wconf 82' lang='lat' dir='ltr'>Ego</span> <span class='ocrx_word' id='word_1_209' title='bbox 948 1727 1067 1767; x_wconf 85' lang='lat' dir='ltr'>vero,</span> <span class='ocrx_word' id='word_1_210' title='bbox 1103 1712 1262 1767; x_wconf 82' lang='lat' dir='ltr'>inquit,</span> <span class='ocrx_word' id='word_1_211' title='bbox 1299 1712 1415 1753; x_wconf 86' lang='lat' dir='ltr'>omni</span> <span class='ocrx_word' id='word_1_212' title='bbox 1453 1712 1503 1753; x_wconf 93' lang='lat' dir='ltr'>de</span> 
     </span>
     <span class='ocr_line' id='line_1_29' title="bbox 165 1770 1504 1826; baseline -0.003 -12"><span class='ocrx_word' id='word_1_213' title='bbox 165 1789 210 1815; x_wconf 88' lang='lat' dir='ltr'>re</span> <span class='ocrx_word' id='word_1_214' title='bbox 247 1774 416 1814; x_wconf 84' lang='lat' dir='ltr'>facilius</span> <span class='ocrx_word' id='word_1_215' title='bbox 453 1775 558 1826; x_wconf 84' lang='lat' dir='ltr'>puto</span> <span class='ocrx_word' id='word_1_216' title='bbox 598 1787 688 1813; x_wconf 90' lang='lat' dir='ltr'>esse</span> <span class='ocrx_word' id='word_1_217' title='bbox 721 1772 774 1813; x_wconf 83' lang='lat' dir='ltr'>ab</span> <span class='ocrx_word' id='word_1_218' title='bbox 811 1771 992 1812; x_wconf 87' lang='lat' dir='ltr'>homine</span> <span class='ocrx_word' id='word_1_219' title='bbox 1013 1785 1101 1812; x_wconf 90' lang='lat' dir='ltr'>non</span> <span class='ocrx_word' id='word_1_220' title='bbox 1131 1770 1341 1811; x_wconf 85' lang='lat' dir='ltr'>inurbano</span> <span class='ocrx_word' id='word_1_221' title='bbox 1375 1785 1504 1825; x_wconf 88' lang='lat' dir='ltr'>quam</span> 
     </span>
     <span class='ocr_line' id='line_1_30' title="bbox 167 1829 1503 1886; baseline -0.003 -13"><span class='ocrx_word' id='word_1_222' title='bbox 167 1833 216 1873; x_wconf 90' lang='lat' dir='ltr'>de</span> <span class='ocrx_word' id='word_1_223' title='bbox 259 1831 395 1886; x_wconf 86' lang='lat' dir='ltr'>ipsius</span> <span class='ocrx_word' id='word_1_224' title='bbox 444 1830 611 1872; x_wconf 84' lang='lat' dir='ltr'>facetiis</span> <span class='ocrx_word' id='word_1_225' title='bbox 661 1829 880 1884; x_wconf 86' lang='lat' dir='ltr'>disputari.</span> <span class='ocrx_word' id='word_1_226' title='bbox 954 1829 1105 1882; x_wconf 84' lang='lat' dir='ltr'>Itaque</span> <span class='ocrx_word' id='word_1_227' title='bbox 1156 1843 1252 1870; x_wconf 88' lang='lat' dir='ltr'>cum</span> <span class='ocrx_word' id='word_1_228' title='bbox 1296 1829 1503 1882; x_wconf 84' lang='lat' dir='ltr'>quosdam</span> 
     </span>
     <span class='ocr_line' id='line_1_31' title="bbox 168 1885 1555 1954; baseline -0.003 -23"><span class='ocrx_word' id='word_1_229' title='bbox 168 1890 353 1931; x_wconf 83' lang='lat' dir='ltr'>Graecos</span> <span class='ocrx_word' id='word_1_230' title='bbox 384 1889 615 1954; x_wconf 81' lang='lat' dir='ltr'>inscriptos</span> <span class='ocrx_word' id='word_1_231' title='bbox 646 1889 780 1929; x_wconf 90' lang='lat' dir='ltr'>libros</span> <span class='ocrx_word' id='word_1_232' title='bbox 813 1902 904 1928; x_wconf 90' lang='lat' dir='ltr'>esse</span> <span class='ocrx_word' id='word_1_233' title='bbox 935 1887 1136 1928; x_wconf 76' lang='lat' dir='ltr'>vidissem</span> <span class='ocrx_word' id='word_1_234' title='bbox 1173 1885 1271 1940; x_wconf 80' lang='grc' dir='ltr'><em>περὶ</em></span> <span class='ocrx_word' id='word_1_235' title='bbox 1308 1889 1500 1940; x_wconf 71' lang='grc' dir='ltr'><em>γελοίου,</em></span> <span class='ocrx_word' id='word_1_236' title='bbox 1519 1903 1555 1928; x_wconf 80' lang='grc' dir='ltr'>3ο</span> 
     </span>
     <span class='ocr_line' id='line_1_32' title="bbox 165 1944 1504 2001; baseline -0.003 -12"><span class='ocrx_word' id='word_1_237' title='bbox 165 1949 416 1989; x_wconf 86' lang='lat' dir='ltr'>nonnullam</span> <span class='ocrx_word' id='word_1_238' title='bbox 458 1947 504 1988; x_wconf 86' lang='lat' dir='ltr'>in</span> <span class='ocrx_word' id='word_1_239' title='bbox 553 1962 671 2001; x_wconf 87' lang='lat' dir='ltr'>spem</span> <span class='ocrx_word' id='word_1_240' title='bbox 713 1960 912 1987; x_wconf 86' lang='lat' dir='ltr'>veneram</span> <span class='ocrx_word' id='word_1_241' title='bbox 953 1959 1079 1999; x_wconf 89' lang='lat' dir='ltr'>posse</span> <span class='ocrx_word' id='word_1_242' title='bbox 1123 1960 1190 1986; x_wconf 89' lang='lat' dir='ltr'>me</span> <span class='ocrx_word' id='word_1_243' title='bbox 1234 1960 1284 1986; x_wconf 81' lang='lat' dir='ltr'>ex</span> <span class='ocrx_word' id='word_1_244' title='bbox 1325 1945 1379 1985; x_wconf 86' lang='lat' dir='ltr'>iis</span> <span class='ocrx_word' id='word_1_245' title='bbox 1430 1944 1504 1985; x_wconf 85' lang='lat' dir='ltr'>ali-</span> 
     </span>
     <span class='ocr_line' id='line_1_33' title="bbox 167 2003 1504 2060; baseline -0.003 -13"><span class='ocrx_word' id='word_1_246' title='bbox 167 2007 268 2060; x_wconf 88' lang='lat' dir='ltr'>quid</span> <span class='ocrx_word' id='word_1_247' title='bbox 306 2006 478 2047; x_wconf 91' lang='lat' dir='ltr'>discere.</span> <span class='ocrx_word' id='word_1_248' title='bbox 551 2005 700 2046; x_wconf 78' lang='lat' dir='ltr'>Inveni</span> <span class='ocrx_word' id='word_1_249' title='bbox 739 2007 882 2045; x_wconf 85' lang='lat' dir='ltr'>autem</span> <span class='ocrx_word' id='word_1_250' title='bbox 917 2003 1095 2045; x_wconf 88' lang='lat' dir='ltr'>ridicula</span> <span class='ocrx_word' id='word_1_251' title='bbox 1139 2006 1181 2044; x_wconf 91' lang='lat' dir='ltr'>et</span> <span class='ocrx_word' id='word_1_252' title='bbox 1219 2003 1332 2044; x_wconf 84' lang='lat' dir='ltr'>salsa</span> <span class='ocrx_word' id='word_1_253' title='bbox 1368 2003 1504 2043; x_wconf 88' lang='lat' dir='ltr'>multa</span> 
     </span>
     <span class='ocr_line' id='line_1_34' title="bbox 168 2060 1504 2116; baseline -0.003 -11"><span class='ocrx_word' id='word_1_254' title='bbox 168 2064 429 2105; x_wconf 82' lang='lat' dir='ltr'>Graecorum</span> <span class='ocrx_word' id='word_1_255' title='bbox 463 2088 512 2093; x_wconf 87' lang='lat'>-—-</span> <span class='ocrx_word' id='word_1_256' title='bbox 546 2078 647 2104; x_wconf 86' lang='lat' dir='ltr'>nam</span> <span class='ocrx_word' id='word_1_257' title='bbox 678 2066 720 2104; x_wconf 92' lang='lat' dir='ltr'>et</span> <span class='ocrx_word' id='word_1_258' title='bbox 753 2062 886 2104; x_wconf 81' lang='lat' dir='ltr'>Siculi</span> <span class='ocrx_word' id='word_1_259' title='bbox 921 2062 968 2102; x_wconf 93' lang='lat' dir='ltr'>in</span> <span class='ocrx_word' id='word_1_260' title='bbox 1005 2076 1053 2103; x_wconf 90' lang='lat' dir='ltr'>eo</span> <span class='ocrx_word' id='word_1_261' title='bbox 1088 2076 1239 2116; x_wconf 83' lang='lat' dir='ltr'>genere</span> <span class='ocrx_word' id='word_1_262' title='bbox 1273 2064 1314 2102; x_wconf 88' lang='lat' dir='ltr'>et</span> <span class='ocrx_word' id='word_1_263' title='bbox 1344 2060 1504 2102; x_wconf 87' lang='lat' dir='ltr'>Rhodii</span> 
     </span>
     <span class='ocr_line' id='line_1_35' title="bbox 167 2119 1504 2176; baseline -0.003 -13"><span class='ocrx_word' id='word_1_264' title='bbox 167 2126 210 2164; x_wconf 90' lang='lat' dir='ltr'>et</span> <span class='ocrx_word' id='word_1_265' title='bbox 235 2122 432 2176; x_wconf 83' lang='lat' dir='ltr'>Byzantii</span> <span class='ocrx_word' id='word_1_266' title='bbox 465 2125 506 2162; x_wconf 89' lang='lat' dir='ltr'>et</span> <span class='ocrx_word' id='word_1_267' title='bbox 536 2124 705 2176; x_wconf 88' lang='lat' dir='ltr'>praeter</span> <span class='ocrx_word' id='word_1_268' title='bbox 736 2123 898 2162; x_wconf 89' lang='lat' dir='ltr'>ceteros</span> <span class='ocrx_word' id='word_1_269' title='bbox 924 2120 1061 2161; x_wconf 86' lang='lat' dir='ltr'>Attici</span> <span class='ocrx_word' id='word_1_270' title='bbox 1093 2120 1305 2161; x_wconf 81' lang='lat' dir='ltr'>excellunt</span> <span class='ocrx_word' id='word_1_271' title='bbox 1331 2143 1400 2173; x_wconf 90' lang='lat'>—,</span> <span class='ocrx_word' id='word_1_272' title='bbox 1431 2119 1504 2159; x_wconf 91' lang='lat' dir='ltr'>sed</span> 
     </span>
     <span class='ocr_line' id='line_1_36' title="bbox 168 2178 1556 2235; baseline -0.002 -14"><span class='ocrx_word' id='word_1_273' title='bbox 168 2181 242 2235; x_wconf 85' lang='lat' dir='ltr'>qui</span> <span class='ocrx_word' id='word_1_274' title='bbox 273 2180 362 2221; x_wconf 87' lang='lat' dir='ltr'>eius</span> <span class='ocrx_word' id='word_1_275' title='bbox 394 2180 456 2220; x_wconf 86' lang='lat' dir='ltr'>rei</span> <span class='ocrx_word' id='word_1_276' title='bbox 486 2180 697 2220; x_wconf 86' lang='lat' dir='ltr'>rationem</span> <span class='ocrx_word' id='word_1_277' title='bbox 730 2179 941 2232; x_wconf 87' lang='lat' dir='ltr'>quandam</span> <span class='ocrx_word' id='word_1_278' title='bbox 973 2178 1114 2219; x_wconf 90' lang='lat' dir='ltr'>conati</span> <span class='ocrx_word' id='word_1_279' title='bbox 1153 2181 1253 2219; x_wconf 88' lang='lat' dir='ltr'>sunt</span> <span class='ocrx_word' id='word_1_280' title='bbox 1285 2179 1502 2230; x_wconf 87' lang='lat' dir='ltr'>artemque</span> <span class='ocrx_word' id='word_1_281' title='bbox 1522 2192 1556 2218; x_wconf 80' lang='lat'>35</span> 
     </span>
     <span class='ocr_line' id='line_1_37' title="bbox 167 2236 1503 2293; baseline -0.004 -13"><span class='ocrx_word' id='word_1_282' title='bbox 167 2239 352 2293; x_wconf 86' lang='lat' dir='ltr'>tradere,</span> <span class='ocrx_word' id='word_1_283' title='bbox 389 2238 449 2280; x_wconf 91' lang='lat' dir='ltr'>sic</span> <span class='ocrx_word' id='word_1_284' title='bbox 491 2237 644 2279; x_wconf 87' lang='lat' dir='ltr'>insulsi</span> <span class='ocrx_word' id='word_1_285' title='bbox 682 2237 932 2290; x_wconf 82' lang='lat' dir='ltr'>extiterunt,</span> <span class='ocrx_word' id='word_1_286' title='bbox 968 2239 1016 2277; x_wconf 91' lang='lat' dir='ltr'>ut</span> <span class='ocrx_word' id='word_1_287' title='bbox 1058 2236 1166 2276; x_wconf 89' lang='lat' dir='ltr'>nihil</span> <span class='ocrx_word' id='word_1_288' title='bbox 1204 2236 1318 2277; x_wconf 89' lang='lat' dir='ltr'>aliud</span> <span class='ocrx_word' id='word_1_289' title='bbox 1356 2249 1503 2276; x_wconf 89' lang='lat' dir='ltr'>eorum</span> 
     </span>
     <span class='ocr_line' id='line_1_38' title="bbox 98 2270 1503 2352; baseline -0.004 -13"><span class='ocrx_word' id='word_1_290' title='bbox 98 2297 251 2339; x_wconf 82' lang='lat' dir='ltr'>218nisi</span> <span class='ocrx_word' id='word_1_291' title='bbox 280 2297 376 2352; x_wconf 85' lang='lat' dir='ltr'>ipsa</span> <span class='ocrx_word' id='word_1_292' title='bbox 405 2296 625 2338; x_wconf 89' lang='lat' dir='ltr'>insulsitas</span> <span class='ocrx_word' id='word_1_293' title='bbox 652 2295 850 2337; x_wconf 89' lang='lat' dir='ltr'>rideatur.</span> <span class='ocrx_word' id='word_1_294' title='bbox 895 2270 1033 2343; x_wconf 86' lang='lat' dir='ltr'>Quare</span> <span class='ocrx_word' id='word_1_295' title='bbox 1060 2294 1165 2335; x_wconf 91' lang='lat' dir='ltr'>mihi</span> <span class='ocrx_word' id='word_1_296' title='bbox 1192 2294 1361 2348; x_wconf 89' lang='lat' dir='ltr'>quidem</span> <span class='ocrx_word' id='word_1_297' title='bbox 1384 2292 1503 2334; x_wconf 89' lang='lat' dir='ltr'>nullo</span> 
     </span>
    </p>
   </div>
  </div>
 </body>
</html>
