1643 2526
156 125 241 166 142
668 124 731 159 DE
759 123 984 160 ORATORE

86 220 282 262 288dere.
325 218 599 275 Colliguntur
619 235 644 261 a
665 219 838 261 Graecis
860 218 944 260 alia
965 218 1184 273 nonnulla,
1209 219 1498 261 execrationes

157 278 459 320 admirationes
498 278 766 320 minationes.
830 276 912 319 Sed
949 277 1054 319 haec
1093 277 1189 331 ipsa
1227 277 1356 319 nimis
1393 277 1500 319 mihi

154 337 301 378 videor
331 337 377 378 in
408 337 546 378 multa
583 351 739 392 genera
777 336 1054 390 discripsisse.
1117 335 1230 376 Nam
1259 335 1353 389 illa,
1391 350 1499 390 quae

155 396 275 436 verbi
306 395 472 436 ratione
505 398 548 436 et
579 395 621 436 vi
653 394 937 448 continentur,
979 397 1094 436 certa
1125 394 1212 435 fere
1245 409 1293 435 ac
1325 394 1500 435 definita

157 457 275 508 sunt,
319 468 426 507 quae
469 454 736 508 plerumque,
776 456 825 493 ut
866 456 963 493 ante
1006 452 1110 507 dixi,
1152 452 1316 493 laudari
1360 452 1535 508 magis5

87 520 285 566 289quam
317 511 445 552 rideri
477 512 626 553 solent.
686 511 804 552 Haec
837 514 998 565 autem,
1036 525 1141 565 quae
1174 513 1274 551 sunt
1303 510 1350 551 in
1380 525 1425 551 re
1458 513 1500 552 et

155 570 251 624 ipsa
283 570 514 624 sententia,
553 570 747 624 partibus
781 572 880 610 sunt
910 569 1239 610 innumerabilia
1273 569 1500 624 generibus

156 643 302 683 pauca.
364 628 749 682 Expectationibus
794 627 906 668 enim
950 627 1208 681 decipiendis
1251 631 1293 668 et
1333 627 1499 668 naturis

158 687 340 728 aliorum
372 687 603 727 inridendis
634 686 827 740 ipsorum
852 685 1027 727 ridicule
1053 685 1289 726 indicandis
1319 688 1361 726 et
1388 685 1501 726 simi—

156 745 335 786 litudine
373 745 577 798 turpioris
613 748 655 785 et
688 744 1025 785 dissimulatione
1065 747 1107 785 et
1145 744 1410 784 subabsurda
1441 744 1499 784 di·
1522 761 1556 786 ιο

158 803 290 844 cendo
318 806 360 844 et
386 803 519 844 stulta
550 802 893 856 reprehendendo
926 802 1036 843 risus
1068 805 1304 843 moventur.
1350 802 1500 856 Itaque

156 861 395 902 inbuendus
423 864 488 902 est
513 861 563 914 is,
595 861 667 914 qui
697 861 840 901 iocose
872 860 987 901 volet
1019 860 1167 914 dicere,
1200 860 1320 913 quasi
1345 863 1501 902 natura

158 920 341 972 quadam
374 922 474 973 apta
506 919 557 960 ad
586 919 689 960 haec
718 933 872 973 genera
898 922 940 959 et
966 918 1169 972 moribus,
1202 921 1249 959 ut
1281 919 1333 959 ad
1365 919 1502 960 cuius-

157 992 239 1031 que
277 977 392 1018 modi
432 992 565 1032 genus
603 977 771 1018 ridiculi
809 977 951 1017 voltus
983 977 1113 1018 etiam
1146 977 1501 1032 accommodetur,

159 1036 232 1089 qui
253 1036 424 1089 quidem
445 1050 527 1089 quo
550 1035 736 1076 severior
763 1038 827 1076 est
854 1038 896 1076 et
921 1035 1087 1076 tristior
1112 1038 1160 1076 ut
1185 1035 1229 1075 in
1255 1038 1309 1090 te,
1336 1033 1500 1089 Crasse,
1520 1051 1553 1077 15

157 1094 239 1135 hoc
270 1094 345 1134 illa
377 1108 483 1147 quae
516 1094 714 1135 dicuntur
746 1093 925 1134 salsiora
955 1093 1088 1134 videri
1121 1093 1270 1134 solent.

89 1161 156 1193 290
279 1151 361 1193 Sed
396 1152 484 1192 iam
522 1155 587 1206 tu,
624 1151 804 1205 Antoni,
843 1151 916 1206 qui
952 1152 998 1191 in
1028 1152 1109 1192 hoc
1141 1151 1385 1192 devorsorio
1418 1166 1501 1193 ser-

158 1210 296 1251 monis
335 1210 418 1251 mei
456 1210 637 1250 libenter
675 1210 972 1263 adquieturum
1010 1213 1051 1250 te
1084 1224 1174 1250 esse
1207 1209 1370 1264 dixisti,
1410 1213 1502 1251 tan-

159 1284 286 1323 quam
311 1268 356 1308 in
382 1268 659 1322 Pomptinum
685 1268 928 1322 deverteris,
952 1282 1087 1321 neque
1115 1283 1340 1309 amoenum
1364 1282 1500 1322 neque

159 1327 373 1368 salubrem
404 1327 564 1381 locum,
602 1341 774 1379 censeo,
814 1330 862 1367 ut
895 1326 999 1367 satis
1032 1326 1104 1367 diu
1136 1329 1178 1367 te
1210 1329 1333 1380 putes
1365 1326 1500 1380 requi·
1520 1343 1554 1368 20

159 1399 250 1426 esse
271 1388 313 1426 et
331 1385 413 1426 iter
434 1385 645 1438 reliquum
672 1385 877 1426 conficere
902 1399 1067 1439 pergas.
1112 1384 1207 1440 Ego
1234 1398 1347 1439 vero,
1373 1387 1499 1439 atque

157 1443 292 1484 hilare
326 1443 496 1496 quidem
527 1458 551 1484 a
583 1446 624 1484 te
657 1446 874 1497 acceptus,
906 1443 1064 1497 inquit,
1099 1446 1141 1484 et
1173 1457 1301 1497 quom
1333 1443 1501 1484 doctior

157 1516 233 1556 per
270 1505 311 1542 te
350 1505 443 1542 tum
481 1502 611 1542 etiam
649 1501 848 1557 audacior
883 1501 1022 1542 factus
1060 1501 1146 1542 iam
1179 1501 1231 1541 ad
1261 1501 1499 1542 iocandum.

158 1559 259 1600 Non
291 1560 403 1600 enim
428 1574 575 1600 vereor
605 1574 658 1600 ne
691 1559 785 1613 quis
818 1574 884 1600 me
916 1559 961 1599 in
991 1559 1077 1600 isto
1111 1573 1264 1614 genere
1295 1559 1499 1600 leviorem

157 1617 245 1659 iam
269 1621 404 1671 putet,
433 1618 634 1672 quoniam
661 1618 830 1671 quidem
856 1621 904 1658 tu
923 1617 1144 1658 Fabricios
1171 1617 1276 1657 mihi
1303 1620 1497 1658 auctores
1519 1633 1552 1660 25

88 1678 202 1717 291et
227 1675 454 1717 Africanos
481 1675 691 1716 Maximos
720 1674 903 1716 Catones
928 1674 1112 1728 Lepidos
1138 1675 1369 1729 protulisti.
1417 1674 1500 1717 Sed

157 1733 326 1775 habetis
354 1748 414 1788 ea,
440 1748 546 1786 quae
566 1733 695 1774 voltis
722 1747 771 1773 ex
798 1748 864 1774 me
891 1733 1047 1787 audire,
1073 1733 1121 1773 de
1149 1732 1302 1786 quibus
1330 1733 1500 1787 quidem

159 1791 398 1833 accuratius
431 1792 654 1832 dicendum
687 1795 729 1832 et
760 1791 1034 1846 cogitandum
1066 1791 1158 1832 fuit.
1220 1790 1333 1832 Nam
1360 1795 1500 1833 cetera

158 1849 352 1891 faciliora
385 1853 483 1891 sunt
515 1853 642 1903 atque
681 1864 731 1890 ex
767 1849 839 1902 iis,
879 1863 985 1903 quae
1023 1849 1137 1890 dicta
1175 1852 1293 1903 sunt,
1335 1850 1500 1904 reliqua

91 1908 144 1950 72
158 1911 392 1949 nascuntur
433 1908 585 1949 omnia.
646 1907 741 1962 Ego
784 1907 897 1948 enim
937 1921 1066 1961 quom
1105 1908 1156 1948 ad
1194 1922 1365 1949 causam
1403 1923 1498 1949 sum
1517 1925 1552 1950 30

159 1966 385 2021 adgressus
413 1970 539 2021 atque
567 1966 710 2007 omnia
736 1966 977 2020 cogitando,
1009 1979 1091 2018 quo
1123 1966 1175 2006 ad
1199 1965 1338 2007 facere
1363 1966 1499 2021 potui,

158 2028 425 2079 persecutus,
469 2039 597 2079 quom
635 2027 677 2065 et
715 2026 967 2078 argumenta
1005 2038 1155 2064 causae
1188 2027 1230 2064 et
1262 2038 1333 2065 eos
1365 2025 1500 2076 locos,

160 2082 313 2137 quibus
358 2082 489 2123 animi
531 2082 719 2124 iudicum
757 2081 1056 2135 conciliantur,
1099 2085 1142 2123 et
1180 2082 1296 2133 illos,
1341 2083 1497 2136 quibus

158 2143 480 2195 permoventur,
510 2141 596 2181 vidi
629 2143 754 2194 atque
787 2140 985 2195 cognovi,
1022 2143 1114 2181 tum
1148 2141 1363 2181 constituo
1396 2140 1498 2193 quid

158 2199 315 2240 habeat
353 2213 481 2239 causa
518 2213 707 2252 quaeque
745 2198 865 2252 boni,
905 2198 1006 2252 quid
1043 2198 1155 2239 mali.
1217 2198 1347 2239 Nulla
1384 2198 1497 2239 enim
1515 2215 1551 2240 35

159 2257 247 2298 fere
260 2260 420 2322 ‘potest
451 2271 518 2298 res
549 2257 596 2297 in
627 2257 791 2298 dicendi
828 2256 1181 2310 disceptationem
1220 2259 1293 2297 aut
1331 2259 1499 2298 contro-

160 2315 342 2357 versiam
368 2315 523 2371 vocari,
555 2330 660 2369 quae
690 2329 778 2356 non
807 2315 965 2356 habeat
995 2317 1239 2370 utrumque,
1271 2314 1344 2355 sed
1369 2328 1498 2369 quan-
