1643 2526
155 104 240 146 308
730 99 919 135 BRUTUS

151 198 316 240 hibitus
349 200 475 252 esset,
505 197 669 251 priores
702 199 848 237 tamen
881 208 1006 250 agere
1036 193 1172 248 partis
1198 192 1492 234 Hortensium.

154 257 310 298 Acrem
342 256 455 297 enim
488 258 714 309 oratorem,
745 254 967 295 incensum
998 255 1041 293 et
1068 254 1266 306 agentem
1297 254 1339 292 et
1371 265 1495 292 cano-

154 330 248 356 rum
290 328 520 356 concursus
560 312 783 354 hominum
820 311 986 365 forique
1027 310 1230 364 strepitus
1271 309 1493 350 desiderat.

85 373 298 416 318Unum
329 372 465 427 igitur
496 386 666 426 annum,
698 386 795 412 cum
825 370 1082 411 redissemus
1114 382 1166 409 ex
1195 367 1313 422 Asia,
1345 382 1493 409 causas

155 431 313 473 nobilis
335 431 513 486 egimus,
538 445 634 471 cum
656 432 931 483 quaesturam
950 441 1042 481 nos,
1062 426 1333 468 consulatum
1353 424 1493 480 Cotta,

159 489 421 531 aedilitatem
440 491 605 543 peteret
623 486 894 529 Hortensius.
937 485 1117 526 Interim
1136 499 1203 526 me
1225 459 1494 539 quaestorem

160 548 394 589 Siciliensis
428 546 593 600 excepit
626 560 774 599 annus,
807 543 935 586 Cotta
967 559 1017 584 ex
1050 542 1274 585 consulatu
1306 546 1371 583 est
1401 556 1496 597 pro-

157 607 295 648 fectus
345 606 391 646 111
436 604 639 659 Galliam,
687 604 883 658 princeps
933 606 975 644 et
1024 605 1116 643 erat
1165 604 1208 642 et
1256 601 1495 642 habebatur

159 664 428 706 Hortensius.
503 662 611 704 Cum
655 666 798 703 autem
843 675 953 702 anno
996 663 1096 715 post
1145 674 1195 700 ex
1241 659 1387 701 Sicilia
1429 673 1495 700 me

160 723 427 777 recepissem,
457 722 543 762 iam
574 721 799 762 videbatur
829 720 936 760 illud
968 719 1012 759 in
1037 733 1116 773 me,
1147 710 1364 772 quicquid
1373 720 1497 771 esset,

162 795 253 822 esse
284 780 521 835 perfectum
548 782 590 820 et
615 779 770 820 habere
805 777 1099 818 maturitatem
1126 777 1338 830 quandam
1365 790 1496 816 suam.

162 838 302 880 Nimis
335 838 471 879 multa
502 838 647 878 videor
679 837 729 877 de
755 851 835 891 me,
864 836 956 890 ipse
981 834 1250 899 praesertim,
1283 834 1354 875 sed
1381 833 1497 874 0111111

161 897 261 938 huic
305 896 491 937 sermoni
534 895 803 950 propositum
848 898 930 948 est,
972 908 1059 934 non
1102 896 1150 933 ut
1193 892 1412 947 ingenium
1457 895 1499 932 et

163 955 451 1008 eloquentiam
482 969 620 995 meam
650 953 896 1008 perspicias,
925 952 1036 992 unde
1067 951 1194 1006 longe
1226 951 1389 1005 absum,
1426 950 1499 991 sed

94 1017 211 1056 319ut
243 1014 434 1054 laborem
467 1016 510 1053 et
539 1011 807 1052 industriam.
870 1009 977 1051 Cum
1008 1010 1142 1064 igitur
1175 1023 1310 1050 essem
1333 1009 1378 1049 in
1409 1008 1499 1063 plu-

165 1070 297 1111 rumis
325 1069 463 1110 causis
490 1073 532 1111 et
562 1070 609 1110 in
638 1069 903 1124 principibus
935 1067 1127 1122 patronis
1162 1067 1499 1120 quinquennium

164 1130 251 1170 fere
283 1132 490 1182 versatus,
520 1132 612 1169 tum
643 1128 688 1168 in
719 1126 957 1181 patrocinio
992 1125 1203 1167 Siciliensi
1234 1139 1429 1166 maxume
1454 1125 1499 1165 in

166 1190 381 1229 certamen
401 1187 496 1227 veni
517 1187 764 1241 designatus
786 1185 932 1226 aedilis
960 1199 1056 1226 cum
1076 1184 1299 1238 designato
1326 1183 1498 1224 consule

67 1256 71 1263 ‘
95 1247 151 1288 93
166 1245 411 1286 Hortensio.
463 1244 545 1286 Sed
571 1244 773 1298 quoniam
806 1243 943 1285 omnis
968 1242 1038 1283 hic
1071 1255 1209 1283 sermo
1241 1244 1389 1282 noster
1413 1255 1501 1281 non

167 1304 306 1345 solum
345 1303 708 1344 enumerationem
746 1302 996 1355 oratoriam,
1033 1315 1181 1341 verum
1218 1299 1348 1340 etiam
1384 1313 1501 1353 prae-

167 1365 289 1416 cepta
323 1362 531 1415 quaedam
563 1361 792 1414 desiderat,
825 1359 925 1413 quid
956 1362 1161 1412 tanquam
1191 1358 1427 1399 notandum
1459 1361 1502 1398 et

168 1420 589 1461 animadvertendum
616 1419 673 1460 sit
698 1420 742 1460 in
761 1417 993 1459 Hortensio
1015 1416 1201 1458 breviter
1226 1417 1326 1457 licet
1353 1416 1502 1457 dicere.

97 1478 280 1520 320Nam
322 1479 357 1519 is
401 1481 500 1532 post
538 1478 808 1519 consulatum
849 1501 898 1505 —
939 1475 1063 1517 credo
1102 1475 1213 1528 quod
1254 1474 1416 1515 videret
1453 1488 1503 1514 ex

168 1536 463 1578 consularibus
524 1536 737 1577 neminem
798 1549 889 1576 esse
956 1548 1098 1574 secum
1160 1532 1504 1586 comparandum,

167 1595 414 1649 neglegeret
452 1597 594 1634 autem
633 1608 723 1647 eos,
760 1592 832 1646 qui
871 1592 1067 1633 consules
1105 1605 1191 1632 non
1226 1590 1409 1631 fuissent
1450 1614 1498 1618 —

168 1667 382 1693 summum
418 1652 523 1692 illud
562 1666 686 1692 suum
727 1650 916 1691 studium
956 1649 1141 1702 remisit,
1181 1663 1265 1702 quo
1307 1663 1331 1689 a
1370 1662 1501 1702 puero

167 1710 307 1751 fuerat
344 1710 561 1763 incensus,
599 1712 725 1762 atque
763 1708 808 1748 111
841 1708 1031 1748 omnium
1068 1721 1210 1747 rerum
1242 1706 1504 1747 abundantia

168 1768 304 1808 voluit
336 1767 515 1821 beatius,
545 1770 593 1808 ut
624 1767 715 1820 ipse
740 1766 936 1820 putabat,
967 1764 1185 1805 remissius
1213 1767 1325 1805 certe
1351 1764 1504 1806 vivere.

167 1825 337 1866 Primus
370 1829 413 1867 et
444 1825 652 1866 secundus
686 1839 820 1865 annus
854 1826 895 1864 et
926 1823 1079 1863 tertius
1110 1825 1280 1863 tantum
1307 1822 1428 1876 quasi
1453 1822 1503 1863 de

168 1884 359 1937 picturae
384 1883 539 1924 veteris
567 1883 707 1924 colore
735 1883 988 1935 detraxerat,
1020 1883 1227 1934 quantum
1251 1895 1339 1921 non
1364 1880 1501 1934 quivis

167 1957 277 1982 unus
310 1956 360 1982 ex
391 1942 563 1996 populo,
596 1942 668 1982 sed
694 1940 975 1982 existumator
1001 1939 1150 1980 doctus
1178 1942 1221 1980 et
1251 1939 1504 1994 intellegens

167 2002 314 2054 posset
356 2013 622 2054 cognoscere.
683 1998 874 2053 Longius
916 2000 1058 2038 autem
1098 1997 1330 2051 procedens
1369 2000 1418 2037 ut
1459 1997 1505 2037 111

170 2057 321 2099 ceteris
348 2057 614 2111 eloquentiae
640 2057 847 2111 partibus,
878 2058 970 2096 tum
996 2070 1192 2096 maxume
1216 2055 1262 2096 in
1287 2055 1505 2096 celeritate

170 2119 213 2156 et
239 2115 560 2157 continuatione
586 2116 815 2157 verborum
835 2114 1152 2168 adhaerescens,
1171 2113 1236 2154 sui
1258 2113 1505 2154 dissimilior

99 2173 394 2215 321videbatur
423 2173 516 2214 fieri
549 2172 735 2215 cottidie.
779 2172 871 2213 Nos
905 2174 1047 2213 autem
1077 2186 1164 2212 non
1195 2170 1504 2212 desistebamus

174 2247 271 2273 cum
315 2231 430 2273 omni
475 2245 627 2286 genere
671 2229 987 2272 exercitationis
1031 2233 1124 2270 tum
1166 2244 1362 2270 maxume
1404 2229 1503 2270 stilo

169 2293 366 2331 nostrum
396 2289 503 2331 illud
536 2289 651 2343 quod
683 2292 773 2330 erat
806 2302 972 2343 augere,
1004 2290 1377 2341 quantumcunque
1403 2290 1504 2328 erat.

1517 735 1549 760 10

1519 1025 1552 1051 15

1521 1317 1554 1342 20

1523 1606 1555 1632 25

1522 1898 1557 1923 30

1524 2188 1556 2214 35
