1643 2526
500 69 778 105 ADNOTATIO
805 68 1003 104 CRITICA.
1359 69 1427 103 XV

82 180 170 223 post
207 178 296 213 deus
332 176 535 211 evanuerit.
598 175 669 211 Cfr.
703 187 757 220 pr.
795 174 905 210 Arch.
946 178 1005 216 153
1044 174 1131 209 Hor.
1167 174 1224 209 od.
1256 174 1272 208 I
1301 178 1359 216 10,
1388 178 1425 215 33

85 226 238 263 Παύλου
269 224 360 268 πρὸς
390 225 548 267 Κορινθ.
575 222 591 256 Ι
617 227 649 266 3,
671 227 702 258 6.
741 242 785 247 ——
823 226 864 256 ut
889 226 921 256 et
945 221 1036 256 Las
1068 226 1101 257 ct
1125 222 1217 267 utffl
1245 221 1290 254 P²
1321 225 1363 256 ut
1388 221 1428 255 id

86 273 135 316 lg.
157 276 200 306 23
238 291 282 296 —-
322 273 374 306 19.
413 271 466 305 rei
490 269 591 306 Bake
629 289 672 294 —
712 272 767 303 20.
805 269 981 303 haurietis
1012 269 1103 303 Lae
1143 289 1184 293 —
1221 268 1342 303 P.49.
1371 271 1424 302 14.

85 320 218 354 sentias
242 318 482 363 intelligemus
505 317 644 351 Manub.
674 336 716 341 —-
742 317 815 360 inq.
844 316 899 350 Cr.
928 328 944 350 ε
978 336 1019 340 -
1055 319 1111 350 22.
1137 326 1190 350 me
1215 326 1313 349 riwzc
1340 327 1354 349 ε
1381 335 1427 339 -—

86 369 142 401 34.
165 366 286 410 inquit
298 363 338 398 in
350 364 430 399 cod.
446 365 484 398 et
498 363 554 398 ed.
569 363 684 406 antiq.
698 362 800 397 varie
816 362 1039 396 collocatum
1053 361 1190 397 inclusi
1204 383 1247 387 —
1267 361 1307 396 P.
1323 365 1378 396 50.
1395 363 1426 395 5.

86 423 156 448 esse
176 411 202 446 C
227 413 334 446 etiam
355 411 475 453 Klotz,
501 410 572 444 del.
593 409 750 444 Schuetz
773 429 814 434 —
835 420 903 454 quo
923 410 964 443 cle
991 422 1017 442 ω
1044 430 1085 434 -
1114 410 1321 454 iutelliyaut
1340 407 1424 442 Ern.

88 479 131 484 -
158 463 189 493 7.
216 460 278 503 qui
299 470 315 492 ε
343 477 385 482 -
412 461 444 492 9.
471 458 618 502 quidam
638 459 656 490 λ
671 469 687 491 ε
718 457 859 500 quidem
884 456 930 489 P2’
950 466 1018 491 om.
1039 455 1067 490 L
1092 476 1135 481 —
1156 460 1212 490 29.
1239 460 1271 490 et
1291 467 1346 500 ay.
1366 455 1394 489 L
1410 457 1428 488 λ.

75 525 132 532 --
157 505 195 540 P.
224 510 279 540 51.
305 508 360 540 31.
396 505 521 549 aliqua
547 516 564 538 ε
594 504 697 538 illam
722 503 862 538 Manut.
894 503 1070 547 reliquam
1103 501 1242 537 Gesner
1272 503 1429 537 alienam

86 551 339 597 wyttenbach
370 562 447 586 eam
471 552 589 595 ipsam
618 550 727 584 Klotz
759 551 871 585 aliam
903 549 1073 584 Stroebel
1102 550 1241 584 civilem
1267 550 1429 593 aliquam

86 598 236 633 Muther
268 618 311 623 —
343 599 495 633 scientia
519 597 611 632 Lis
643 617 687 622 —-
719 598 859 641 copiam
884 596 976 631 Lae
1015 617 1058 622 —
1090 596 1130 631 P.
1156 600 1212 631 52.
1240 600 1271 631 2.
1298 601 1331 630 et
1357 595 1426 630 del.

87 645 215 681 Lamb.
242 665 284 670 —
311 647 343 679 si
367 646 414 679 sit
439 643 465 678 C
497 665 541 669 —
575 648 606 679 8.
639 645 786 688 quisque
809 648 850 678 ut
876 642 901 677 C
926 647 967 678 ut
993 644 1140 688 quisque
1165 642 1428 687 Naegelsbach

88 713 132 718 —
160 696 214 728 14.
241 696 273 727 et
292 691 318 726 C
344 693 376 726 ei
394 691 496 725 Bake
524 711 567 715 —
595 695 648 726 17.
674 692 858 735 sicprop.
884 689 969 725 incl.
996 689 1066 725 En.
1094 710 1137 715 —
1164 690 1202 724 P.
1225 694 1280 725 53.
1302 694 1333 725 2.
1361 700 1428 734 quo

87 739 115 773 L
129 741 148 773 λ
173 750 308 783 quoque
328 750 343 773 ε
363 749 433 773 om.
455 751 482 772 ω
507 759 554 763 -
580 742 610 772 7.
637 739 680 773 cle
698 738 851 772 motibus
871 739 1073 772 animorum.
1092 736 1177 771 Em.
1198 757 1242 762 --
1270 740 1301 771 8.
1328 738 1428 771 auri-

89 787 154 821 bus
178 786 300 820 Madv.
329 785 412 820 adv.
439 795 488 820 cr.
514 784 565 818 ΙΠ
592 787 646 819 88.
677 804 722 809 -
757 788 811 819 12.
843 785 978 819 doloris
1007 783 1093 818 incl.
1119 783 1281 818 Kraffert
1304 794 1427 827 progr.

87 832 225 866 Aurich
252 835 353 874 1883,
383 835 459 866 110.
510 831 580 866 cfr.
607 831 713 866 Tusc.
744 831 794 864 IV
821 835 876 873 21,
897 834 943 864 44
981 851 1024 855 ——
1062 835 1118 865 25.
1155 832 1212 866 uti
1245 832 1307 876 qui
1338 830 1428 864 Ρλε

88 880 271 925 utijlqui
296 878 324 913 O
351 883 393 913 ut
417 880 447 913 ii
472 880 535 922 qui
558 877 638 913 Pid.
663 899 710 903 —
738 881 795 912 25.
820 882 853 912 et
881 877 1006 913 Graec.
1032 877 1168 911 Pearce
1196 896 1238 902 -
1266 880 1322 911 28.
1349 878 1428 911 ani-

88 938 161 961 mos
185 927 369 960 homiuum
394 924 421 958 L
437 927 454 958 λ
470 924 535 959 εΝ
562 945 603 949 -
635 925 818 959 homiuum
844 935 913 959 om.
941 925 974 958 N
1012 944 1056 949 —
1093 924 1132 958 P.
1160 927 1212 959 54.
1241 928 1272 959 8.
1310 935 1374 959 uec
1398 925 1430 958 si

88 973 139 1016 lg.
164 977 220 1015 23,
243 975 285 1006 67
312 971 459 1005 Heeren
492 992 537 996 —
575 975 629 1006 12.
669 972 715 1006 ab
740 973 810 1006 ciu.
835 971 863 1004 L
898 991 936 996 -—
973 974 1026 1006 15.
1060 975 1092 1005 et
1111 972 1231 1015 princ.
1258 970 1359 1004 Bake
1387 991 1428 994 —

92 1023 145 1054 18.
177 1020 253 1054 nisi
275 1022 397 1053 nostro
428 1017 650 1052 Doederlein
679 1038 726 1043 ——-
757 1021 811 1052 20.
844 1019 1037 1062 quoiquam
1061 1017 1111 1061 lg.
1139 1021 1192 1052 65.
1225 1037 1267 1042 —
1301 1018 1430 1061 quibus

85 1077 180 1111 poss.
207 1078 234 1099 ε.
283 1065 342 1099 Ita
372 1064 420 1098 ad
444 1064 530 1099 Her.
556 1065 607 1098 IV
634 1068 654 1098 5
687 1063 820 1108 optimi
851 1064 929 1099 cod.
968 1085 1014 1089 ——
1052 1067 1107 1099 26.
1145 1075 1274 1099 causas
1299 1064 1326 1097 L
1343 1076 1358 1098 ε
1386 1084 1428 1088 -

90 1117 145 1147 32.
172 1113 271 1147 debet
295 1111 343 1156 lg.
365 1115 411 1145 20
436 1131 480 1136 —-
506 1111 544 1146 P.
567 1115 620 1146 55.
642 1116 674 1146 3.
699 1112 802 1146 moclo
828 1121 898 1146 om.
920 1111 945 1145 C
975 1132 1015 1136 -
1037 1114 1092 1145 20.
1112 1112 1227 1155 iisque
1246 1111 1274 1144 L
1294 1112 1393 1155 isque
1412 1113 1430 1144 λ

89 1160 162 1194 hiis
187 1171 203 1193 ε
229 1160 323 1193 hisce
347 1157 558 1202 Heusinger
582 1178 626 1183 —
654 1162 708 1192 29.
736 1158 855 1192 uoluit
880 1157 909 1192 Ο
935 1178 978 1183 --
1006 1161 1061 1193 30.
1087 1158 1234 1192 uberius
1258 1157 1359 1191 Bake
1386 1178 1430 1182 —

91 1207 207 1240 oratio
231 1205 292 1239 Li
319 1226 362 1230 —
391 1205 430 1240 P.
457 1210 512 1239 56.
540 1207 571 1239 8.
599 1206 791 1250 quoiquam
815 1205 865 1249 lg.
887 1209 907 1239 5
941 1225 982 1230 -—
1017 1208 1071 1239 21.
1100 1209 1132 1239 et
1157 1206 1236 1249 apti
1261 1217 1277 1239 ε
1304 1225 1347 1229 -
1375 1208 1428 1239 28.
1496 1209 1504 1212 ’

90 1264 134 1287 ωε
159 1252 186 1286 L
201 1254 219 1286 λ
234 1264 250 1286 ε
275 1256 308 1287 et
333 1265 359 1286 ω
385 1252 470 1286 haec
488 1251 614 1285 Lamb.
641 1263 683 1286 ea
703 1251 813 1286 Orell.
841 1272 884 1276 —
910 1255 966 1286 29.
993 1252 1098 1296 quasi
1117 1256 1201 1286 aest.
1221 1250 1306 1286 incl.
1327 1251 1430 1285 Bake

91 1320 136 1324 —-
162 1302 218 1334 34.
243 1299 434 1333 haberetur
459 1298 484 1332 C
511 1309 600 1333 corr.
622 1297 706 1333 Ern.
734 1318 777 1323 —
803 1298 842 1333 P.
871 1302 924 1333 57.
955 1302 1007 1333 12.
1035 1303 1140 1342 atque
1166 1299 1212 1343 (et
1237 1298 1348 1341 Non.)
1374 1299 1429 1333 in-

91 1347 297 1380 comitatam
315 1349 348 1380 et
367 1346 583 1389 incomptam
608 1345 636 1378 L
651 1347 668 1378 λ
683 1357 699 1379 ε
713 1344 747 1378 N
766 1344 861 1380 Non.
889 1356 980 1380 corr.
1000 1345 1134 1379 Pearce
1156 1365 1198 1370 —
1220 1348 1276 1379 21.
1297 1350 1329 1380 et
1348 1344 1402 1378 Li
1415 1357 1430 1378 ε

91 1393 197 1426 etiam
224 1405 251 1425 ω
279 1412 320 1416 -
348 1396 403 1426 31.
430 1395 462 1426 et
481 1391 506 1425 C
527 1396 576 1425 est
595 1390 679 1425 Em.
706 1411 750 1416 -—
776 1391 814 1425 P.
837 1396 890 1426 58.
913 1395 944 1425 9.
971 1396 1050 1426 ertu
1075 1403 1138 1426 cca
1163 1391 1202 1425 in
1223 1393 1317 1433 spat.
1338 1402 1429 1434 vac„

91 1440 140 1474 al'
164 1442 263 1473 certa
287 1439 374 1472 sciri
403 1449 495 1481 mrg.
520 1437 567 1471 P²
597 1438 822 1483 erctuljl'iri
848 1437 894 1472 0¹
919 1438 1069 1482 hercituf
1085 1438 1184 1483 {Miri
1210 1437 1256 1472 0²
1282 1442 1430 1473 erctum-

91 1486 161 1520 ciri
185 1487 204 1519 λ
228 1485 383 1519 heretum
408 1486 496 1519 cieri
522 1496 538 1518 ε
570 1495 660 1519 corr.
690 1483 876 1518 Victorius
912 1505 950 1509 —
987 1488 1040 1519 16.
1073 1488 1114 1519 ut
1141 1485 1179 1518 iu
1209 1484 1238 1518 P
1270 1488 1302 1519 et
1325 1489 1367 1520 ut
1391 1486 1431 1519 in

92 1531 121 1566 O
136 1534 155 1566 λ
169 1544 186 1566 ε
208 1552 248 1555 -
269 1532 329 1566 titi
348 1531 488 1565 Lucilii
506 1530 533 1563 L
554 1535 588 1565 λ.
607 1531 734 1566 Lucili
753 1533 771 1565 λ
799 1531 834 1566 C'.
850 1531 991 1566 Lucilii
1010 1543 1025 1565 ε
1047 1551 1091 1556 -
1111 1535 1166 1565 26.
1193 1532 1382 1576 despopon.
1404 1531 1431 1564 L

93 1599 135 1603 —
162 1577 200 1613 P.
227 1581 282 1612 59.
312 1581 365 1612 10.
398 1578 453 1612 Ac
476 1577 504 1611 P
530 1579 581 1612 At
606 1576 631 1611 C
664 1598 707 1602 -
742 1582 795 1613 17.
828 1579 868 1612 in
893 1582 1004 1613 contr.
1031 1576 1057 1611 C
1081 1579 1158 1612 siue
1184 1582 1294 1613 contr.
1322 1578 1431 1612 Klotz

92 1645 136 1650 -—
162 1629 218 1659 21.
244 1625 414 1660 oratoriis
440 1623 605 1658 Nizolius
633 1645 676 1649 —
703 1628 757 1659 25.
784 1635 902 1659 norme
923 1623 948 1658 C
973 1635 1046 1659 rum
1066 1624 1168 1658 Bake
1189 1645 1232 1650 -
1251 1623 1291 1659 P.
1307 1628 1430 1660 6013.

92 1676 125 1706 et
149 1676 238 1706 orat.
265 1684 293 1705 ω
326 1692 367 1696 —
404 1675 459 1706 20.
491 1672 656 1716 coegisset
687 1671 748 1705 L).
779 1672 971 1717 coegissent
996 1684 1012 1706 ε
1045 1673 1211 1717 coeqisses
1239 1671 1288 1715 lg.
1316 1675 1359 1705 35
1386 1692 1430 1696 —

93 1721 147 1753 20.
173 1722 416 1762 mmeupasset
436 1718 461 1752 C
481 1728 571 1752 corr.
592 1717 731 1753 Manut.
754 1739 795 1742 —
817 1722 872 1753 24.
894 1729 984 1762 quae
1003 1717 1073 1753 ΕΠ.
1095 1720 1191 1753 auct.
1212 1717 1298 1753 incl.
1319 1717 1430 1762 Kays.

93 1785 135 1789 —-
163 1769 218 1800 31.
249 1766 291 1799 in
322 1776 394 1809 qua
424 1763 450 1798 C
480 1765 521 1799 in
552 1775 620 1809 quo
653 1775 696 1799 ex
728 1764 792 1800 Gn.
821 1769 840 1798 2
873 1764 957 1800 Ern.
992 1785 1035 1789 —
1071 1769 1124 1800 37.
1158 1766 1241 1809 ipsa
1266 1765 1360 1799 Lis
1387 1786 1430 1790 —

93 1811 133 1846 P.
159 1815 214 1847 61.
243 1814 296 1846 15.
329 1822 403 1846 non
426 1811 454 1844 L
479 1822 543 1846 uec
568 1814 634 1855 λε,
667 1811 764 1846 unde
789 1822 863 1846 non
888 1823 959 1846 esse
989 1811 1130 1846 conieci
1155 1833 1199 1836 —
1228 1816 1280 1846 16.
1307 1823 1380 1847 nou
1406 1811 1431 1846 C

91 1869 189 1893 itanc
208 1857 375 1900 Schuetz,
401 1857 472 1892 del.
493 1857 593 1892 Bake
613 1878 657 1882 —
678 1862 731 1893 22.
752 1860 785 1893 si
803 1860 866 1903 qai
891 1857 993 1892 Bake
1018 1879 1064 1883 —
1090 1862 1144 1893 23.
1172 1862 1223 1893 est
1242 1858 1364 1894 Madv.
1385 1879 1431 1884 —-

93 1908 148 1938 34.
170 1916 245 1939 non
264 1904 334 1939 del.
356 1904 440 1939 Ern.
469 1924 512 1929 —
537 1904 575 1939 P.
597 1909 651 1940 62.
675 1909 728 1940 14.
755 1909 787 1939 et
812 1916 882 1940 om.
910 1918 936 1939 co
962 1925 1007 1930 —
1033 1908 1087 1939 21.
1108 1907 1313 1940 munionem
1338 1905 1430 1940 Lae

92 1951 304 1986 Nomionem
321 1951 481 1986 Talaeus
504 1962 650 1986 ‘nomam
675 1962 733 1996 ap.
760 1951 886 1987 Lamb.
913 1951 1065 1995 quidam
1089 1952 1262 1997 hymnum
1284 1951 1431 1986 Ritschl

92 1997 140 2033 M.
155 1997 223 2032 Rh.
245 2002 300 2040 26,
321 2000 390 2032 394
414 2018 458 2023 -
483 1999 710 2033 recitarimus
728 1998 874 2032 Ritsohl
895 2017 938 2023 —
959 2001 1013 2033 30.
1041 1999 1191 2034 aliunde
1210 2011 1237 2032 co
1263 2000 1356 2043 (149,
1374 2000 1430 2043 11)

92 2064 136 2069 -
168 2048 224 2079 34.
256 2046 363 2089 perit.
397 2043 422 2078 C
454 2046 606 2089 imperit.
638 2044 765 2079 Lamb.
804 2065 848 2070 ——
886 2049 920 2080 et
944 2044 969 2080 C
1002 2046 1035 2080 ei
1060 2044 1169 2080 Sorof
1204 2047 1274 2088 (46,
1302 2046 1360 2089 30)
1388 2066 1429 2070 -

91 2089 129 2125 Ρ.
151 2095 206 2125 63.
227 2095 258 2126 2.
284 2093 325 2126 in
350 2102 420 2125 om.
448 2090 474 2125 C
501 2091 584 2126 add.
611 2091 752 2127 Manut.
779 2112 823 2117 —-
850 2095 880 2126 3.
903 2093 1157 2137 praymaticon
1182 2092 1217 2125 λ1
1243 2111 1286 2117 -
1313 2096 1344 2126 9.
1372 2103 1429 2127 ac-

91 2138 213 2172 celeret
237 2137 358 2172 Madv.
386 2137 468 2172 adv.
496 2138 621 2172 012111
646 2142 688 2173 89
722 2158 766 2164 —
800 2142 854 2173 16.
888 2143 920 2173 et
945 2139 1039 2183 quod
1067 2139 1092 2173 C
1119 2139 1213 2183 quod
1236 2137 1364 2172 Lamb.
1391 2139 1431 2172 icl

92 2185 186 2227 quod
211 2183 419 2228 Heminger
451 2205 493 2210 —
525 2188 579 2220 20.
610 2186 838 2229 probabatur
864 2184 892 2219 O
908 2187 925 2218 λ
941 2197 957 2219 ε
983 2206 1026 2210 -
1053 2188 1108 2219 33.
1135 2187 1202 2220 iter
1227 2189 1259 2220 et
1285 2184 1310 2219 C
1336 2186 1428 2219 noti-

92 2231 181 2264 tiam
210 2235 244 2265 et
273 2230 342 2265 Ell.
380 2232 585 2266 memoriam
615 2236 648 2266 et
682 2231 795 2266 Koch.
822 2233 951 2267 iterum
975 2236 1007 2267 et
1039 2231 1162 2267 Madv.
1196 2233 1240 2275 (c.
1256 2231 1306 2274 1.).
1359 2230 1429 2264 Sed

92 2277 325 2321 antiquitatis
355 2279 501 2324 exempl.
534 2277 729 2313 cohaerere
756 2278 890 2313 docent
919 2282 959 2321 ἓξ
986 2281 1039 2322 18,
1061 2281 1146 2320 201;
1179 2278 1238 2312 Br.
1265 2280 1350 2319 2143
1378 2287 1418 2311 or
