<?xml version="1.0" encoding="UTF-8"?>
<!DOCTYPE html PUBLIC "-//W3C//DTD XHTML 1.0 Transitional//EN"
    "http://www.w3.org/TR/xhtml1/DTD/xhtml1-transitional.dtd">
<html xmlns="http://www.w3.org/1999/xhtml" xml:lang="en" lang="en">
 <head>
  <title>
</title>
<meta http-equiv="Content-Type" content="text/html;charset=utf-8" />
  <meta name='ocr-system' content='tesseract 3.04.00' />
  <meta name='ocr-capabilities' content='ocr_page ocr_carea ocr_par ocr_line ocrx_word'/>
</head>
<body>
  <div class='ocr_page' id='page_1' title='image "./p2scriptaquaemanse01ciceuoft_0314.png"; bbox 0 0 1643 2526; ppageno 0'>
   <div class='ocr_carea' id='block_1_1' title="bbox 174 102 998 142">
    <p class='ocr_par' dir='ltr' id='par_1_1' title="bbox 174 102 998 142">
     <span class='ocr_line' id='line_1_1' title="bbox 174 102 998 142; baseline -0.008 0"><span class='ocrx_word' id='word_1_1' title='bbox 174 102 258 142; x_wconf 79' lang='grc'>212</span> <span class='ocrx_word' id='word_1_2' title='bbox 683 102 745 136; x_wconf 89' lang='lat' dir='ltr'>DE</span> <span class='ocrx_word' id='word_1_3' title='bbox 774 102 998 137; x_wconf 84' lang='lat' dir='ltr'><strong>ORATORE</strong></span> 
     </span>
    </p>
   </div>
   <div class='ocr_carea' id='block_1_2' title="bbox 106 197 1568 2347">
    <p class='ocr_par' dir='ltr' id='par_1_2' title="bbox 106 197 1568 2347">
     <span class='ocr_line' id='line_1_2' title="bbox 176 197 1513 253; baseline 0.002 -16"><span class='ocrx_word' id='word_1_4' title='bbox 176 197 260 238; x_wconf 89' lang='lat' dir='ltr'>dici</span> <span class='ocrx_word' id='word_1_5' title='bbox 291 197 436 252; x_wconf 84' lang='lat' dir='ltr'>modo3</span> <span class='ocrx_word' id='word_1_6' title='bbox 466 211 603 250; x_wconf 88' lang='lat' dir='ltr'>neque</span> <span class='ocrx_word' id='word_1_7' title='bbox 635 197 717 238; x_wconf 91' lang='lat' dir='ltr'>tibi</span> <span class='ocrx_word' id='word_1_8' title='bbox 747 198 829 239; x_wconf 90' lang='lat' dir='ltr'>hoc</span> <span class='ocrx_word' id='word_1_9' title='bbox 859 212 937 252; x_wconf 89' lang='lat' dir='ltr'>pro</span> <span class='ocrx_word' id='word_1_10' title='bbox 970 212 1036 239; x_wconf 92' lang='lat' dir='ltr'>me</span> <span class='ocrx_word' id='word_1_11' title='bbox 1070 198 1208 239; x_wconf 90' lang='lat' dir='ltr'>solum</span> <span class='ocrx_word' id='word_1_12' title='bbox 1240 198 1312 239; x_wconf 90' lang='lat' dir='ltr'>sed</span> <span class='ocrx_word' id='word_1_13' title='bbox 1342 213 1420 253; x_wconf 87' lang='lat' dir='ltr'>pro</span> <span class='ocrx_word' id='word_1_14' title='bbox 1445 198 1513 240; x_wconf 84' lang='lat' dir='ltr'>his</span> 
     </span>
     <span class='ocr_line' id='line_1_3' title="bbox 106 255 1515 312; baseline 0.001 -16"><span class='ocrx_word' id='word_1_15' title='bbox 106 255 374 298; x_wconf 86' lang='lat' dir='ltr'>1890mnibus</span> <span class='ocrx_word' id='word_1_16' title='bbox 408 255 497 296; x_wconf 92' lang='lat' dir='ltr'>sine</span> <span class='ocrx_word' id='word_1_17' title='bbox 536 255 624 296; x_wconf 86' lang='lat' dir='ltr'>ulla</span> <span class='ocrx_word' id='word_1_18' title='bbox 661 256 928 297; x_wconf 70' lang='lat' dir='ltr'>dubitatione</span> <span class='ocrx_word' id='word_1_19' title='bbox 965 257 1213 310; x_wconf 83' lang='lat' dir='ltr'>respondeo.</span> <span class='ocrx_word' id='word_1_20' title='bbox 1274 257 1370 312; x_wconf 82' lang='lat' dir='ltr'>Ego</span> <span class='ocrx_word' id='word_1_21' title='bbox 1401 271 1515 311; x_wconf 89' lang='lat' dir='ltr'>vero,</span> 
     </span>
     <span class='ocr_line' id='line_1_4' title="bbox 175 313 1515 370; baseline 0.001 -16"><span class='ocrx_word' id='word_1_22' title='bbox 175 314 317 367; x_wconf 90' lang='lat' dir='ltr'>inquit</span> <span class='ocrx_word' id='word_1_23' title='bbox 356 313 592 367; x_wconf 90' lang='lat' dir='ltr'>Antonius,</span> <span class='ocrx_word' id='word_1_24' title='bbox 634 313 777 355; x_wconf 90' lang='lat' dir='ltr'>inveni</span> <span class='ocrx_word' id='word_1_25' title='bbox 819 314 923 368; x_wconf 84' lang='lat' dir='ltr'>iam,</span> <span class='ocrx_word' id='word_1_26' title='bbox 964 329 1090 368; x_wconf 84' lang='lat' dir='ltr'>quem</span> <span class='ocrx_word' id='word_1_27' title='bbox 1127 329 1332 370; x_wconf 84' lang='lat' dir='ltr'>negaram</span> <span class='ocrx_word' id='word_1_28' title='bbox 1368 315 1415 356; x_wconf 84' lang='lat' dir='ltr'>in</span> <span class='ocrx_word' id='word_1_29' title='bbox 1452 329 1515 369; x_wconf 90' lang='lat' dir='ltr'>eo,</span> 
     </span>
     <span class='ocr_line' id='line_1_5' title="bbox 177 372 1514 427; baseline 0.001 -15"><span class='ocrx_word' id='word_1_30' title='bbox 177 387 302 426; x_wconf 89' lang='lat' dir='ltr'>quem</span> <span class='ocrx_word' id='word_1_31' title='bbox 343 372 513 426; x_wconf 89' lang='lat' dir='ltr'>scripsi,</span> <span class='ocrx_word' id='word_1_32' title='bbox 549 372 695 413; x_wconf 90' lang='lat' dir='ltr'>libello</span> <span class='ocrx_word' id='word_1_33' title='bbox 733 387 800 413; x_wconf 89' lang='lat' dir='ltr'>me</span> <span class='ocrx_word' id='word_1_34' title='bbox 837 372 1050 414; x_wconf 84' lang='lat' dir='ltr'>invenisse</span> <span class='ocrx_word' id='word_1_35' title='bbox 1089 373 1368 427; x_wconf 88' lang='lat' dir='ltr'>eloquentem.</span> <span class='ocrx_word' id='word_1_36' title='bbox 1431 372 1514 414; x_wconf 80' lang='lat' dir='ltr'>Sed</span> 
     </span>
     <span class='ocr_line' id='line_1_6' title="bbox 177 430 1548 486; baseline 0.001 -16"><span class='ocrx_word' id='word_1_37' title='bbox 177 445 226 471; x_wconf 92' lang='lat' dir='ltr'>eo</span> <span class='ocrx_word' id='word_1_38' title='bbox 259 433 301 471; x_wconf 91' lang='lat' dir='ltr'>te</span> <span class='ocrx_word' id='word_1_39' title='bbox 333 445 385 471; x_wconf 90' lang='lat' dir='ltr'>ne</span> <span class='ocrx_word' id='word_1_40' title='bbox 417 430 618 471; x_wconf 87' lang='lat' dir='ltr'>laudandi</span> <span class='ocrx_word' id='word_1_41' title='bbox 650 431 820 485; x_wconf 88' lang='lat' dir='ltr'>quidem</span> <span class='ocrx_word' id='word_1_42' title='bbox 853 445 980 472; x_wconf 86' lang='lat' dir='ltr'>causa</span> <span class='ocrx_word' id='word_1_43' title='bbox 1010 431 1298 486; x_wconf 72' lang='lat' dir='ltr'>interpellavi,</span> <span class='ocrx_word' id='word_1_44' title='bbox 1327 446 1380 472; x_wconf 92' lang='lat' dir='ltr'>ne</span> <span class='ocrx_word' id='word_1_45' title='bbox 1412 431 1512 485; x_wconf 91' lang='lat' dir='ltr'>quid</span> <span class='ocrx_word' id='word_1_46' title='bbox 1532 444 1548 468; x_wconf 80' lang='lat'>5</span> 
     </span>
     <span class='ocr_line' id='line_1_7' title="bbox 177 488 1512 544; baseline 0.001 -15"><span class='ocrx_word' id='word_1_47' title='bbox 177 489 226 529; x_wconf 88' lang='lat' dir='ltr'>de</span> <span class='ocrx_word' id='word_1_48' title='bbox 258 488 340 530; x_wconf 91' lang='lat' dir='ltr'>hoc</span> <span class='ocrx_word' id='word_1_49' title='bbox 377 491 468 529; x_wconf 89' lang='lat' dir='ltr'>tam</span> <span class='ocrx_word' id='word_1_50' title='bbox 505 488 658 544; x_wconf 84' lang='lat' dir='ltr'>exiguo</span> <span class='ocrx_word' id='word_1_51' title='bbox 698 489 904 530; x_wconf 82' lang='lat' dir='ltr'>sermonis</span> <span class='ocrx_word' id='word_1_52' title='bbox 943 489 1007 530; x_wconf 91' lang='lat' dir='ltr'>tui</span> <span class='ocrx_word' id='word_1_53' title='bbox 1044 492 1235 543; x_wconf 84' lang='lat' dir='ltr'>tempore</span> <span class='ocrx_word' id='word_1_54' title='bbox 1267 490 1396 530; x_wconf 92' lang='lat' dir='ltr'>verbo</span> <span class='ocrx_word' id='word_1_55' title='bbox 1427 503 1512 530; x_wconf 91' lang='lat' dir='ltr'>uno</span> 
     </span>
     <span class='ocr_line' id='line_1_8' title="bbox 108 547 1515 603; baseline 0 -15"><span class='ocrx_word' id='word_1_56' title='bbox 108 558 271 589; x_wconf 77' lang='lat' dir='ltr'>190meo</span> <span class='ocrx_word' id='word_1_57' title='bbox 305 547 629 587; x_wconf 87' lang='lat' dir='ltr'>deminueretur.</span> <span class='ocrx_word' id='word_1_58' title='bbox 690 547 812 588; x_wconf 88' lang='lat' dir='ltr'>Hanc</span> <span class='ocrx_word' id='word_1_59' title='bbox 843 547 977 602; x_wconf 77' lang='lat' dir='ltr'>igitur</span> <span class='ocrx_word' id='word_1_60' title='bbox 1015 548 1067 588; x_wconf 86' lang='lat' dir='ltr'>ad</span> <span class='ocrx_word' id='word_1_61' title='bbox 1102 548 1242 603; x_wconf 80' lang='lat' dir='ltr'>legem</span> <span class='ocrx_word' id='word_1_62' title='bbox 1274 562 1370 589; x_wconf 89' lang='lat' dir='ltr'>cum</span> <span class='ocrx_word' id='word_1_63' title='bbox 1401 562 1515 588; x_wconf 89' lang='lat' dir='ltr'>exer-</span> 
     </span>
     <span class='ocr_line' id='line_1_9' title="bbox 178 605 1515 659; baseline 0 -12"><span class='ocrx_word' id='word_1_64' title='bbox 178 605 380 647; x_wconf 84' lang='lat' dir='ltr'>citatione</span> <span class='ocrx_word' id='word_1_65' title='bbox 413 608 507 646; x_wconf 90' lang='lat' dir='ltr'>tum</span> <span class='ocrx_word' id='word_1_66' title='bbox 539 605 658 659; x_wconf 88' lang='lat' dir='ltr'>stilo,</span> <span class='ocrx_word' id='word_1_67' title='bbox 691 606 762 659; x_wconf 90' lang='lat' dir='ltr'>qui</span> <span class='ocrx_word' id='word_1_68' title='bbox 795 608 837 646; x_wconf 89' lang='lat' dir='ltr'>et</span> <span class='ocrx_word' id='word_1_69' title='bbox 869 605 952 646; x_wconf 86' lang='lat' dir='ltr'>alia</span> <span class='ocrx_word' id='word_1_70' title='bbox 984 609 1026 646; x_wconf 90' lang='lat' dir='ltr'>et</span> <span class='ocrx_word' id='word_1_71' title='bbox 1062 605 1143 647; x_wconf 90' lang='lat' dir='ltr'>hoc</span> <span class='ocrx_word' id='word_1_72' title='bbox 1175 606 1358 647; x_wconf 81' lang='lat' dir='ltr'>maxime</span> <span class='ocrx_word' id='word_1_73' title='bbox 1391 609 1515 647; x_wconf 89' lang='lat' dir='ltr'>ornat</span> 
     </span>
     <span class='ocr_line' id='line_1_10' title="bbox 178 663 1513 718; baseline 0.001 -14"><span class='ocrx_word' id='word_1_74' title='bbox 178 679 226 705; x_wconf 88' lang='lat' dir='ltr'>ac</span> <span class='ocrx_word' id='word_1_75' title='bbox 257 663 392 717; x_wconf 88' lang='lat' dir='ltr'>limat,</span> <span class='ocrx_word' id='word_1_76' title='bbox 423 663 647 704; x_wconf 84' lang='lat' dir='ltr'>formanda</span> <span class='ocrx_word' id='word_1_77' title='bbox 677 664 802 704; x_wconf 90' lang='lat' dir='ltr'>nobis</span> <span class='ocrx_word' id='word_1_78' title='bbox 830 664 1020 705; x_wconf 88' lang='lat' dir='ltr'>oratiost.</span> <span class='ocrx_word' id='word_1_79' title='bbox 1082 663 1232 718; x_wconf 88' lang='lat' dir='ltr'>Neque</span> <span class='ocrx_word' id='word_1_80' title='bbox 1264 668 1409 705; x_wconf 88' lang='lat' dir='ltr'>tamen</span> <span class='ocrx_word' id='word_1_81' title='bbox 1431 665 1513 706; x_wconf 89' lang='lat' dir='ltr'>hoc</span> 
     </span>
     <span class='ocr_line' id='line_1_11' title="bbox 178 722 1567 776; baseline 0.001 -14"><span class='ocrx_word' id='word_1_82' title='bbox 178 722 289 763; x_wconf 88' lang='lat' dir='ltr'>tanti</span> <span class='ocrx_word' id='word_1_83' title='bbox 332 722 493 762; x_wconf 88' lang='lat' dir='ltr'>laboris</span> <span class='ocrx_word' id='word_1_84' title='bbox 539 724 622 775; x_wconf 90' lang='lat' dir='ltr'>est,</span> <span class='ocrx_word' id='word_1_85' title='bbox 666 722 816 775; x_wconf 89' lang='lat' dir='ltr'>quanti</span> <span class='ocrx_word' id='word_1_86' title='bbox 859 722 1044 776; x_wconf 86' lang='lat' dir='ltr'>videtur,</span> <span class='ocrx_word' id='word_1_87' title='bbox 1085 736 1221 776; x_wconf 89' lang='lat' dir='ltr'>neque</span> <span class='ocrx_word' id='word_1_88' title='bbox 1266 726 1365 763; x_wconf 90' lang='lat' dir='ltr'>sunt</span> <span class='ocrx_word' id='word_1_89' title='bbox 1408 723 1513 764; x_wconf 88' lang='lat' dir='ltr'>haec</span> <span class='ocrx_word' id='word_1_90' title='bbox 1535 735 1567 760; x_wconf 91' lang='lat'>10</span> 
     </span>
     <span class='ocr_line' id='line_1_12' title="bbox 178 780 1514 834; baseline 0 -13"><span class='ocrx_word' id='word_1_91' title='bbox 178 780 519 834; x_wconf 79' lang='lat' dir='ltr'>rhythmicorum</span> <span class='ocrx_word' id='word_1_92' title='bbox 557 783 630 820; x_wconf 89' lang='lat' dir='ltr'>aut</span> <span class='ocrx_word' id='word_1_93' title='bbox 667 780 928 821; x_wconf 86' lang='lat' dir='ltr'>musicorum</span> <span class='ocrx_word' id='word_1_94' title='bbox 969 795 1188 822; x_wconf 84' lang='lat' dir='ltr'>acerruma</span> <span class='ocrx_word' id='word_1_95' title='bbox 1226 795 1378 821; x_wconf 87' lang='lat' dir='ltr'>norma</span> <span class='ocrx_word' id='word_1_96' title='bbox 1418 781 1514 821; x_wconf 84' lang='lat' dir='ltr'>diri-</span> 
     </span>
     <span class='ocr_line' id='line_1_13' title="bbox 180 838 1515 893; baseline 0.001 -15"><span class='ocrx_word' id='word_1_97' title='bbox 180 839 334 893; x_wconf 74' lang='lat' dir='ltr'>genda,</span> <span class='ocrx_word' id='word_1_98' title='bbox 366 838 677 879; x_wconf 84' lang='lat' dir='ltr'>efficiendumst</span> <span class='ocrx_word' id='word_1_99' title='bbox 701 838 808 878; x_wconf 88' lang='lat' dir='ltr'>illud</span> <span class='ocrx_word' id='word_1_100' title='bbox 833 839 959 879; x_wconf 90' lang='lat' dir='ltr'>modo</span> <span class='ocrx_word' id='word_1_101' title='bbox 985 839 1123 892; x_wconf 90' lang='lat' dir='ltr'>nobis,</span> <span class='ocrx_word' id='word_1_102' title='bbox 1153 853 1206 879; x_wconf 92' lang='lat' dir='ltr'>ne</span> <span class='ocrx_word' id='word_1_103' title='bbox 1232 839 1337 880; x_wconf 89' lang='lat' dir='ltr'>fluat</span> <span class='ocrx_word' id='word_1_104' title='bbox 1365 839 1515 893; x_wconf 88' lang='lat' dir='ltr'>oratio,</span> 
     </span>
     <span class='ocr_line' id='line_1_14' title="bbox 176 896 1516 952; baseline 0.001 -16"><span class='ocrx_word' id='word_1_105' title='bbox 176 911 229 937; x_wconf 89' lang='lat' dir='ltr'>ne</span> <span class='ocrx_word' id='word_1_106' title='bbox 260 900 458 951; x_wconf 79' lang='lat' dir='ltr'>vagetur,</span> <span class='ocrx_word' id='word_1_107' title='bbox 494 910 546 936; x_wconf 88' lang='lat' dir='ltr'>ne</span> <span class='ocrx_word' id='word_1_108' title='bbox 578 896 753 936; x_wconf 84' lang='lat' dir='ltr'>insistat</span> <span class='ocrx_word' id='word_1_109' title='bbox 783 896 981 951; x_wconf 89' lang='lat' dir='ltr'>interius,</span> <span class='ocrx_word' id='word_1_110' title='bbox 1018 912 1070 937; x_wconf 90' lang='lat' dir='ltr'>ne</span> <span class='ocrx_word' id='word_1_111' title='bbox 1103 901 1300 938; x_wconf 88' lang='lat' dir='ltr'>excurrat</span> <span class='ocrx_word' id='word_1_112' title='bbox 1331 897 1516 952; x_wconf 85' lang='lat' dir='ltr'>longius,</span> 
     </span>
     <span class='ocr_line' id='line_1_15' title="bbox 176 954 1515 1009; baseline 0.001 -14"><span class='ocrx_word' id='word_1_113' title='bbox 176 958 224 995; x_wconf 90' lang='lat' dir='ltr'>ut</span> <span class='ocrx_word' id='word_1_114' title='bbox 256 954 459 995; x_wconf 81' lang='lat' dir='ltr'>membris</span> <span class='ocrx_word' id='word_1_115' title='bbox 492 954 797 1009; x_wconf 69' lang='lat' dir='ltr'>distinguatur,</span> <span class='ocrx_word' id='word_1_116' title='bbox 835 958 883 995; x_wconf 88' lang='lat' dir='ltr'>ut</span> <span class='ocrx_word' id='word_1_117' title='bbox 921 955 1218 996; x_wconf 80' lang='lat' dir='ltr'>conversiones</span> <span class='ocrx_word' id='word_1_118' title='bbox 1255 955 1413 996; x_wconf 87' lang='lat' dir='ltr'>habeat</span> <span class='ocrx_word' id='word_1_119' title='bbox 1445 956 1515 996; x_wconf 88' lang='lat' dir='ltr'>ab·</span> 
     </span>
     <span class='ocr_line' id='line_1_16' title="bbox 179 1012 1566 1068; baseline 0.001 -15"><span class='ocrx_word' id='word_1_120' title='bbox 179 1013 352 1054; x_wconf 87' lang='lat' dir='ltr'>solutas.</span> <span class='ocrx_word' id='word_1_121' title='bbox 397 1012 546 1066; x_wconf 86' lang='lat' dir='ltr'>Neque</span> <span class='ocrx_word' id='word_1_122' title='bbox 570 1027 737 1066; x_wconf 86' lang='lat' dir='ltr'>semper</span> <span class='ocrx_word' id='word_1_123' title='bbox 754 1013 1003 1054; x_wconf 86' lang='lat' dir='ltr'>utendumst</span> <span class='ocrx_word' id='word_1_124' title='bbox 1022 1013 1308 1068; x_wconf 83' lang='lat' dir='ltr'>perpetuitate</span> <span class='ocrx_word' id='word_1_125' title='bbox 1329 1016 1372 1054; x_wconf 88' lang='lat' dir='ltr'>et</span> <span class='ocrx_word' id='word_1_126' title='bbox 1392 1014 1514 1068; x_wconf 88' lang='lat' dir='ltr'>quasi</span> <span class='ocrx_word' id='word_1_127' title='bbox 1535 1025 1566 1050; x_wconf 83' lang='lat'>15</span> 
     </span>
     <span class='ocr_line' id='line_1_17' title="bbox 179 1071 1514 1126; baseline 0.001 -15"><span class='ocrx_word' id='word_1_128' title='bbox 179 1071 453 1112; x_wconf 80' lang='lat' dir='ltr'>conversione</span> <span class='ocrx_word' id='word_1_129' title='bbox 494 1071 740 1125; x_wconf 90' lang='lat' dir='ltr'>verborum,</span> <span class='ocrx_word' id='word_1_130' title='bbox 781 1071 854 1111; x_wconf 90' lang='lat' dir='ltr'>sed</span> <span class='ocrx_word' id='word_1_131' title='bbox 895 1086 1020 1126; x_wconf 88' lang='lat' dir='ltr'>saepe</span> <span class='ocrx_word' id='word_1_132' title='bbox 1061 1073 1271 1125; x_wconf 87' lang='lat' dir='ltr'>carpenda</span> <span class='ocrx_word' id='word_1_133' title='bbox 1310 1072 1514 1113; x_wconf 86' lang='lat' dir='ltr'>membris</span> 
     </span>
     <span class='ocr_line' id='line_1_18' title="bbox 178 1129 1515 1183; baseline 0.001 -14"><span class='ocrx_word' id='word_1_134' title='bbox 178 1129 482 1170; x_wconf 84' lang='lat' dir='ltr'>minutioribus</span> <span class='ocrx_word' id='word_1_135' title='bbox 516 1129 715 1182; x_wconf 87' lang='lat' dir='ltr'>oratiost,</span> <span class='ocrx_word' id='word_1_136' title='bbox 748 1143 854 1182; x_wconf 88' lang='lat' dir='ltr'>quae</span> <span class='ocrx_word' id='word_1_137' title='bbox 886 1133 1030 1170; x_wconf 86' lang='lat' dir='ltr'>tamen</span> <span class='ocrx_word' id='word_1_138' title='bbox 1065 1130 1161 1183; x_wconf 82' lang='lat' dir='ltr'>ipsa</span> <span class='ocrx_word' id='word_1_139' title='bbox 1191 1130 1384 1171; x_wconf 88' lang='lat' dir='ltr'>membra</span> <span class='ocrx_word' id='word_1_140' title='bbox 1415 1133 1515 1171; x_wconf 78' lang='lat' dir='ltr'>sunt</span> 
     </span>
     <span class='ocr_line' id='line_1_19' title="bbox 111 1186 1513 1241; baseline -0.001 -12"><span class='ocrx_word' id='word_1_141' title='bbox 111 1187 366 1229; x_wconf 78' lang='lat' dir='ltr'>191numeris</span> <span class='ocrx_word' id='word_1_142' title='bbox 399 1187 630 1228; x_wconf 81' lang='lat' dir='ltr'>vincienda.</span> <span class='ocrx_word' id='word_1_143' title='bbox 692 1186 841 1240; x_wconf 83' lang='lat' dir='ltr'>Neque</span> <span class='ocrx_word' id='word_1_144' title='bbox 873 1202 948 1228; x_wconf 90' lang='lat' dir='ltr'>vos</span> <span class='ocrx_word' id='word_1_145' title='bbox 980 1202 1119 1241; x_wconf 83' lang='lat' dir='ltr'>paean</span> <span class='ocrx_word' id='word_1_146' title='bbox 1149 1191 1223 1228; x_wconf 87' lang='lat' dir='ltr'>aut</span> <span class='ocrx_word' id='word_1_147' title='bbox 1253 1188 1409 1229; x_wconf 86' lang='lat' dir='ltr'>herous</span> <span class='ocrx_word' id='word_1_148' title='bbox 1440 1188 1513 1229; x_wconf 93' lang='lat' dir='ltr'>ille</span> 
     </span>
     <span class='ocr_line' id='line_1_20' title="bbox 180 1245 1514 1300; baseline 0.001 -14"><span class='ocrx_word' id='word_1_149' title='bbox 180 1246 418 1287; x_wconf 88' lang='lat' dir='ltr'>conturbet.</span> <span class='ocrx_word' id='word_1_150' title='bbox 479 1245 568 1299; x_wconf 86' lang='lat' dir='ltr'>Ipsi</span> <span class='ocrx_word' id='word_1_151' title='bbox 602 1248 825 1286; x_wconf 88' lang='lat' dir='ltr'>occurrent</span> <span class='ocrx_word' id='word_1_152' title='bbox 863 1246 1065 1300; x_wconf 85' lang='lat' dir='ltr'>orationi,</span> <span class='ocrx_word' id='word_1_153' title='bbox 1101 1246 1203 1300; x_wconf 92' lang='lat' dir='ltr'>ipsi,</span> <span class='ocrx_word' id='word_1_154' title='bbox 1238 1246 1433 1299; x_wconf 86' lang='lat' dir='ltr'>inquam,</span> <span class='ocrx_word' id='word_1_155' title='bbox 1470 1261 1514 1287; x_wconf 92' lang='lat' dir='ltr'>se</span> 
     </span>
     <span class='ocr_line' id='line_1_21' title="bbox 181 1304 1568 1357; baseline 0 -12"><span class='ocrx_word' id='word_1_156' title='bbox 181 1305 358 1345; x_wconf 84' lang='lat' dir='ltr'>offerent</span> <span class='ocrx_word' id='word_1_157' title='bbox 385 1307 427 1344; x_wconf 88' lang='lat' dir='ltr'>et</span> <span class='ocrx_word' id='word_1_158' title='bbox 446 1304 765 1357; x_wconf 86' lang='lat' dir='ltr'>respondebunt</span> <span class='ocrx_word' id='word_1_159' title='bbox 784 1317 872 1344; x_wconf 90' lang='lat' dir='ltr'>non</span> <span class='ocrx_word' id='word_1_160' title='bbox 890 1304 1043 1344; x_wconf 82' lang='lat' dir='ltr'>vocati.</span> <span class='ocrx_word' id='word_1_161' title='bbox 1089 1304 1362 1345; x_wconf 71' lang='lat' dir='ltr'>Consuetudo</span> <span class='ocrx_word' id='word_1_162' title='bbox 1388 1305 1513 1345; x_wconf 89' lang='lat' dir='ltr'>modo</span> <span class='ocrx_word' id='word_1_163' title='bbox 1535 1322 1568 1346; x_wconf 79' lang='lat'>20</span> 
     </span>
     <span class='ocr_line' id='line_1_22' title="bbox 178 1361 1514 1416; baseline 0.001 -14"><span class='ocrx_word' id='word_1_164' title='bbox 178 1363 253 1403; x_wconf 87' lang='lat' dir='ltr'>illa</span> <span class='ocrx_word' id='word_1_165' title='bbox 286 1362 342 1402; x_wconf 90' lang='lat' dir='ltr'>sit</span> <span class='ocrx_word' id='word_1_166' title='bbox 375 1361 586 1403; x_wconf 84' lang='lat' dir='ltr'>scribendi</span> <span class='ocrx_word' id='word_1_167' title='bbox 626 1365 752 1415; x_wconf 88' lang='lat' dir='ltr'>atque</span> <span class='ocrx_word' id='word_1_168' title='bbox 791 1362 975 1416; x_wconf 87' lang='lat' dir='ltr'>dicendi,</span> <span class='ocrx_word' id='word_1_169' title='bbox 1013 1365 1060 1402; x_wconf 89' lang='lat' dir='ltr'>ut</span> <span class='ocrx_word' id='word_1_170' title='bbox 1099 1362 1336 1403; x_wconf 88' lang='lat' dir='ltr'>sententiae</span> <span class='ocrx_word' id='word_1_171' title='bbox 1373 1363 1514 1403; x_wconf 89' lang='lat' dir='ltr'>verbis</span> 
     </span>
     <span class='ocr_line' id='line_1_23' title="bbox 179 1420 1514 1473; baseline 0 -12"><span class='ocrx_word' id='word_1_172' title='bbox 179 1421 384 1461; x_wconf 85' lang='lat' dir='ltr'>finiantur</span> <span class='ocrx_word' id='word_1_173' title='bbox 433 1434 662 1473; x_wconf 89' lang='lat' dir='ltr'>eorumque</span> <span class='ocrx_word' id='word_1_174' title='bbox 711 1420 939 1460; x_wconf 88' lang='lat' dir='ltr'>verborum</span> <span class='ocrx_word' id='word_1_175' title='bbox 992 1420 1154 1461; x_wconf 87' lang='lat' dir='ltr'>iunctio</span> <span class='ocrx_word' id='word_1_176' title='bbox 1210 1423 1411 1461; x_wconf 86' lang='lat' dir='ltr'>nascatur</span> <span class='ocrx_word' id='word_1_177' title='bbox 1461 1421 1514 1461; x_wconf 88' lang='lat' dir='ltr'>ab</span> 
     </span>
     <span class='ocr_line' id='line_1_24' title="bbox 178 1477 1515 1533; baseline 0.001 -15"><span class='ocrx_word' id='word_1_178' title='bbox 178 1478 366 1533; x_wconf 83' lang='lat' dir='ltr'>proceris</span> <span class='ocrx_word' id='word_1_179' title='bbox 399 1478 587 1518; x_wconf 90' lang='lat' dir='ltr'>numeris</span> <span class='ocrx_word' id='word_1_180' title='bbox 621 1492 668 1518; x_wconf 91' lang='lat' dir='ltr'>ac</span> <span class='ocrx_word' id='word_1_181' title='bbox 699 1477 860 1532; x_wconf 88' lang='lat' dir='ltr'>liberis,</span> <span class='ocrx_word' id='word_1_182' title='bbox 890 1478 1072 1519; x_wconf 79' lang='lat' dir='ltr'>maxime</span> <span class='ocrx_word' id='word_1_183' title='bbox 1096 1478 1228 1519; x_wconf 85' lang='lat' dir='ltr'>heroo</span> <span class='ocrx_word' id='word_1_184' title='bbox 1255 1482 1330 1519; x_wconf 86' lang='lat' dir='ltr'>aut</span> <span class='ocrx_word' id='word_1_185' title='bbox 1354 1492 1515 1533; x_wconf 86' lang='lat' dir='ltr'>paeane</span> 
     </span>
     <span class='ocr_line' id='line_1_25' title="bbox 179 1536 1514 1591; baseline 0.001 -15"><span class='ocrx_word' id='word_1_186' title='bbox 179 1537 320 1591; x_wconf 87' lang='lat' dir='ltr'>priore</span> <span class='ocrx_word' id='word_1_187' title='bbox 365 1540 438 1576; x_wconf 87' lang='lat' dir='ltr'>aut</span> <span class='ocrx_word' id='word_1_188' title='bbox 482 1536 658 1590; x_wconf 80' lang='lat' dir='ltr'>cretico,</span> <span class='ocrx_word' id='word_1_189' title='bbox 702 1536 775 1576; x_wconf 89' lang='lat' dir='ltr'>sed</span> <span class='ocrx_word' id='word_1_190' title='bbox 818 1536 932 1576; x_wconf 87' lang='lat' dir='ltr'>varie</span> <span class='ocrx_word' id='word_1_191' title='bbox 976 1536 1259 1590; x_wconf 84' lang='lat' dir='ltr'>distincteque</span> <span class='ocrx_word' id='word_1_192' title='bbox 1310 1536 1514 1577; x_wconf 86' lang='lat' dir='ltr'>considat.</span> 
     </span>
     <span class='ocr_line' id='line_1_26' title="bbox 179 1594 1567 1648; baseline 0 -13"><span class='ocrx_word' id='word_1_193' title='bbox 179 1595 367 1636; x_wconf 74' lang='lat' dir='ltr'>Notatur</span> <span class='ocrx_word' id='word_1_194' title='bbox 411 1595 523 1634; x_wconf 90' lang='lat' dir='ltr'>enim</span> <span class='ocrx_word' id='word_1_195' title='bbox 567 1594 749 1634; x_wconf 83' lang='lat' dir='ltr'>maxime</span> <span class='ocrx_word' id='word_1_196' title='bbox 794 1594 1027 1634; x_wconf 85' lang='lat' dir='ltr'>similitudo</span> <span class='ocrx_word' id='word_1_197' title='bbox 1071 1595 1117 1634; x_wconf 91' lang='lat' dir='ltr'>in</span> <span class='ocrx_word' id='word_1_198' title='bbox 1167 1594 1514 1648; x_wconf 85' lang='lat' dir='ltr'>conquiescendo.</span> <span class='ocrx_word' id='word_1_199' title='bbox 1535 1611 1567 1635; x_wconf 77' lang='lat'>25</span> 
     </span>
     <span class='ocr_line' id='line_1_27' title="bbox 179 1652 1514 1706; baseline 0 -13"><span class='ocrx_word' id='word_1_200' title='bbox 179 1653 238 1693; x_wconf 73' lang='lat' dir='ltr'>Et</span> <span class='ocrx_word' id='word_1_201' title='bbox 271 1653 304 1693; x_wconf 89' lang='lat' dir='ltr'>si</span> <span class='ocrx_word' id='word_1_202' title='bbox 337 1652 465 1706; x_wconf 86' lang='lat' dir='ltr'>primi</span> <span class='ocrx_word' id='word_1_203' title='bbox 499 1655 540 1692; x_wconf 85' lang='lat' dir='ltr'>et</span> <span class='ocrx_word' id='word_1_204' title='bbox 572 1652 777 1705; x_wconf 84' lang='lat' dir='ltr'>postremi</span> <span class='ocrx_word' id='word_1_205' title='bbox 812 1652 909 1703; x_wconf 88' lang='lat' dir='ltr'>[illi]</span> <span class='ocrx_word' id='word_1_206' title='bbox 942 1652 1068 1705; x_wconf 87' lang='lat' dir='ltr'>pedes</span> <span class='ocrx_word' id='word_1_207' title='bbox 1108 1655 1207 1692; x_wconf 89' lang='lat' dir='ltr'>sunt</span> <span class='ocrx_word' id='word_1_208' title='bbox 1237 1652 1317 1693; x_wconf 85' lang='lat' dir='ltr'>hac</span> <span class='ocrx_word' id='word_1_209' title='bbox 1348 1653 1514 1693; x_wconf 84' lang='lat' dir='ltr'>ratione</span> 
     </span>
     <span class='ocr_line' id='line_1_28' title="bbox 181 1710 1515 1765; baseline 0 -14"><span class='ocrx_word' id='word_1_210' title='bbox 181 1711 349 1763; x_wconf 86' lang='lat' dir='ltr'>servati,</span> <span class='ocrx_word' id='word_1_211' title='bbox 380 1710 509 1750; x_wconf 88' lang='lat' dir='ltr'>medii</span> <span class='ocrx_word' id='word_1_212' title='bbox 539 1713 720 1763; x_wconf 89' lang='lat' dir='ltr'>possunt</span> <span class='ocrx_word' id='word_1_213' title='bbox 746 1710 890 1763; x_wconf 89' lang='lat' dir='ltr'>latere,</span> <span class='ocrx_word' id='word_1_214' title='bbox 920 1710 1046 1750; x_wconf 89' lang='lat' dir='ltr'>modo</span> <span class='ocrx_word' id='word_1_215' title='bbox 1072 1724 1124 1750; x_wconf 87' lang='lat' dir='ltr'>ne</span> <span class='ocrx_word' id='word_1_216' title='bbox 1151 1710 1398 1751; x_wconf 88' lang='lat' dir='ltr'>circumitus</span> <span class='ocrx_word' id='word_1_217' title='bbox 1423 1711 1515 1765; x_wconf 90' lang='lat' dir='ltr'>ipse</span> 
     </span>
     <span class='ocr_line' id='line_1_29' title="bbox 113 1767 1515 1833; baseline 0 -24"><span class='ocrx_word' id='word_1_218' title='bbox 113 1793 167 1833; x_wconf 66' lang='lat'>‚30</span> <span class='ocrx_word' id='word_1_219' title='bbox 182 1769 408 1809; x_wconf 85' lang='lat' dir='ltr'>verborum</span> <span class='ocrx_word' id='word_1_220' title='bbox 441 1768 496 1808; x_wconf 90' lang='lat' dir='ltr'>sit</span> <span class='ocrx_word' id='word_1_221' title='bbox 529 1771 602 1808; x_wconf 88' lang='lat' dir='ltr'>aut</span> <span class='ocrx_word' id='word_1_222' title='bbox 633 1767 820 1820; x_wconf 85' lang='lat' dir='ltr'>brevior,</span> <span class='ocrx_word' id='word_1_223' title='bbox 853 1782 980 1821; x_wconf 84' lang='lat' dir='ltr'>quam</span> <span class='ocrx_word' id='word_1_224' title='bbox 1013 1782 1135 1808; x_wconf 88' lang='lat' dir='ltr'>aures</span> <span class='ocrx_word' id='word_1_225' title='bbox 1168 1772 1409 1822; x_wconf 88' lang='lat' dir='ltr'>expectent,</span> <span class='ocrx_word' id='word_1_226' title='bbox 1441 1772 1515 1809; x_wconf 88' lang='lat' dir='ltr'>aut</span> 
     </span>
     <span class='ocr_line' id='line_1_30' title="bbox 110 1822 1514 1882; baseline 0 -15"><span class='ocrx_word' id='word_1_227' title='bbox 110 1822 120 1833; x_wconf 56' lang='lat'><em>¹</em></span> <span class='ocrx_word' id='word_1_228' title='bbox 152 1827 362 1882; x_wconf 63' lang='lat' dir='ltr'>‘longion</span> <span class='ocrx_word' id='word_1_229' title='bbox 393 1841 522 1880; x_wconf 86' lang='lat' dir='ltr'>quam</span> <span class='ocrx_word' id='word_1_230' title='bbox 553 1826 664 1866; x_wconf 86' lang='lat' dir='ltr'>vires</span> <span class='ocrx_word' id='word_1_231' title='bbox 697 1828 823 1879; x_wconf 87' lang='lat' dir='ltr'>atque</span> <span class='ocrx_word' id='word_1_232' title='bbox 857 1825 997 1866; x_wconf 83' lang='lat' dir='ltr'>anima</span> <span class='ocrx_word' id='word_1_233' title='bbox 1028 1826 1229 1879; x_wconf 85' lang='lat' dir='ltr'>patiatur.</span> <span class='ocrx_word' id='word_1_234' title='bbox 1292 1825 1514 1868; x_wconf 84' lang='lat' dir='ltr'>Clausulas</span> 
     </span>
     <span class='ocr_line' id='line_1_31' title="bbox 181 1884 1568 1939; baseline 0 -13"><span class='ocrx_word' id='word_1_235' title='bbox 181 1889 323 1926; x_wconf 83' lang='lat' dir='ltr'>autem</span> <span class='ocrx_word' id='word_1_236' title='bbox 356 1884 603 1939; x_wconf 79' lang='lat' dir='ltr'>diligentius</span> <span class='ocrx_word' id='word_1_237' title='bbox 636 1884 765 1924; x_wconf 88' lang='lat' dir='ltr'>etiam</span> <span class='ocrx_word' id='word_1_238' title='bbox 797 1884 1024 1924; x_wconf 85' lang='lat' dir='ltr'>servandas</span> <span class='ocrx_word' id='word_1_239' title='bbox 1051 1899 1142 1924; x_wconf 91' lang='lat' dir='ltr'>esse</span> <span class='ocrx_word' id='word_1_240' title='bbox 1170 1884 1355 1925; x_wconf 84' lang='lat' dir='ltr'>arbitror</span> <span class='ocrx_word' id='word_1_241' title='bbox 1387 1899 1515 1938; x_wconf 88' lang='lat' dir='ltr'>quam</span> <span class='ocrx_word' id='word_1_242' title='bbox 1534 1903 1568 1927; x_wconf 80' lang='lat'>30</span> 
     </span>
     <span class='ocr_line' id='line_1_32' title="bbox 181 1941 1515 1997; baseline -0.001 -13"><span class='ocrx_word' id='word_1_243' title='bbox 181 1943 412 1997; x_wconf 84' lang='lat' dir='ltr'>superiora,</span> <span class='ocrx_word' id='word_1_244' title='bbox 439 1943 552 1996; x_wconf 87' lang='lat' dir='ltr'>quod</span> <span class='ocrx_word' id='word_1_245' title='bbox 577 1942 622 1982; x_wconf 91' lang='lat' dir='ltr'>in</span> <span class='ocrx_word' id='word_1_246' title='bbox 642 1942 702 1982; x_wconf 92' lang='lat' dir='ltr'>eis</span> <span class='ocrx_word' id='word_1_247' title='bbox 723 1942 905 1982; x_wconf 85' lang='lat' dir='ltr'>maxime</span> <span class='ocrx_word' id='word_1_248' title='bbox 925 1941 1130 1996; x_wconf 86' lang='lat' dir='ltr'>perfectio</span> <span class='ocrx_word' id='word_1_249' title='bbox 1153 1946 1278 1997; x_wconf 86' lang='lat' dir='ltr'>atque</span> <span class='ocrx_word' id='word_1_250' title='bbox 1300 1943 1515 1984; x_wconf 85' lang='lat' dir='ltr'>absolutio</span> 
     </span>
     <span class='ocr_line' id='line_1_33' title="bbox 179 1999 1516 2054; baseline 0 -12"><span class='ocrx_word' id='word_1_251' title='bbox 179 2002 403 2042; x_wconf 83' lang='lat' dir='ltr'>iudicatur.</span> <span class='ocrx_word' id='word_1_252' title='bbox 465 1999 578 2041; x_wconf 83' lang='lat' dir='ltr'>Nam</span> <span class='ocrx_word' id='word_1_253' title='bbox 609 2015 758 2040; x_wconf 87' lang='lat' dir='ltr'>vorsus</span> <span class='ocrx_word' id='word_1_254' title='bbox 792 2014 921 2053; x_wconf 85' lang='lat' dir='ltr'>aeque</span> <span class='ocrx_word' id='word_1_255' title='bbox 952 2000 1090 2054; x_wconf 87' lang='lat' dir='ltr'>prima</span> <span class='ocrx_word' id='word_1_256' title='bbox 1127 2004 1169 2041; x_wconf 92' lang='lat' dir='ltr'>et</span> <span class='ocrx_word' id='word_1_257' title='bbox 1206 2001 1345 2041; x_wconf 87' lang='lat' dir='ltr'>media</span> <span class='ocrx_word' id='word_1_258' title='bbox 1376 2004 1418 2042; x_wconf 86' lang='lat' dir='ltr'>et</span> <span class='ocrx_word' id='word_1_259' title='bbox 1449 2016 1516 2042; x_wconf 89' lang='lat' dir='ltr'>ex-</span> 
     </span>
     <span class='ocr_line' id='line_1_34' title="bbox 181 2058 1515 2113; baseline 0 -13"><span class='ocrx_word' id='word_1_260' title='bbox 181 2063 316 2100; x_wconf 81' lang='lat' dir='ltr'>trema</span> <span class='ocrx_word' id='word_1_261' title='bbox 347 2073 446 2113; x_wconf 88' lang='lat' dir='ltr'>pars</span> <span class='ocrx_word' id='word_1_262' title='bbox 479 2059 731 2112; x_wconf 84' lang='lat' dir='ltr'>attenditur,</span> <span class='ocrx_word' id='word_1_263' title='bbox 769 2058 840 2111; x_wconf 85' lang='lat' dir='ltr'>qui</span> <span class='ocrx_word' id='word_1_264' title='bbox 873 2058 1138 2112; x_wconf 86' lang='lat' dir='ltr'>debilitatur,</span> <span class='ocrx_word' id='word_1_265' title='bbox 1172 2059 1219 2099; x_wconf 89' lang='lat' dir='ltr'>in</span> <span class='ocrx_word' id='word_1_266' title='bbox 1251 2073 1515 2113; x_wconf 85' lang='lat' dir='ltr'>quacumque</span> 
     </span>
     <span class='ocr_line' id='line_1_35' title="bbox 181 2116 1515 2171; baseline -0.001 -12"><span class='ocrx_word' id='word_1_267' title='bbox 181 2121 246 2159; x_wconf 90' lang='lat' dir='ltr'>est</span> <span class='ocrx_word' id='word_1_268' title='bbox 285 2120 406 2171; x_wconf 88' lang='lat' dir='ltr'>parte</span> <span class='ocrx_word' id='word_1_269' title='bbox 444 2117 697 2170; x_wconf 80' lang='lat' dir='ltr'>titubatum3</span> <span class='ocrx_word' id='word_1_270' title='bbox 734 2116 780 2156; x_wconf 92' lang='lat' dir='ltr'>in</span> <span class='ocrx_word' id='word_1_271' title='bbox 811 2116 1003 2157; x_wconf 89' lang='lat' dir='ltr'>oratione</span> <span class='ocrx_word' id='word_1_272' title='bbox 1043 2120 1186 2158; x_wconf 85' lang='lat' dir='ltr'>autem</span> <span class='ocrx_word' id='word_1_273' title='bbox 1216 2117 1341 2171; x_wconf 87' lang='lat' dir='ltr'>pauci</span> <span class='ocrx_word' id='word_1_274' title='bbox 1377 2117 1515 2171; x_wconf 84' lang='lat' dir='ltr'>prima</span> 
     </span>
     <span class='ocr_line' id='line_1_36' title="bbox 182 2174 1566 2229; baseline 0 -12"><span class='ocrx_word' id='word_1_275' title='bbox 182 2179 374 2229; x_wconf 89' lang='lat' dir='ltr'>cernunt,</span> <span class='ocrx_word' id='word_1_276' title='bbox 404 2178 622 2229; x_wconf 88' lang='lat' dir='ltr'>postrema</span> <span class='ocrx_word' id='word_1_277' title='bbox 646 2174 849 2228; x_wconf 87' lang='lat' dir='ltr'>plerique,</span> <span class='ocrx_word' id='word_1_278' title='bbox 881 2189 987 2227; x_wconf 89' lang='lat' dir='ltr'>quae</span> <span class='ocrx_word' id='word_1_279' title='bbox 1013 2176 1215 2228; x_wconf 84' lang='lat' dir='ltr'>quoniam</span> <span class='ocrx_word' id='word_1_280' title='bbox 1241 2178 1446 2229; x_wconf 84' lang='lat' dir='ltr'>apparent</span> <span class='ocrx_word' id='word_1_281' title='bbox 1472 2179 1514 2216; x_wconf 90' lang='lat' dir='ltr'>et</span> <span class='ocrx_word' id='word_1_282' title='bbox 1533 2193 1566 2217; x_wconf 78' lang='lat'>35</span> 
     </span>
     <span class='ocr_line' id='line_1_37' title="bbox 180 2233 1514 2288; baseline -0.001 -13"><span class='ocrx_word' id='word_1_283' title='bbox 180 2234 501 2288; x_wconf 82' lang='lat' dir='ltr'>intelleguntur,</span> <span class='ocrx_word' id='word_1_284' title='bbox 532 2233 733 2273; x_wconf 85' lang='lat' dir='ltr'>varianda</span> <span class='ocrx_word' id='word_1_285' title='bbox 760 2235 870 2285; x_wconf 86' lang='lat' dir='ltr'>sunt,</span> <span class='ocrx_word' id='word_1_286' title='bbox 900 2247 951 2273; x_wconf 92' lang='lat' dir='ltr'>ne</span> <span class='ocrx_word' id='word_1_287' title='bbox 979 2236 1051 2273; x_wconf 87' lang='lat' dir='ltr'>aut</span> <span class='ocrx_word' id='word_1_288' title='bbox 1078 2233 1317 2274; x_wconf 79' lang='lat' dir='ltr'>animorum</span> <span class='ocrx_word' id='word_1_289' title='bbox 1347 2233 1514 2274; x_wconf 86' lang='lat' dir='ltr'>iudiciis</span> 
     </span>
     <span class='ocr_line' id='line_1_38' title="bbox 114 2290 1514 2347; baseline -0.001 -14"><span class='ocrx_word' id='word_1_290' title='bbox 114 2292 460 2347; x_wconf 79' lang='lat' dir='ltr'>1931·epudientur</span> <span class='ocrx_word' id='word_1_291' title='bbox 492 2294 565 2332; x_wconf 85' lang='lat' dir='ltr'>aut</span> <span class='ocrx_word' id='word_1_292' title='bbox 598 2290 764 2332; x_wconf 87' lang='lat' dir='ltr'>aurium</span> <span class='ocrx_word' id='word_1_293' title='bbox 797 2290 1006 2331; x_wconf 87' lang='lat' dir='ltr'>satietate.</span> <span class='ocrx_word' id='word_1_294' title='bbox 1067 2291 1164 2332; x_wconf 92' lang='lat' dir='ltr'>Duo</span> <span class='ocrx_word' id='word_1_295' title='bbox 1191 2292 1304 2332; x_wconf 84' lang='lat' dir='ltr'>enim</span> <span class='ocrx_word' id='word_1_296' title='bbox 1329 2294 1403 2332; x_wconf 87' lang='lat' dir='ltr'>aut</span> <span class='ocrx_word' id='word_1_297' title='bbox 1427 2294 1514 2332; x_wconf 85' lang='lat' dir='ltr'>tres</span> 
     </span>
    </p>
   </div>
   <div class='ocr_carea' id='block_1_3' title="bbox 113 1862 176 1892">
    <p class='ocr_par' dir='ltr' id='par_1_3' title="bbox 113 1862 176 1892">
     <span class='ocr_line' id='line_1_39' title="bbox 113 1862 176 1892; baseline 0 -1"><span class='ocrx_word' id='word_1_298' title='bbox 113 1862 176 1892; x_wconf 68' lang='lat'>19⁶2</span> 
     </span>
    </p>
   </div>
   <div class='ocr_carea' id='block_1_4' title="bbox 1641 266 1643 1254">
    <p class='ocr_par' dir='ltr' id='par_1_4' title="bbox 1641 266 1643 1254">
     <span class='ocr_line' id='line_1_40' title="bbox 1641 266 1643 1254; baseline 0 0"><span class='ocrx_word' id='word_1_299' title='bbox 1641 266 1643 1254; x_wconf 95' lang='lat' dir='ltr'> </span> 
     </span>
    </p>
   </div>
  </div>
 </body>
</html>
