1643 2526
502 93 602 129 CAP.
630 97 778 128 64—65.
829 97 847 135 g
874 96 1071 128 214—220.
1371 91 1455 133 375

117 190 189 243 qui
220 189 350 230 habet
382 189 460 230 tris
492 190 640 230 breves
672 188 918 242 trochaeus,
963 188 1035 229 sed
1068 187 1207 242 spatio
1238 202 1333 241 par,
1370 201 1457 227 11011

117 248 306 302 syllabis,
337 251 413 289 aut
439 248 568 288 etiam
595 247 800 301 dactylus,
832 246 904 300 qui
931 248 995 287 est
1023 260 1044 287 e
1070 246 1200 301 longa
1225 248 1267 286 et
1292 245 1455 286 duabus

118 306 334 360 brevibus,
379 306 414 346 si
452 309 516 347 est
554 305 772 360 proximus
812 319 836 345 a
871 307 1109 358 postremo,
1151 318 1303 358 parum
1340 303 1457 344 volu-

117 365 261 405 biliter
291 364 484 418 pervenit
511 365 563 404 ad
589 367 838 417 extremum,
870 363 906 403 si
932 365 997 403 est
1028 365 1242 404 extremus
1276 361 1454 403 choreus

83 440 98 463 5
118 426 192 464 aut
224 422 444 477 spondius3
475 437 708 476 numquam
740 421 852 462 enim
883 421 1062 462 interest
1093 423 1189 462 uter
1221 421 1277 461 sit
1309 434 1456 461 eorum

116 481 161 521 in
191 482 296 535 pede
328 484 529 522 extremo.
592 480 674 521 Sed
710 479 822 521 idem
857 479 903 520 hi
940 482 1026 520 tres
1058 479 1185 533 pedes
1218 478 1328 519 male
1361 492 1457 519 con-

117 539 310 594 cludunt,
354 539 390 580 si
429 539 522 592 quis
561 553 707 580 eorum
745 538 790 578 in
826 540 1015 578 extremo
1054 537 1219 578 locatus
1253 540 1336 591 est,
1372 536 1456 577 nisi

117 613 214 639 cum
250 612 328 652 pro
361 598 517 638 cretico
555 600 796 651 postremus
835 599 900 637 est
938 596 1149 650 dactylus,
1197 595 1305 635 nihil
1344 595 1457 635 enim

115 656 295 697 interest
334 656 528 710 dactylus
568 655 624 696 sit
662 659 875 696 extremus
914 669 968 695 an
1006 654 1206 708 creticus,
1249 653 1349 707 quia
1384 667 1457 707 po-

65 731 98 755 10
119 718 277 755 strema
309 714 474 768 syllaba
504 714 644 754 brevis
671 728 725 754 an
749 713 879 768 longa
905 713 961 753 sit
986 727 1039 753 ne
1064 712 1110 752 in
1134 726 1260 753 versu
1286 711 1456 765 quidem

116 772 256 813 refert.
308 772 445 821 Quare
473 772 603 813 etiam
629 786 791 826 paeana
817 771 889 825 qui
915 771 1023 812 dixit
1049 770 1270 825 aptiorem,
1300 770 1346 810 in
1372 779 1526 823 qu0218

118 834 230 872 esset
262 831 391 886 longa
422 833 658 885 postrema,
688 830 795 871 vidit
825 844 994 884 parum,
1032 828 1233 882 quoniam
1263 827 1372 868 nihil
1405 828 1457 868 ad

117 904 205 930 rem
239 892 314 943 est,
345 892 562 943 postrema
595 903 722 942 quam
752 888 882 943 longa
914 887 980 928 sit.
1042 887 1135 927 Iam
1165 901 1313 940 paean,
1345 886 1457 939 quod

116 949 260 1002 plures
293 948 450 988 habeat
482 947 667 1001 syllabas
701 961 828 1000 quam
859 946 956 1000 tris,
996 959 1196 986 numerus
1230 959 1254 985 a
1286 945 1457 998 quibus-

65 1023 97 1047 15
118 1007 233 1059 dam,
269 1020 355 1046 non
391 1020 466 1059 pes
497 1005 692 1046 habetur.
753 1005 834 1045 Est
867 1004 1055 1058 quidem,
1094 1006 1142 1044 ut
1173 1003 1286 1043 inter
1318 1002 1456 1043 omnis

118 1067 287 1105 constat
332 1064 549 1117 antiquos,
591 1063 890 1116 Aristotelem,
926 1062 1287 1116 Theophrastum,
1324 1060 1458 1101 Theo-

117 1123 278 1176 decten,
309 1121 543 1175 Ephorum,
575 1136 684 1161 unus
712 1120 958 1175 aptissimus
992 1120 1176 1160 orationi
1202 1119 1269 1160 vel
1302 1119 1456 1159 orienti

116 1180 183 1221 vel
214 1180 393 1234 mediae,
436 1182 591 1233 putant
621 1179 685 1219 illi
718 1179 847 1220 etiam
879 1178 1064 1233 cadenti,
1102 1192 1185 1231 quo
1223 1178 1318 1219 1000
1351 1177 1456 1217 mihi
1507 1206 1515 1209 -

116 1239 284 1279 videtur
321 1239 461 1292 aptior
499 1237 692 1278 creticus.
754 1237 990 1278 Dochmius
1029 1239 1172 1277 autem
1211 1251 1231 1277 e
1270 1235 1456 1289 quinque

65 1314 97 1338 20
118 1296 307 1350 syllabis,
337 1296 467 1350 brevi,
500 1296 663 1337 duabus
689 1295 843 1350 longis,
874 1295 1004 1349 brevi,
1028 1295 1170 1349 longa,
1195 1297 1243 1335 ut
1268 1296 1332 1334 est
1358 1293 1456 1334 hoc:

117 1355 321 1396 Amicos
359 1357 521 1408 tenes,
565 1353 715 1407 quovis
754 1354 849 1394 loco
892 1356 1017 1407 aptus
1056 1356 1138 1406 est,
1182 1352 1280 1392 dum
1327 1352 1457 1392 semel

117 1416 319 1467 ponatur:
362 1413 543 1453 iteratus
582 1415 655 1452 aut
687 1411 962 1452 continuatus
999 1425 1224 1451 numerum
1262 1413 1457 1464 apertum

118 1475 161 1512 et
192 1470 320 1511 nimis
351 1470 565 1525 insignem
596 1469 712 1510 facit.
773 1469 854 1510 His
893 1469 1025 1523 igitur
1063 1472 1129 1509 tot
1161 1468 1457 1509 commutatio—

117 1530 243 1570 nibus
275 1532 447 1582 tamque
473 1528 601 1569 variis
630 1528 665 1568 si
690 1530 870 1580 utemur,
901 1541 978 1568 nec
1011 1526 1347 1580 deprehendetur
1373 1541 1458 1567 ma-

66 1604 98 1630 25
117 1587 274 1628 nifesto
314 1587 413 1640 quid
452 1601 476 1627 a
511 1586 635 1627 nobis
674 1586 723 1626 de
764 1585 976 1626 industria
1013 1586 1089 1625 fiat
1130 1588 1172 1625 et
1213 1588 1458 1626 occurretur

119 1645 321 1687 satietati.
371 1645 430 1685 Et
457 1644 555 1698 quia
580 1659 667 1685 11011
692 1658 869 1684 numero
896 1643 1034 1684 solum
1065 1657 1293 1684 numerosa
1319 1643 1456 1683 oratio

119 1704 192 1744 sed
223 1706 265 1744 et
298 1703 608 1756 compositione
645 1702 694 1743 fit
727 1706 768 1743 et
800 1716 972 1757 genere,
1009 1702 1121 1756 quod
1160 1704 1257 1742 ante
1296 1701 1458 1742 dictum

120 1765 196 1816 est,
216 1761 517 1802 concinnitatis
541 1785 589 1789 —
615 1760 924 1814 compositione
944 1763 1088 1814 potest
1108 1759 1313 1814 intellegi,
1328 1773 1457 1813 quom

119 1820 181 1860 ita
214 1822 377 1860 structa
401 1819 531 1860 verba
563 1822 674 1873 sunt,
705 1822 753 1859 ut
783 1833 984 1859 numerus
1016 1832 1103 1859 non
1135 1818 1352 1872 quaesitus
1386 1817 1457 1858 sed

68 1894 101 1919 30
119 1878 211 1931 ipse
249 1879 419 1918 secutus
458 1891 548 1917 esse
586 1877 796 1931 videatur,
835 1879 884 1917 ut
921 1876 1032 1930 apud
1070 1874 1288 1916 Crassum:
1333 1874 1458 1916 Nam

124 1935 205 1976 ubi
242 1934 418 1975 lubido
457 1934 763 1989 dominatur,
806 1933 1131 1975 innocentiae
1172 1934 1280 1974 leve
1317 1948 1459 1987 prae·
1508 1984 1510 1986 Ι

122 1993 306 2034 sidium
345 1995 438 2046 est,
488 1993 589 2033 ordo
634 1992 747 2033 enim
789 1992 1016 2033 verborum
1060 1992 1192 2032 efficit
1234 2006 1459 2032 numerum

122 2051 211 2092 sine
244 2050 330 2091 ulla
362 2053 510 2104 aperta
542 2050 724 2091 oratoris
754 2050 965 2090 industria
1001 2067 1073 2099 —3
1105 2050 1248 2103 itaque
1282 2050 1318 2090 si
1350 2064 1457 2103 quae

121 2112 284 2150 veteres
315 2108 391 2162 illi,
421 2107 688 2149 Herodotum
718 2108 812 2149 dico
845 2111 886 2149 et
918 2107 1207 2162 Thucydidem
1237 2111 1457 2160 totamque

70 2184 102 2209 35
122 2182 216 2208 eam
249 2169 444 2219 aetatem,
476 2169 572 2219 apte
603 2180 910 2220 numeroseque
942 2166 1151 2220 dixerunt,
1188 2181 1237 2207 ea
1267 2180 1354 2205 non
1384 2180 1458 2205 nu-

123 2239 238 2265 mero
272 2223 478 2278 quaesito,
516 2224 588 2264 sed
618 2224 846 2265 verborum
878 2224 1171 2265 conlocatione
1204 2223 1456 2265 ceciderunt.

123 2282 303 2323 Formae
343 2296 442 2322 vero
482 2281 687 2334 quaedam
729 2284 827 2322 sunt
868 2281 1092 2335 orationis,
1133 2282 1179 2321 in
1217 2280 1370 2334 quibus
1409 2291 1526 2321 eae-20

1472 1445 1527 1486 65

1461 1513 1526 1544 <219
