1643 2526
150 88 249 132 Lm
575 97 846 132 ADNOTATIO
877 97 1076 133 CR1TICA.

150 202 276 246 Meyer
307 223 350 228 —
382 203 420 237 P.
448 207 527 237 329.
555 206 586 238 8.
611 203 654 237 in
677 207 777 249 qestu
803 203 873 239 del.
903 203 1000 238 Bake
1033 224 1076 228 —
1112 207 1165 238 13.
1191 203 1383 247 inflexione
1407 201 1489 236 Pid.

150 269 194 273 —
224 254 277 284 17.
303 254 368 285 aut
392 249 419 283 L
445 251 493 285 sit
518 254 584 284 aut
608 249 701 284 Non.
735 270 778 275 —
810 251 1014 285 uoltuosum
1039 251 1087 285 stt
1110 249 1138 283 L
1164 250 1369 285 vultuosum
1392 248 1486 282 Non.

151 317 195 321 —
222 300 277 331 22.
303 298 433 331 summi
457 296 607 330 Muther
630 317 676 321 ———
701 300 757 332 24.
783 298 823 331 icl
842 301 891 332 est
910 309 960 332 or.
984 296 1069 331 incl.
1092 296 1248 331 Schuetz
1275 316 1319 320 —
1346 299 1400 330 26.
1427 296 1492 339 qui

151 342 234 377 add.
250 343 402 387 Madvig
422 363 466 368 —
485 344 571 378 haec
590 344 713 388 compl.
735 347 785 378 est
804 345 925 378 omnia
945 343 1016 377 del.
1036 343 1188 388 Maehly
1209 364 1250 368 —
1272 346 1327 377 31.
1348 343 1489 386 quidem

150 389 220 423 FP
238 389 266 424 O
294 409 336 414 —
363 393 418 424 32.
445 401 470 424 a
494 391 606 425 divin.
633 390 739 424 Laur.
767 395 822 433 50,
846 394 887 424 18
913 401 1011 424 man.
1038 394 1058 424 2
1084 389 1303 432 Heerdegen
1329 389 1388 432 (de
1415 387 1490 422 div.

150 437 247 478 1303
274 447 318 471 ex
343 436 359 469 I
380 441 434 480 16,
460 436 493 470 II
515 439 572 481 69)
606 457 649 461 -
680 441 735 471 36.
769 441 801 471 et
831 439 1008 472 suavitate
1039 436 1123 470 add.
1150 450 1177 470 ω
1211 456 1252 461 —
1286 435 1323 470 P.
1351 438 1429 470 330.
1457 440 1488 469 3.

150 483 219 525 ficle
238 482 266 516 L
291 484 343 518 sic
362 484 404 517 de
428 482 447 516 f
468 487 500 518 et
519 484 561 518 cle
584 483 806 527 Heerdegen
830 504 876 508 —-
902 487 932 518 9.
954 484 1148 528 popularis
1166 482 1194 516 L
1214 482 1458 527 popularibus
1475 481 1495 514 f

152 550 194 554 —-
223 533 277 564 11.
302 530 467 564 mirabile
491 530 518 563 L
545 541 635 565 corr.
662 529 710 563 Ε2
735 531 874 564 Manut.
910 551 953 555 —-
990 534 1042 564 15.
1076 531 1252 565 orationis
1276 529 1304 562 L
1335 529 1491 563 oratoris

150 576 200 620 lg.
222 581 265 610 32
293 597 337 601 —
366 579 418 610 19.
440 578 486 611 iis
511 576 539 610 P
566 597 610 602 --
635 581 690 610 24.
717 578 877 621 apertius
902 577 929 610 L
956 577 1068 611 altius
1092 575 1201 610 Beier
1228 596 1270 600 —
1296 575 1334 610 P.
1356 578 1433 609 331.
1461 581 1489 608 1.

151 624 259 658 caelat
271 623 511 667 Wesenberg.
533 645 575 648 —-
597 626 629 658 5.
650 625 825 658 incitatus
844 623 872 656 L
892 625 1081 658 incitatius
1100 622 1171 656 F²f
1187 643 1230 648 —
1254 625 1306 656 15.
1320 622 1491 656 nonnulli

151 671 299 704 aurium
337 669 493 704 Schuetz
530 671 700 705 nonnulli
737 681 857 705 eorum
894 669 1047 713 Madvig
1085 690 1128 695 —
1165 670 1348 705 voluntate
1381 668 1491 703 Laur.

152 719 207 759 50,
231 720 272 750 18
300 716 447 760 Sauppe
472 717 653 761 voluptati
676 717 726 760 lg.
748 720 791 750 32
819 716 975 750 Schuetz
995 716 1148 760 Madvig
1170 737 1211 741 —
1239 719 1293 750 30.
1315 716 1492 750 orationis

151 763 179 796 L
205 765 359 798 oratoris
383 763 417 796 N
457 783 499 788 —
538 765 576 798 P.
605 767 684 798 332.
712 767 766 798 22.
799 764 978 798 subtiliter
1003 764 1117 798 (licere
1142 762 1267 796 Lamb.
1293 782 1340 786 —
1371 765 1426 796 23.
1453 762 1491 796 hi

153 809 373 853 Heerdegen
397 830 442 835 —-
468 813 522 843 25.
543 811 608 844 etsi
627 811 721 844 enim
739 809 864 843 Lamb.
894 830 934 835 —-
963 814 1018 845 31.
1038 814 1124 844 esset
1142 809 1170 843 L
1191 813 1241 844 est
1259 812 1291 844 et
1311 807 1448 852 Gryph.
1469 812 1490 842 2

152 861 201 890 est
227 869 253 889 ω
290 876 335 881 -
374 860 427 891 36.
466 857 628 891 dicamus
653 856 737 890 Ern.
775 876 818 881 —
857 857 1011 891 dicimus
1115 860 1148 891 et
1172 856 1211 890 iel
1245 865 1288 889 ex
1314 855 1392 890 cod.
1419 854 1490 889 del.

152 902 277 937 Lamb.
312 922 355 928 -
385 907 427 937 ut
451 904 491 937 id
517 903 625 937 Klotz
662 923 707 928 —
744 903 782 936 P.
810 906 889 937 333.
917 905 948 936 8.
981 903 1090 946 probi
1115 902 1132 935 f
1162 924 1203 927 —
1237 906 1268 936 9.
1301 903 1342 936 in
1368 912 1439 935 om.
1463 901 1493 934 L

153 949 236 984 add.
257 948 275 982 f
296 970 340 974 —
369 954 422 984 10.
450 951 617 984 maestior
636 949 663 982 L
689 950 827 984 tristior
854 960 896 983 ex
922 948 1045 991 Quint.
1074 949 1105 982 ΙΙ
1127 952 1181 991 13,
1204 953 1244 983 13
1274 948 1421 992 Sauppe
1447 968 1490 972 —

153 999 207 1030 35.
234 997 387 1031 oratorii
406 1009 432 1029 ω
459 1016 502 1021 -
529 996 566 1030 P.
583 999 662 1030 334.
677 1001 708 1031 3.
735 997 857 1030 hiatus
881 1007 1057 1031 concursu
1075 995 1103 1029 L
1129 1006 1173 1030 ex
1193 994 1315 1036 Quint.
1335 994 1386 1028 IX
1399 997 1433 1039 4,
1448 999 1489 1029 37

153 1044 191 1076 et
228 1042 293 1076 Iul.
333 1042 430 1077 Vict.
469 1046 555 1084 432,
582 1046 625 1076 35
666 1053 756 1076 corr.
794 1042 903 1076 Beier
942 1063 985 1067 —
1023 1046 1079 1076 21.
1116 1046 1149 1077 et
1191 1052 1299 1077 suave
1342 1041 1495 1075 Rubner

154 1109 196 1114 —-
230 1093 283 1124 23.
317 1093 422 1134 atque
447 1088 475 1122 L
507 1090 614 1133 idque
647 1089 769 1123 Moser
807 1094 911 1133 atque
936 1090 975 1123 iel
1014 1088 1123 1123 Orell.
1162 1099 1205 1123 ac
1229 1089 1323 1133 quod
1361 1087 1491 1132 scripsi

154 1138 246 1180 (262,
268 1138 326 1179 37)
365 1156 407 1160 —
447 1139 503 1170 26.
540 1137 725 1171 verborum
758 1135 821 1170 alt.
855 1135 938 1169 add.
971 1135 1023 1178 N,
1060 1137 1145 1169 ante
1178 1139 1328 1170 ornatus
1361 1134 1493 1178 Stangl

154 1185 247 1227 (427,
268 1183 327 1227 29)
352 1202 397 1207 -
423 1186 477 1217 28.
505 1187 636 1217 sonant
662 1184 699 1216 et
723 1183 923 1226 explanant
948 1181 977 1215 E
1012 1202 1047 1206 —-
1075 1185 1130 1216 29.
1157 1186 1222 1216 aut
1245 1182 1383 1224 factum
1407 1181 1435 1214 L
1461 1185 1494 1216 et

153 1233 309 1264 sumtum
328 1228 454 1263 Lamb.
476 1240 518 1264 ac
536 1233 717 1273 sumptum
735 1229 858 1271 Halm,
879 1229 951 1262 del.
972 1228 1125 1272 Madvig
1151 1248 1193 1252 —
1221 1231 1275 1262 30.
1303 1232 1344 1262 ut
1361 1238 1493 1263 novum

153 1275 280 1310 Lamb.
306 1280 339 1311 et
363 1287 494 1310 novum
520 1275 676 1309 Schuetz
702 1287 744 1310 ac
768 1287 900 1310 novum
924 1274 1077 1318 Madvig
1103 1295 1145 1300 —
1173 1278 1227 1309 31.
1254 1276 1429 1309 usitatum
1455 1276 1494 1308 et

153 1324 291 1358 usitata
314 1322 342 1356 L
369 1333 459 1357 corr.
487 1335 513 1356 co
541 1343 583 1347 —
610 1322 648 1356 P.
676 1326 754 1356 335.
782 1326 812 1356 3.
840 1327 872 1357 et
891 1324 931 1356 'in
955 1322 982 1355 L
1009 1323 1049 1356 in
1073 1321 1203 1355 Rivius
1230 1341 1273 1346 —-
1299 1325 1331 1355 4.
1358 1332 1399 1355 ea
1418 1325 1493 1356 tra-

154 1370 287 1404 latione
312 1368 531 1412 Heerdegen
556 1370 793 1403 translatione
818 1380 859 1403 ea
892 1368 1022 1412 Stangl
1060 1389 1104 1393 —
1144 1373 1174 1403 7.
1212 1369 1302 1402 scire
1328 1367 1431 1401 F1P¹
1447 1367 1494 1402 0¹

153 1418 254 1451 sitire
279 1415 356 1449 F2f
366 1416 393 1449 E
408 1415 503 1449 Non.
532 1416 700 1450 lasciuire
724 1415 752 1449 L
786 1436 826 1440 ——
859 1417 959 1450 sitire
985 1426 1090 1459 aqros
1121 1414 1279 1448 fortasse
1310 1424 1494 1458 gramma-

154 1463 248 1496 ticus
276 1461 428 1505 quidam
454 1463 560 1496 vetus
581 1473 624 1496 ex
644 1461 767 1504 Quint.
788 1461 873 1495 VIII
894 1467 925 1504 6,
941 1466 960 1496 6
981 1461 1138 1496 addidit.
1165 1481 1209 1486 --
1235 1465 1291 1495 21.
1313 1461 1495 1496 adhibebit

154 1509 256 1543 Bake
294 1529 337 1534 —
376 1513 431 1542 22.
464 1513 641 1553 ceteroque
667 1508 777 1543 FPO
793 1508 826 1542 N
859 1513 973 1543 cetera
998 1508 1016 1541 f
1037 1509 1241 1552 ceteroquin
1265 1507 1293 1541 L
1319 1509 1495 1551 ceteroqui

155 1555 373 1599 Heerdegen
410 1575 455 1580 —
493 1560 548 1589 24.
586 1557 617 1590 si
642 1555 669 1588 L
701 1556 754 1589 sic
779 1568 805 1588 ω
844 1575 886 1579 -
925 1567 948 1589 a
974 1554 1057 1590 add.
1085 1568 1111 1587 ω
1149 1574 1195 1579 -
1233 1557 1287 1588 26.
1326 1554 1495 1599 eltqetque

153 1602 280 1637 Lamb.
307 1606 339 1637 et
363 1602 467 1647 eliqet
491 1601 593 1635 Bake
626 1622 667 1626 —
695 1602 869 1646 pleraque
894 1600 964 1633 PE
985 1601 1177 1645 pleraeque
1201 1600 1229 1634 L
1262 1620 1305 1625 —-
1335 1604 1441 1644 aptae
1465 1600 1495 1633 L

155 1654 244 1693 apta
270 1648 396 1682 Lamb.
425 1668 468 1672 —
495 1651 549 1682 30.
577 1649 681 1691 quasi
708 1659 776 1682 om.
803 1647 870 1681 Iul.
898 1647 993 1681 Vict.
1031 1667 1073 1672 —
1113 1648 1148 1682 P.
1175 1651 1254 1681 336.
1283 1651 1313 1681 1.
1341 1651 1495 1681 assumet

154 1695 281 1729 Lamb.
310 1715 353 1719 —
382 1697 434 1728 10.
462 1695 600 1729 accedet
624 1694 751 1728 Lamb.
778 1714 823 1720 —
852 1697 903 1728 15.
930 1695 1062 1728 mirum
1080 1692 1163 1727 Ald.
1186 1697 1205 1727 2
1234 1714 1275 1718 —
1302 1697 1357 1728 26.
1386 1705 1402 1728 e
1422 1693 1493 1727 FN

155 1753 198 1777 ec
224 1741 273 1785 lg.
296 1745 339 1775 32
360 1740 389 1774 E
411 1751 480 1774 om.
502 1740 529 1773 P
545 1740 606 1775 Of
628 1742 722 1784 (213,
745 1741 800 1784 10)
827 1761 870 1766 —
896 1740 933 1775 P.
963 1744 1041 1775 337.
1069 1745 1099 1775 4.
1128 1740 1414 1784 (aliquamtoque
1439 1740 1496 1774 in-

155 1787 249 1832 cipit
272 1788 305 1822 A
331 1808 374 1812 -—-
403 1791 432 1822 7.
459 1788 650 1822 uerborum
674 1787 707 1820 A
735 1808 780 1812 —
811 1788 981 1822 sanitatis
1006 1786 1114 1820 Beier
1139 1807 1183 1812 —-
1209 1788 1241 1822 st
1265 1786 1298 1820 A
1323 1792 1372 1821 est
1396 1787 1424 1820 L
1451 1807 1495 1812 ——

158 1840 210 1870 11.
238 1835 440 1869 ornamenti
463 1834 495 1867 A
521 1835 697 1869 orationis
721 1834 749 1868 L
777 1854 820 1859 ——
849 1837 902 1867 14.
930 1834 1082 1877 liquitur
1107 1833 1140 1866 A
1166 1834 1327 1878 loquitur
1354 1834 1378 1867 L
1406 1834 1496 1868 labi-

155 1887 216 1917 tur
240 1880 414 1925 Purgold.
453 1880 536 1914 Non
563 1879 747 1924 displicet.
789 1880 842 1913 Ac
868 1881 994 1914 tamen
1020 1880 1067 1914 ab
1093 1879 1274 1914 inusitato
1300 1880 1411 1914 verbo
1430 1880 1495 1914 illo

156 1930 193 1962 et
218 1929 412 1971 poetarum
437 1926 609 1961 recedere
635 1926 756 1969 nolui,
791 1926 821 1960 si
854 1925 1005 1970 quidem
1036 1926 1236 1970 coniugata
1261 1926 1306 1960 de
1334 1926 1497 1961 dictione

156 1974 340 2008 dicuntur.
381 1977 459 2016 107,
480 1978 517 2015 43
545 1977 623 2016 295,
647 1977 705 2015 12;
733 1972 855 2015 Quint.
882 1973 949 2006 XII
971 1977 1001 2014 6,
1022 1976 1044 2006 4
1070 1972 1162 2007 Non.
1185 1977 1264 2007 334.
1302 1973 1356 2007 De
1375 1972 1497 2008 verbis
1537 1999 1542 2004 .

156 2021 269 2055 semel
302 2019 516 2055 dictis'vid.
544 2023 598 2063 81,
620 2023 652 2054 4.
692 2040 735 2045 -
773 2021 954 2054 illustrent
978 2020 1010 2052 A
1049 2040 1091 2044 —
1133 2022 1186 2054 15.
1223 2023 1364 2055 mutata
1387 2020 1419 2052 A
1452 2040 1496 2044 —

158 2072 210 2102 16.
238 2079 279 2102 ea
305 2068 383 2101 (lico
408 2066 468 2100 Ff
491 2087 534 2091 ——
563 2071 616 2101 17.
650 2071 791 2101 mutata
816 2065 841 2099 C
868 2076 958 2100 corr.
987 2065 1142 2099 Schuetz
1170 2068 1263 2110 (205,
1287 2067 1344 2112 17)
1371 2087 1411 2091 —
1443 2070 1495 2100 18.

149 2115 302 2159 proprio
329 2124 398 2148 om.
425 2112 467 2147 A.
513 2112 583 2147 Cfr.
612 2113 733 2154 Quint.
760 2112 847 2146 VIII
875 2117 906 2155 6,
927 2116 970 2146 23
1000 2132 1040 2137 -
1068 2116 1122 2146 21.
1150 2113 1240 2148 (licit
1265 2112 1283 2146 f
1305 2133 1347 2138 —-
1374 2117 1498 2148 arcent

154 2162 244 2196 urbe
274 2161 361 2195 orbo
394 2160 426 2193 A
457 2171 574 2194 arcem
605 2164 637 2194 et
667 2161 790 2194 urbem
821 2160 926 2194 orbas
956 2158 983 2191 L
1016 2170 1095 2193 arce
1127 2163 1159 2193 et
1189 2160 1276 2194 urbe
1307 2160 1395 2194 orba
1419 2170 1498 2194 sum

156 2219 175 2242 e
201 2208 308 2241 Tuse.
335 2206 386 2240 III
411 2209 456 2240 44
482 2206 608 2240 Lamb.
637 2225 680 2230 —
708 2209 762 2240 22.
783 2207 814 2240 εί
921 2209 954 2239 et
978 2204 1062 2239 incl.
1091 2205 1238 2239 Goeller
1265 2226 1308 2230 —
1335 2209 1390 2240 23.
1418 2217 1498 2240 cum

156 2256 246 2289 (licit
271 2253 341 2287 del.
369 2252 481 2286 Halm
512 2273 557 2278 --
591 2256 644 2286 24.
677 2254 862 2287 immutate
887 2252 919 2285 A
944 2253 1111 2287 immutat
1135 2251 1163 2284 L
1196 2272 1239 2277 —-
1267 2263 1338 2296 pro
1363 2252 1409 2287 A.
1436 2253 1496 2286 im.

156 2302 239 2344 Afr.
279 2300 350 2335 del.
388 2299 490 2333 Bake
528 2298 639 2333 Halm
676 2319 721 2324 —
759 2302 815 2334 28.
847 2302 980 2334 uocant
1004 2297 1032 2331 L
1069 2319 1115 2323 —
1152 2302 1208 2333 31.
1247 2300 1500 2342 confluxerunt
