1643 2526
175 120 260 160 262
750 120 938 155 BRUTUS

175 214 409 269 sapientius
446 214 598 256 fecisse
636 229 762 269 quam
796 214 999 256 Scaevola
1034 239 1083 244 -—
1117 214 1187 257 hic
1219 215 1332 256 enim
1364 230 1513 257 causas

176 272 365 313 studiose
401 272 655 327 recipiebat,
688 273 735 314 in
771 273 924 328 quibus
964 287 988 313 a
1021 271 1176 314 Crasso
1217 274 1515 329 superabatur3

173 330 246 371 ille
291 345 335 371 se
376 331 541 372 consuli
579 331 772 385 nolebat,
813 345 866 372 ne
905 345 988 384 qua
1023 330 1070 371 in
1105 345 1149 372 re
1189 330 1366 372 inferior
1403 335 1514 373 esset

176 403 303 442 quam
349 387 553 430 Scaevola
591 414 664 443 —,
707 389 768 430 sic
813 387 983 430 Servius
1028 388 1375 444 sapientissume,
1418 404 1515 431 cum

175 447 280 487 duae
313 446 456 488 civiles
490 450 602 488 artes
635 462 683 488 ac
714 447 904 488 forenses
936 447 1169 501 plurimum
1201 450 1243 488 et
1272 447 1411 488 laudis
1442 448 1514 489 ha·
1550 464 1566 490 5

175 505 325 545 berent
356 508 398 546 et
431 505 614 559 gratiae,
652 505 832 559 perfecit
868 508 917 546 ut
950 505 1085 546 altera
1114 508 1353 559 praestaret
1386 506 1518 547 omni-

175 563 268 617 bus,
299 577 350 603 ex
376 563 509 604 altera
540 566 710 604 tantum
742 566 990 617 assumeret,
1022 566 1230 617 quantum
1258 567 1371 605 esset
1396 567 1438 605 et
1465 564 1518 605 ad

176 620 381 661 tuendum
405 621 472 662 ius
500 621 621 662 civile
648 624 690 662 et
717 621 769 662 ad
795 621 1070 675 optinendam
1097 622 1364 663 consularem
1383 622 1518 677 digni-

109 681 312 720 156tatem
346 679 464 719 satis.
525 679 634 719 Tum
659 679 838 720 Brutus:
871 679 939 720 Ita
969 693 1158 734 prorsus,
1187 680 1342 734 inquit,
1373 683 1416 721 et
1447 694 1517 721 an-

176 739 245 777 tea
269 737 476 790 putabam
500 762 553 766 —
576 737 717 778 audivi
743 737 856 778 enim
879 751 1016 791 nuper
1042 752 1138 778 eum
1165 737 1353 778 studiose
1373 741 1416 779 et
1435 737 1515 779 fre-
1537 755 1570 780 ιο

177 798 355 848 quenter
394 793 528 849 Sami,
571 810 668 836 cum
712 809 762 835 ex
802 809 851 836 eo
892 795 959 836 ius
999 799 1195 836 nostrum
1235 795 1516 850 pontificium,

177 867 259 905 qua
286 867 336 892 ex
361 856 481 906 parte
509 867 604 894 011111
630 853 721 893 iure
755 853 870 894 civili
903 853 1178 895 coniunctum
1209 857 1334 907 esset,
1363 854 1516 895 vellem

177 924 432 964 cognoscere
457 935 505 939 —
525 914 566 951 et
586 925 697 952 nunc
718 925 859 952 meum
878 911 1083 953 iudicium
1103 912 1241 952 multo
1261 912 1399 967 magis
1420 926 1517 953 con-

175 969 298 1009 firmo
337 968 586 1009 testimonio
626 972 668 1010 et
704 969 861 1010 iudicio
899 972 993 1024 tuo,
1037 969 1164 1010 simul
1200 970 1308 1010 illud
1340 970 1517 1025 gaudeo,

177 1026 289 1079 quod
330 1029 372 1067 et
413 1027 647 1080 aequalitas
687 1030 830 1068 vestra
870 1030 912 1068 et
948 1042 1071 1080 pares
1109 1028 1321 1069 honorum
1359 1028 1515 1083 gradus
1536 1043 1569 1070 15

178 1087 221 1125 et
241 1084 398 1125 artium
425 1084 747 1138 studiorumque
769 1085 890 1138 quasi
915 1085 1099 1126 finitima
1123 1086 1319 1127 vicinitas
1346 1089 1517 1127 tantum

177 1142 299 1183 abest
331 1143 383 1183 ab
417 1143 728 1184 obtrectatione
761 1147 803 1183 et
834 1143 1012 1198 invidia,
1050 1158 1156 1197 quae
1189 1144 1298 1184 solet
1327 1144 1515 1185 lacerare

174 1200 418 1255 plerosque,
458 1201 522 1241 uti
560 1215 608 1241 ea
638 1215 724 1241 non
761 1201 887 1242 modo
923 1215 1012 1242 non
1052 1202 1292 1243 exulcerare
1330 1205 1516 1243 vestram

177 1258 378 1312 gratiam,
422 1258 495 1299 sed
539 1258 667 1299 etiam
709 1259 936 1300 conciliare
973 1259 1177 1300 videatur.
1241 1259 1365 1308 Quali
1402 1260 1516 1301 enim

175 1319 217 1356 te
258 1330 360 1370 erga
401 1316 523 1357 illum
562 1317 793 1371 perspicio,
836 1317 913 1358 tali
956 1317 1078 1357 illum
1120 1317 1166 1357 in
1208 1320 1251 1358 te
1294 1317 1514 1359 voluntate
1535 1335 1569 1359 20

106 1374 415 1427 157iudici0que
449 1375 641 1429 cognovi.
702 1374 852 1428 Itaque
885 1375 1006 1416 doleo
1040 1378 1082 1416 et
1112 1375 1227 1416 illius
1261 1376 1440 1417 consilio
1473 1379 1515 1417 et

174 1435 249 1473 tua
287 1446 389 1473 voce
432 1433 638 1486 populum
676 1432 918 1474 Romanum
960 1447 1101 1474 carere
1141 1437 1232 1474 tam
1270 1434 1359 1489 diu3
1403 1434 1516 1488 quod

175 1505 272 1531 cum
302 1505 377 1544 per
409 1505 453 1531 se
486 1491 713 1532 dolendum
751 1494 816 1532 est
852 1494 946 1532 tum
982 1491 1118 1532 multo
1157 1492 1295 1547 magis
1329 1492 1516 1533 conside-

173 1548 287 1589 ranti
326 1548 378 1589 ad
417 1563 521 1602 quos
559 1549 643 1590 ista
680 1563 767 1590 non
803 1549 959 1590 tralata
991 1549 1096 1603 311113,
1139 1550 1211 1590 sed
1247 1550 1391 1591 1103010
1430 1564 1513 1603 quo

173 1609 300 1660 pacto
342 1607 597 1648 devenerint.
659 1606 741 1648 Hic
784 1607 974 1648 Atticus:
1024 1607 1245 1662 Dixeram,
1287 1608 1447 1662 inquit,
1489 1623 1567 1650 a25

173 1664 397 1718 principio,
428 1665 477 1705 de
503 1679 548 1705 re
578 1665 751 1719 publica
776 1668 824 1705 ut
851 1665 1088 1718 sileremus,
1118 1665 1263 1719 itaque
1294 1665 1513 1707 faciamus.

174 1721 287 1763 Nam
325 1722 361 1763 si
397 1722 483 1763 isto
522 1723 647 1763 modo
686 1723 882 1763 volumus
921 1722 1111 1777 singulas
1152 1737 1219 1764 res
1265 1723 1514 1779 desiderare,

172 1793 260 1820 non
308 1780 434 1821 modo
486 1780 686 1834 querendi
733 1781 806 1821 sed
854 1795 906 1821 ne
948 1780 1129 1845 ‘lugendi
1173 1781 1343 1834 quidem
1385 1782 1514 1823 finem

174 1838 445 1891 reperiemus.
506 1838 740 1893 Pergamus
782 1852 902 1893 ergo,
944 1838 1138 1892 inquam,
1181 1839 1233 1880 ad
1269 1839 1434 1893 reliqua
1471 1842 1514 1881 et

173 1896 421 1936 institutum
461 1896 651 1937 ordinem
688 1910 1002 1950 persequamur.
1065 1873 1245 1938 Paratus
1282 1898 1417 1952 igitur
1446 1912 1513 1939 ve-
1531 1913 1565 1940 30

171 1953 319 1993 niebat
352 1952 549 2008 Crassus,
581 1954 902 2009 expectabatur,
935 1954 1204 2010 audiebatur,
1248 1970 1271 1996 a
1301 1955 1511 2010 principio

173 2011 340 2064 statim,
383 2012 495 2065 quod
533 2015 624 2053 erat
661 2012 773 2066 apud
811 2026 906 2053 eum
945 2026 1111 2066 semper
1143 2017 1407 2068 accuratum,
1447 2028 1513 2054 ex-

171 2068 413 2122 pectatione
446 2070 599 2124 dignus
630 2070 864 2111 videbatur.
925 2068 1025 2110 Non
1055 2071 1190 2112 multa
1220 2071 1397 2112 iactatio
1424 2086 1512 2113 cor-

170 2126 307 2181 poris,
349 2140 435 2167 non
478 2127 699 2169 inclinatio
743 2127 878 2182 vocis,
920 2128 1038 2169 nulla
1080 2129 1382 2182 inambulatio,
1423 2143 1512 2170 non

172 2185 321 2226 crebra
352 2185 570 2238 supplosio
602 2185 738 2239 pedis·
769 2185 995 2226 vehemens
1022 2189 1065 2227 et
1089 2187 1303 2227 interdum
1330 2187 1442 2227 irata
1467 2189 1510 2228 013
1529 2203 1563 2228 35

169 2242 297 2296 plena
337 2242 441 2283 iusti
482 2243 640 2284 doloris
685 2243 842 2298 oratio,
885 2243 1045 2285 multae
1083 2247 1126 2285 et
1163 2259 1260 2286 cum
1298 2244 1509 2300 gravitate

169 2299 367 2356 facetiae,
406 2301 602 2354 quodque
634 2301 806 2342 difficile
839 2304 921 2342 es:t
963 2301 1076 2343 idem
1109 2305 1152 2344 et
1181 2305 1434 2357 perornatus
1467 2305 1510 2344 et

102 1815 159 1856 43

106 1883 184 1914 158
