1643 2526
557 106 657 142 CAP.
684 110 787 142 5—7.
825 110 844 148 g
873 109 1020 141 18-26.
1372 106 1459 147 229

116 202 237 258 quasi
275 203 494 244 deflevisse
531 202 787 244 iudiciorum
823 202 1072 243 vastitatem
1110 205 1154 243 et
1190 202 1284 243 fori.
1346 202 1461 256 Feci,

115 262 303 316 inquam,
327 261 439 303 istuc
460 261 630 315 quidem
650 264 692 302 et
718 275 842 315 saepe
868 260 990 302 facio.
1036 259 1150 302 Nam
1169 261 1288 316 mihi,
1313 260 1459 316 Brute,

115 320 161 361 in
191 322 233 361 te
263 320 448 361 intuenti
481 320 629 361 crebro
660 319 706 360 in
737 322 924 360 mentem
957 319 1075 360 venit
1099 320 1248 375 vereri,
1280 320 1461 374 ecquod-

117 394 215 420 nam
248 379 505 420 curriculum
538 378 765 433 aliquando
804 377 861 419 sit
892 377 1093 419 habitura
1124 381 1200 419 tua
1231 381 1275 419 et
1305 382 1461 420 natura

82 454 96 478 5
117 437 379 478 admirabilis
406 440 449 478 et
473 437 684 491 exquisita
710 436 904 478 doctrina
923 439 966 478 et
986 436 1215 492 singularis
1235 437 1459 478 industria.

66 746 97 770 10

66 1038 97 1063 15

68 1623 101 1648 25

69 1915 103 1940 30

118 494 224 537 Cum
263 496 376 536 enirn
412 496 457 536 in
495 496 705 537 maxumis
741 495 880 537 causis
912 498 1106 536 versatus
1141 510 1254 537 esses
1288 499 1330 537 et
1363 511 1459 537 cum

116 554 197 595 tibi
239 557 355 595 aetas
393 557 542 595 nostra
578 555 665 595 iam
704 555 869 595 cederet
907 554 1120 609 fascisque
1159 555 1461 608 summitteret,

118 613 260 654 subito
292 613 338 653 in
370 613 543 654 civitate
582 628 679 654 cum
717 613 801 654 alia
839 613 1083 654 ceciderunt
1120 615 1213 654 tum
1248 613 1379 654 etiam
1411 628 1461 654 ea

116 672 230 726 ipsa,
262 672 310 712 de
344 686 428 725 qua
460 672 676 726 disputare
709 671 916 726 ordimur,
954 671 1198 725 eloquentia
1231 671 1459 712 obmutuit.

116 730 226 771 Tum
244 730 332 770 ille:
367 728 616 771 Ceterarum
636 745 778 771 rerum
799 745 938 785 causa,
963 730 1117 785 inquit,
1141 730 1253 771 istuc
1275 733 1317 771 et
1337 730 1459 771 doleo
1486 745 1494 753 ·

118 792 160 830 et
185 789 412 829 dolendum
443 792 567 843 puto,
599 789 765 830 dicendi
798 792 940 830 autem
972 804 1039 830 me
1064 803 1152 830 non
1177 792 1267 830 tam
1291 789 1458 830 fructus

118 850 160 888 et
188 847 325 902 gloria
357 862 485 902 quam
517 847 705 888 studium
730 847 872 901 ipsum
899 847 1233 901 exercitatioque
1260 847 1460 888 delectat:

119 906 232 960 quod
264 905 369 946 mihi
400 906 518 946 nulla
549 921 616 947 res
649 906 800 960 eripiet
832 909 874 947 te
907 906 1158 960 praesertim
1184 909 1274 947 tam
1301 906 1461 947 studio-

119 979 214 1005 sum
251 967 294 1005 et
327 998 474 1005 .......
536 964 688 1005 Dicere
730 963 843 1005 enim
883 964 989 1005 bene
1030 979 1156 1005 nemo
1196 967 1341 1019 potest
1376 964 1460 1005 nisi

119 1023 191 1077 qui
222 1023 453 1077 prudenter
482 1023 714 1077 intellegit,
758 1037 885 1076 quare
925 1023 996 1076 qui
1036 1023 1305 1077 eloquentiae
1336 1037 1459 1064 verae

119 1082 191 1122 dat
224 1095 409 1135 operam,
450 1081 522 1122 dat
552 1081 815 1135 prudentiae,
847 1095 931 1134 qua
961 1096 1013 1121 ne
1046 1081 1257 1122 maxumis
1290 1081 1460 1135 quidem

116 1141 163 1181 in
193 1140 317 1180 bellis
350 1154 484 1193 aequo
518 1139 660 1180 animo
694 1154 834 1181 carere
862 1139 1089 1194 quisquam
1120 1142 1274 1195 potest.
1336 1139 1460 1181 Prae-

1485 270 1528 300 22

1487 1149 1531 1180 24

118 1199 247 1253 clare,
286 1198 479 1252 inquam,
516 1198 668 1252 Brute,
705 1198 809 1239 dicis
842 1212 974 1252 eoque
1007 1199 1145 1253 magis
1177 1198 1263 1239 ista
1295 1197 1460 1240 dicendi
1501 1205 1507 1208 ’

117 1257 241 1298 laude
274 1257 478 1311 delector,
516 1257 629 1310 quod
667 1259 824 1311 cetera,
865 1271 973 1310 quae
1012 1260 1111 1298 sunt
1145 1257 1359 1312 quondam
1390 1257 1462 1298 ha-

67 1331 81 1354 2
120 1316 212 1356 bita
246 1315 292 1356 in
330 1315 502 1356 civitate
539 1315 856 1369 pulcherruma,
896 1330 1021 1356 nemo
1061 1318 1126 1356 est
1163 1319 1254 1357 tam
1285 1315 1461 1357 humilis

121 1374 192 1428 qui
220 1387 263 1414 se
289 1388 376 1414 non
401 1376 476 1414 aut
506 1387 632 1427 posse
659 1373 837 1427 adipisci
869 1377 942 1414 aut
974 1374 1176 1428 adeptum
1206 1377 1347 1429 putet,
1379 1374 1462 1415 elo-

120 1434 321 1487 quentem
363 1432 577 1473 neminem
619 1432 741 1473 video
784 1432 947 1473 factum
991 1446 1081 1473 esse
1126 1432 1316 1473 victoria.
1379 1431 1462 1474 Sed

121 1505 204 1545 quo
248 1489 416 1532 facilius
459 1504 597 1531 sermo
643 1489 896 1544 explicetur,
946 1490 1159 1544 sedentes,
1202 1490 1238 1531 si
1282 1490 1462 1545 videtur,

122 1563 309 1604 agamus.
372 1548 479 1589 Cum
516 1549 629 1589 idem
665 1549 897 1603 placuisset
934 1548 1038 1602 illis,
1077 1552 1172 1590 tum
1208 1549 1254 1589 in
1290 1549 1461 1603 pratulo

120 1610 297 1662 propter
327 1606 521 1649 Platonis
554 1610 742 1648 statuam
774 1607 1054 1648 consedimus.

237 1665 320 1707 Hic
352 1680 449 1721 ego:
491 1665 684 1706 Laudare
724 1665 859 1721 igitur
895 1665 1182 1719 eloquentiam
1220 1669 1263 1706 et
1301 1669 1462 1719 quanta

120 1724 184 1766 vis
217 1724 274 1765 sit
311 1724 400 1765 eius
439 1738 685 1778 expromere
724 1727 1012 1779 quantamque
1051 1724 1111 1765 eis
1144 1724 1218 1777 qui
1251 1724 1337 1765 sint
1368 1739 1462 1765 eam

122 1783 339 1824 consecuti
372 1783 627 1838 dignitatem
658 1783 826 1837 afferat,
865 1797 1000 1836 neque
1032 1782 1305 1837 propositum
1335 1783 1461 1824 nobis

122 1844 187 1882 est
217 1841 299 1882 hoc
329 1841 425 1882 loco
455 1856 592 1895 neque
632 1841 931 1883 necessarium.
993 1840 1088 1882 Hoc
1119 1855 1219 1882 vero
1253 1841 1343 1882 sine
1375 1841 1463 1882 ulla

123 1899 389 1940 dubitatione
421 1900 779 1954 confirmaverim,
817 1900 904 1940 sive
936 1899 1012 1940 illa
1044 1902 1134 1940 arte
1164 1899 1358 1954 pariatur
1390 1899 1463 1940 ali-

123 1972 207 2011 qua
239 1957 326 1998 sive
358 1958 660 1999 exercitatione
694 1958 876 2012 quadam
905 1958 994 1999 sive
1019 1960 1186 2012 natura,
1217 1972 1307 1998 rem
1333 1972 1463 1999 unam

123 2030 215 2057 esse
247 2015 438 2056 omnium
469 2016 789 2058 difficillumam.
852 2016 1016 2065 Quibus
1048 2016 1161 2057 enim
1193 2031 1244 2057 ex
1277 2016 1462 2071 quinque

122 2074 250 2115 rebus
294 2077 490 2115 constare
533 2074 706 2130 dicitur,
749 2090 895 2116 earum
935 2089 1020 2115 una
1061 2089 1252 2129 quaeque
1290 2078 1356 2116 est
1394 2089 1462 2115 ars

121 2132 217 2187 ipsa
260 2146 417 2187 magna
458 2146 533 2186 per
578 2146 680 2174 sese.
749 2134 889 2183 Quare
934 2133 1121 2188 quinque
1165 2133 1323 2174 artium
1368 2147 1464 2174 con-

69 2207 103 2232 35
124 2205 272 2232 cursus
315 2205 612 2232 maxumarum
655 2195 859 2246 quantam
898 2191 986 2233 vim
1026 2194 1314 2247 quantamque
1357 2191 1464 2231 diffi-
1492 2225 1513 2238 ,.

124 2249 328 2290 cultatem
352 2249 511 2290 habeat
542 2249 777 2292 existimari
807 2253 963 2305 potest.
1012 2249 1152 2291 Testis
1180 2253 1245 2291 est
1272 2248 1463 2302 Graecia,
1499 2234 1509 2264 ί

125 2322 233 2362 quae
274 2322 370 2349 cum
412 2308 678 2361 eloquentiae
723 2309 864 2350 studio
904 2309 960 2349 sit
998 2309 1173 2353 incensa
1215 2307 1462 2360 iamdiuque

1489 2293 1534 2324 26
