1643 2526
515 95 616 131 CAP.
645 99 794 132 15—17.
844 99 863 138 s
890 99 1040 131 46-54.
1361 96 1443 137 327

102 191 311 246 illustres3
355 205 534 244 cumque
576 191 740 232 animos
778 191 917 245 prima
955 191 1230 246 aggressione
1269 206 1447 246 occupa-

104 249 231 304 verit,
267 249 297 302 †
333 249 570 290 infirmabit
607 249 885 303 excludetque
926 251 1159 305 contraria3
1203 250 1253 291 de
1293 251 1446 291 firmis-

107 308 224 348 simis
263 307 345 348 alia
381 307 519 362 prima
555 311 687 362 ponet
729 307 811 349 alia
847 310 1084 363 postrema,
1125 308 1444 362 inculcabitque

106 364 376 407 leviora.***

69 442 85 466 5
223 424 364 478 Atque
395 424 441 465 in
477 425 627 479 primis
666 424 828 465 duabus
867 424 1034 465 dicendi
1070 425 1266 479 partibus
1305 425 1443 479 qualis

105 485 218 524 esset
261 482 509 524 summatim
536 482 820 536 ‘breviterque
865 483 1178 537 descripsimus.
1252 482 1352 537 Sed,
1394 487 1444 524 ut

105 544 203 582 ante
241 541 403 582 dictum
435 544 518 595 est,
560 541 605 582 in
645 541 711 582 his
749 541 963 596 partibus,
1006 541 1087 582 etsi
1126 556 1276 597 graves
1316 545 1443 596 atque

104 614 284 654 magnae
310 603 423 654 sunt,
448 599 588 641 minus
614 602 657 640 et
683 599 787 640 artis
813 602 879 640 est
900 602 942 640 et
967 600 1145 655 laboris3
1177 615 1275 642 cum
1301 603 1444 641 autem

104 660 147 698 et
178 658 279 711 quid
318 661 360 699 et
397 673 480 712 quo
518 658 612 699 loco
652 658 764 699 dicat
799 658 1028 713 invenerit,
1070 658 1177 699 illud
1215 662 1280 699 est
1316 659 1444 713 longe

51 733 84 758 10
104 716 355 757 maximum:
381 717 522 757 videre
543 730 728 770 quonam
747 717 892 770 modo3
925 717 1081 758 scitum
1101 720 1166 758 est
1185 717 1310 771 enim,
1331 717 1445 770 quod

104 774 343 816 Carneades
374 778 521 815 noster
553 774 690 816 dicere
723 774 906 828 solebat,
947 773 1264 816 Clitomachum
1297 776 1444 816 eadem

103 832 259 887 dicere,
297 831 580 874 Charmadam
619 835 761 874 autem
794 833 941 874 eodem
973 833 1103 874 etiam
1135 834 1261 874 modo
1294 834 1443 875 dicere.

103 890 226 939 Quod
246 891 282 932 si
300 891 346 932 in
366 891 640 945 philosophia
659 894 828 932 tantum
852 891 1032 932 interest
1052 906 1178 945 quem
1199 892 1251 933 ad
1270 893 1444 933 modum

103 949 237 1003 dicas,
275 950 349 990 ubi
387 964 454 990 res
488 953 723 1004 spectatur,
760 963 847 990 non
884 950 1014 991 verba
1050 951 1311 1004 penduntur,
1343 951 1444 1004 quid

50 1024 83 1049 15
103 1008 275 1048 tandem
307 1008 352 1048 in
385 1008 523 1049 causis
558 1008 887 1049 existimandum
920 1011 997 1062 est,
1034 1008 1188 1061 quibus
1220 1009 1325 1049 totis
1358 1024 1444 1050 mo-

103 1066 275 1107 deratur
295 1066 461 1107 oratio?
490 1065 612 1114 Quod
632 1066 803 1119 quidem
824 1080 916 1121 ego,
935 1067 1081 1121 Brute,
1108 1081 1159 1108 ex
1178 1067 1265 1108 tuis
1285 1067 1442 1108 litteris

103 1124 360 1178 sentiebam,
396 1138 484 1165 non
521 1127 562 1165 te
601 1124 644 1165 id
676 1124 904 1178 sciscitari,
943 1125 1112 1178 qualem
1144 1139 1224 1180 ego
1256 1126 1301 1166 in
1331 1125 1444 1167 inve-

1464 459 1514 500 16

1471 527 1513 558 51

100 1183 255 1223 niendo
277 1185 319 1223 et
337 1183 382 1223 in
405 1182 665 1224 conlocando
692 1197 906 1224 summum
933 1198 1024 1224 esse
1046 1186 1260 1225 oratorem
1279 1184 1444 1239 vellem,
1498 1208 1506 1211 -

103 1241 175 1282 sed
200 1241 243 1282 id
268 1241 375 1282 mihi
401 1255 600 1294 quaerere
632 1241 843 1295 videbare,
874 1242 989 1295 quod
1021 1256 1153 1296 genus
1184 1242 1321 1296 ipsius
1353 1257 1444 1284 ora-

49 1317 83 1341 20
103 1299 233 1340 tionis
268 1299 478 1353 optimum
508 1299 758 1340 iudicarem:
801 1314 890 1340 rem
924 1300 1153 1355 difficilem,
1191 1301 1232 1341 di
1272 1301 1444 1342 immor-

102 1357 223 1409 tales,
249 1360 375 1411 atque
397 1357 588 1398 omnium
609 1357 916 1398 difficillimam.
960 1358 1075 1399 Nam
1094 1373 1191 1399 cum
1212 1362 1276 1399 est
1304 1359 1442 1401 oratio

103 1416 244 1456 mollis
277 1418 320 1456 et
352 1418 499 1456 tenera
525 1418 567 1456 et
591 1415 654 1456 ita
685 1415 898 1469 flexibilis,
929 1419 977 1456 ut
1009 1420 1211 1469 sequatur
1244 1431 1444 1470 quocum-

104 1488 184 1527 que
211 1477 425 1527 torqueas,
455 1477 547 1514 tum
575 1477 616 1514 et
641 1476 818 1514 naturae
838 1474 980 1515 variae
1007 1477 1049 1515 et
1068 1475 1312 1516 voluntates
1338 1476 1444 1516 mul-

103 1535 196 1573 tum
215 1532 327 1572 inter
348 1546 391 1572 se
413 1532 617 1572 distantia
638 1532 867 1573 effecerunt
888 1547 1043 1587 genera
1069 1533 1251 1574 dicendi:
1284 1534 1443 1574 fiumen

49 1606 81 1632 25
104 1590 198 1631 aliis
230 1591 457 1631 verborum
488 1590 820 1644 volubilitasque
853 1590 969 1632 cordi
1001 1593 1078 1645 est,
1110 1591 1183 1645 qui
1207 1595 1373 1645 ponunt
1399 1593 1444 1633 in

104 1648 310 1689 orationis
343 1648 562 1691 celeritate
594 1648 898 1702 eloquentiam3
937 1649 1139 1690 distincta
1171 1649 1277 1691 alios
1310 1653 1352 1691 et
1383 1651 1444 1691 in-

102 1709 329 1760 terpuncta
359 1707 595 1761 intervalla,
627 1721 770 1747 morae
800 1707 1186 1761 respirationesque
1214 1708 1442 1750 delectant:

103 1765 206 1818 quid
235 1767 379 1818 potest
411 1779 501 1806 esse
534 1768 623 1805 tam
655 1765 898 1807 diversum?
930 1768 1075 1806 tamen
1101 1769 1166 1807 est
1190 1766 1236 1806 in
1261 1770 1443 1821 utroque

104 1822 266 1875 aliquid
298 1823 517 1864 excellens.
567 1823 806 1864 Elaborant
833 1824 905 1864 alii
930 1823 977 1864 in
1006 1824 1184 1865 lenitate
1217 1827 1260 1865 et
1293 1840 1444 1879 aequa-

49 1897 84 1922 30
104 1881 272 1921 bilitate
311 1883 353 1921 et
389 1895 496 1934 puro
537 1881 659 1934 quasi
696 1882 881 1935 quodam
913 1885 955 1922 et
988 1883 1166 1923 candido
1200 1897 1353 1937 genere
1385 1884 1443 1924 di-

104 1939 243 1992 cendi3
283 1953 378 1980 ecce
411 1939 542 1992 aliqui
575 1940 805 1981 duritatem
837 1943 879 1981 et
911 1940 1183 1982 severitatem
1216 1942 1443 1994 quamdam

101 1997 148 2037 in
190 1996 331 2037 verbis
376 2000 418 2037 et
463 1997 669 2039 orationis
715 1998 837 2052 quasi
883 1999 1145 2040 maestitiam
1189 2003 1442 2054 sequuntur3

104 2055 300 2108 quodque
345 2055 472 2108 paulo
524 2059 621 2097 ante
671 2056 911 2110 divisimus,
960 2060 1009 2097 ut
1052 2057 1124 2098 alii
1175 2071 1324 2112 graves
1369 2059 1442 2099 alii

105 2116 253 2154 tenues
292 2113 365 2153 alii
402 2114 628 2167 temperati
663 2114 821 2155 vellent
858 2115 1010 2169 videri,
1053 2118 1159 2169 quot
1197 2117 1440 2157 orationum

51 2187 84 2213 35
105 2185 260 2226 genera
291 2185 381 2212 esse
414 2171 609 2226 diximus,
640 2173 821 2214 totidem
853 2176 1071 2214 oratorum
1103 2174 1382 2229 reperiuntur,

221 2229 280 2270 Et
324 2229 525 2282 quoniam
570 2231 689 2285 coepi
730 2231 817 2272 iam
862 2232 1117 2273 cumulatius
1161 2232 1242 2273 hoc
1286 2247 1439 2273 munus

105 2301 278 2342 augere,
317 2302 444 2341 quam
477 2303 501 2328 a
531 2290 574 2329 te
605 2289 872 2346 postulatum
910 2292 975 2331 est
1011 2314 1059 2320 —
1094 2290 1175 2331 tibi
1207 2290 1320 2331 enim
1351 2293 1441 2330 tan-

1469 1544 1512 1575 53

1460 2209 1509 2249 17

1467 2277 1511 2307 54
