1643 2526
72 717 105 742 10

72 1008 105 1034 15

73 1302 106 1326 ‘20

73 1591 106 1618 25

74 1884 107 1909 30

75 2173 109 2199 35

380 78 523 113 LIBER
549 79 593 114 II.
643 77 742 113 CAP.
769 81 920 114 82—83.
970 82 989 120 ξ
1016 81 1217 115 331—338.
1382 79 1465 121 153

124 174 262 230 magis
294 177 496 228 sequatur
527 174 652 215 videt.
713 172 852 215 Nemo
885 176 950 215 est
982 173 1107 229 enim,
1137 174 1390 228 praesertim
1421 175 1467 215 in

126 234 250 284 [tam]
292 233 406 274 clara
443 232 636 287 civitate,
675 232 778 287 quin
814 235 938 287 putet
969 233 1249 287 expetendam
1282 232 1466 274 maxime

124 291 398 346 dignitatem3
430 291 502 332 sed
528 291 661 332 vincit
686 291 851 332 utilitas
876 291 1138 345 plerumque,
1164 305 1294 346 quom
1320 292 1468 332 subest

123 350 195 390 ille
221 349 351 391 timor
377 363 427 390 ea
451 349 642 391 neclecta
672 364 724 390 ne
757 349 1013 404 dignitatem
1046 350 1216 403 quidem
1248 364 1373 404 posse
1405 364 1467 391 re—

124 408 262 449 tineri.
325 407 628 450 Controversia
659 410 802 449 autem
833 408 946 449 inter
976 407 1198 449 hominum
1232 408 1536 450 sententias335

125 469 199 508 aut
230 469 296 508 est
326 466 372 507 in
402 466 477 507 illo
510 470 656 507 utrum
688 466 745 507 sit
776 466 944 521 utilius,
976 469 1050 507 aut
1082 466 1231 521 etiam,
1263 481 1392 521 quom
1423 467 1467 508 id

125 524 341 579 convenit,
379 528 568 567 certatur
598 527 742 566 utrum
773 524 991 566 honestati
1022 524 1167 579 potius
1200 540 1254 566 an
1285 525 1467 566 utilitati

125 584 431 625 consulendum
463 584 531 625 sit.
593 582 708 632 Quae
748 583 848 636 quia
883 597 1075 638 pugnare
1112 583 1226 624 inter
1263 598 1307 625 se
1341 598 1465 638 saepe

124 642 333 696 videntur,
364 642 437 696 qui
462 641 697 683 utilitatem
722 641 912 682 defendit
944 642 1211 683 enumerabit
1243 643 1467 684 commoda

124 700 242 755 pacis
281 714 411 754 opum
450 700 669 754 potentiae
713 700 990 756 vectigalium
1032 700 1234 755 praesidii
1278 701 1466 742 militum

126 759 371 811 [utilitates]
405 762 642 800 ceterarum
672 772 827 813 rerum,
858 773 1038 813 quarum
1062 758 1250 800 fructum
1276 759 1465 800 utilitate

124 817 344 871 metimur,
379 817 567 871 itemque
604 817 875 858 incommoda
912 817 1238 859 contrariorum.
1300 816 1382 866 Qui
1413 818 1467 858 ad

125 875 379 930 dignitatem
410 875 607 929 impellit,
637 875 848 916 maiorum
880 876 1085 930 exempla,
1116 890 1223 929 quae
1249 879 1374 917 erunt
1399 876 1466 917 vel

125 948 222 975 cum
240 934 429 988 periculo
451 934 651 989 gloriosa,
677 933 863 988 colliget,
882 934 1150 988 posteritatis
1175 934 1464 975 immortalem

125 992 375 1033 memoriam
402 992 594 1047 augebit3
626 992 859 1033 utilitatem
889 1007 939 1033 ex
963 992 1087 1034 laude
1118 992 1237 1034 nasci
1269 992 1466 1033 defendet

126 1065 375 1105 semperque
413 1065 506 1091 eam
538 1065 635 1092 cum
667 1050 878 1105 dignitate
911 1065 1002 1092 esse
1034 1050 1318 1092 coniunctam.
1383 1050 1536 1093 Sed336

125 1109 226 1163 quid
269 1109 362 1150 fieri
404 1109 543 1163 possit
586 1113 660 1150 aut
703 1123 791 1149 non
833 1109 971 1163 possit
1012 1109 1195 1162 quidque
1237 1109 1367 1150 etiam
1409 1109 1491 1165 sit-

123 1182 294 1209 necesse
328 1170 402 1208 aut
432 1181 519 1208 non
551 1167 623 1222 sit,
663 1166 709 1208 in
739 1170 920 1221 utraque
952 1182 996 1208 re
1029 1167 1212 1208 maxime
1244 1170 1309 1209 est
1342 1182 1467 1222 quae-

124 1226 312 1267 rendum.
379 1225 588 1267 Inciditur
625 1225 737 1266 enim
776 1226 914 1267 omnis
954 1226 1074 1278 [iam]
1115 1226 1385 1280 deliberatio,
1429 1226 1466 1267 si

126 1284 394 1339 intellegitur
424 1298 510 1325 non
540 1298 665 1338 posse
690 1283 784 1325 fieri
816 1287 890 1325 aut
923 1284 958 1325 si
989 1284 1223 1325 necessitas
1257 1284 1465 1340 adfertur,

125 1345 168 1384 et
205 1343 277 1396 qui
314 1342 358 1383 id
395 1342 540 1383 docuit
579 1356 667 1383 non
703 1342 946 1383 videntibus
991 1343 1105 1397 aliis,
1154 1343 1190 1383 is
1231 1343 1465 1397 plurimum

124 1401 242 1442 vidit.
316 1400 385 1441 Ad
428 1400 653 1441 consilium
697 1403 840 1441 autem
884 1401 933 1441 de
975 1415 1020 1441 re
1064 1400 1236 1454 publica
1279 1401 1535 1443 dandum337

126 1462 254 1513 caput
280 1462 346 1500 est
371 1473 497 1500 nosse
523 1473 613 1499 rem
638 1458 873 1513 publicam3
906 1459 958 1500 ad
989 1458 1213 1500 dicendum
1239 1473 1339 1499 vero
1371 1474 1465 1513 pro—

125 1517 327 1559 babiliter
363 1531 489 1558 nosse
528 1531 667 1557 mores
707 1517 912 1570 civitatis,
956 1517 1028 1570 qui
1066 1517 1166 1570 quia
1197 1517 1345 1558 crebro
1378 1532 1466 1558 mu-

126 1579 290 1630 tantur,
328 1589 461 1630 genus
500 1589 668 1629 quoque
708 1575 915 1616 orationis
948 1577 1013 1616 est
1045 1589 1169 1629 saepe
1201 1575 1465 1616 mutandum.

126 1634 185 1675 Et
210 1648 453 1688 quanquam
478 1648 563 1674 una
588 1633 675 1674 fere
701 1634 764 1674 vis
793 1636 857 1674 est
884 1633 1165 1699 eloquentiae,
1195 1636 1341 1675 tamen
1351 1633 1466 1698 'quia

127 1707 294 1734 summa
325 1692 512 1747 dignitas
545 1695 609 1733 est
640 1692 807 1746 populi,
850 1692 1104 1746 gravissima
1141 1706 1269 1733 causa
1300 1691 1362 1732 iei
1392 1707 1466 1746 pu-

125 1751 281 1805 blicae,
313 1750 488 1791 maximi
520 1753 663 1791 motus
695 1750 1003 1805 multitudinis,
1040 1764 1175 1805 genus
1208 1764 1376 1804 quoque
1409 1750 1467 1791 di—

128 1809 248 1850 cendi
275 1808 477 1863 grandius
504 1809 715 1862 quoddam
742 1811 784 1849 et
808 1808 1033 1849 inlustrius
1060 1823 1152 1849 esse
1179 1808 1467 1849 adhibendum

127 1867 311 1921 videtur3
360 1867 628 1921 maximaque
671 1881 770 1921 pars
814 1866 1020 1907 orationis
1065 1867 1370 1907 admovendast
1414 1867 1467 1907 ad

128 1925 368 1966 animorum
405 1928 547 1966 motus
584 1939 671 1966 non
706 1940 925 1978 nunquam
957 1927 1030 1966 aut
1063 1924 1359 1966 cohortatione
1392 1927 1467 1965 aut

128 1983 533 2025 commemoratione
571 1983 714 2037 aliqua
754 1986 827 2024 aut
866 1983 911 2023 in
953 1997 1072 2037 spem
1110 1985 1184 2024 aut
1220 1983 1266 2023 in
1303 1985 1467 2024 metum

129 2045 203 2083 aut
234 2042 286 2082 ad
318 2041 595 2095 cupiditatem
624 2044 698 2082 aut
723 2042 776 2082 ad
808 2041 990 2096 gloriam
1022 2041 1309 2094 concitandos,
1341 2055 1465 2095 saepe

129 2100 259 2141 etiam
291 2114 315 2140 a
346 2099 586 2141 temeritate
622 2100 842 2141 iracundia
881 2114 953 2154 spe
990 2099 1147 2140 iniuria
1183 2075 1344 2140 invidia
1376 2114 1466 2140 cri-1

129 2158 302 2199 delitate
331 2158 602 2198 revocandos.
651 2157 724 2199 Fit
749 2161 892 2199 autem
917 2160 978 2212 ut,
1009 2157 1108 2212 quia
1132 2158 1319 2198 maxima
1345 2156 1465 2210 quasi

131 2216 313 2257 oratoris
346 2230 498 2257 scaena
527 2215 720 2257 videatur
751 2215 977 2270 contionis,
1006 2219 1162 2257 natura
1192 2216 1286 2270 ipsa
1318 2216 1370 2256 ad
1403 2228 1465 2255 or-

128 2274 272 2316 natius
293 2273 459 2315 dicendi
486 2287 617 2329 genus
639 2274 882 2315 excitemur.
925 2273 1069 2315 Habet
1094 2274 1207 2315 enim
1233 2272 1464 2314 multitudo

1455 2133 1535 2174 -83

1468 2201 1535 2232 338
