1643 2526
540 106 640 142 CAP.
668 110 816 143 16—18.
867 111 885 150 g
913 111 1063 144 55—63.
1386 109 1473 150 403

131 202 457 244 delectationem
494 205 772 257 exornantur,
809 203 847 244 ei
878 203 962 244 loci
994 204 1208 245 tractandi
1241 207 1356 257 sunt,
1400 205 1473 259 qui

131 275 299 301 movere
337 264 518 315 possunt
550 261 890 316 expectationem
922 262 1249 303 admirationem
1281 263 1474 317 volupta—

131 322 236 374 tem3
278 319 324 359 in
361 319 730 361 cohortationibus
769 323 912 360 autem
945 321 1155 361 bonorum
1188 324 1230 362 et
1261 321 1473 362 malorum

131 378 472 419 enumerationes
494 381 536 418 et
556 378 748 432 exempla
771 378 914 419 valent
939 378 1183 432 plurimum.
1227 379 1279 420 In
1303 379 1471 420 iudiciis

95 452 110 477 5
131 436 369 477 accusatori
411 436 498 477 fere
543 451 649 490 quae
691 437 742 477 ad
780 436 1064 491 iracundiam,
1107 452 1179 478 reo
1222 438 1472 492 plerumque

131 508 238 547 quae
265 494 317 534 ad
343 494 678 536 misericordiam
704 495 936 549 pertinent3
968 510 1055 536 non
1074 510 1305 549 numquam
1327 499 1473 537 tamen

131 555 174 593 et
205 555 429 594 accusator
466 553 800 594 misericordiam
838 568 1007 594 movere
1043 554 1169 595 debet
1201 558 1243 595 et
1275 555 1473 595 defensor

130 611 406 652 iracundiam.
467 611 747 652 Enumeratio
784 612 950 666 reliqua
987 615 1068 666 est,
1107 612 1322 653 laudatori
1353 628 1472 653 num·
1498 623 1541 654 59

131 683 270 722 quam,
303 669 467 710 suasori
492 685 579 710 non
605 685 741 724 saepe,
773 671 1011 711 accusatori
1043 670 1212 725 saepius
1246 685 1373 724 quam
1399 685 1472 712 reo

78 745 110 769 10
130 727 383 768 necessaria.
438 728 578 768 Huius
605 731 800 782 tempora
826 729 908 769 duo
937 732 1048 783 sunt,
1080 729 1116 770 si
1143 732 1217 770 aut
1242 730 1471 770 memoriae

131 785 298 826 diffidas
325 800 483 840 eorum,
510 787 621 840 apud
648 801 754 840 quos
781 801 896 841 agas,
922 788 987 828 vel
1014 788 1238 828 intervallo
1265 787 1472 842 temporis

129 844 195 884 vel
228 844 496 899 longitudine
530 845 736 886 orationis
770 849 843 886 aut
875 846 1158 899 frequentatis
1189 846 1470 887 firmamentis

131 902 337 943 orationis
370 906 413 943 et
443 904 630 944 breviter
662 904 867 957 expositis
899 904 985 944 vim
1018 907 1083 945 est
1111 904 1313 945 habitura
1345 919 1473 945 causa

129 960 345 1002 maiorem.
390 961 481 1002 Reo
502 961 639 1002 rarius
660 962 864 1002 utendum
889 964 1003 1016 [est],
1024 963 1136 1016 quod
1156 963 1352 1016 ponenda
1372 965 1471 1003 sunt
1498 973 1541 1003 60

77 1034 108 1060 15
130 1019 357 1073 contraria,
393 1034 574 1072 quorum
607 1019 831 1061 dissolutio
864 1021 908 1061 in
940 1021 1149 1061 brevitate
1181 1035 1268 1061 non
1298 1021 1472 1075 lucebit,

129 1077 264 1118 aculei
300 1081 506 1132 pungent.
571 1077 652 1118 Sed
685 1078 766 1118 erit
803 1078 848 1118 in
887 1079 1205 1119 enumeratione
1237 1079 1472 1133 vitandum,

127 1150 179 1176 ne
207 1136 441 1176 ostentatio
468 1136 698 1177 memoriae
725 1139 922 1190 suscepta
948 1137 1143 1177 videatur
1165 1152 1256 1178 esse
1282 1137 1470 1191 puerilis.

127 1194 176 1235 ld
208 1194 384 1248 effugiet
416 1194 488 1248 qui
518 1209 606 1235 non
638 1194 781 1235 omnia
818 1195 995 1236 minima
1026 1198 1208 1250 repetet,
1249 1196 1321 1236 sed
1352 1196 1472 1236 brevi
1510 1210 1518 1213 ⁴

130 1251 299 1307 singula
337 1253 561 1307 adtingens
598 1253 787 1306 pondera
823 1268 965 1294 rerum
996 1253 1091 1307 ipsa
1130 1254 1470 1308 comprehendet.

75 1328 109 1352 20
249 1308 294 1351 O.
315 1309 525 1358 Quoniam
547 1313 588 1351 et
609 1311 658 1351 de
678 1311 772 1364 ipso
788 1315 956 1352 oratore
971 1315 1013 1352 et
1028 1312 1077 1352 de
1099 1312 1291 1352 oratione
1312 1312 1471 1366 dixisti,
1489 1289 1541 1329 18

129 1383 292 1422 expone
319 1383 415 1409 eum
441 1369 547 1409 mihi
572 1383 697 1423 nunc,
723 1384 848 1422 quem
872 1384 922 1409 ex
948 1370 1087 1410 tribus
1114 1373 1351 1410 extremum
1376 1384 1471 1424 pro·
1498 1357 1540 1387 61

128 1426 325 1480 posuisti,
358 1427 620 1480 quaestionis
646 1427 799 1468 locum.
856 1427 901 1467 P.
934 1427 1030 1468 Duo
1059 1431 1170 1481 sunt,
1202 1431 1249 1468 ut
1274 1428 1320 1468 in
1345 1428 1470 1468 initio

130 1484 230 1538 dixi,
256 1485 556 1539 quaestionum
578 1500 745 1540 genera,
771 1500 952 1539 quorum
976 1487 1158 1527 alterum
1177 1486 1347 1527 finitum
1368 1489 1472 1527 tem-

129 1543 306 1597 poribus
339 1546 382 1584 et
411 1544 605 1597 personis
638 1558 809 1584 causam
842 1544 1021 1598 appello,
1048 1545 1229 1585 alterum
1254 1544 1471 1585 infinitum

77 1620 109 1644 25
129 1601 259 1642 nullis
284 1616 421 1655 neque
440 1602 634 1656 personis
654 1617 790 1656 neque
811 1603 1076 1656 temporibus
1096 1606 1294 1643 notatum
1319 1617 1472 1656 propo-

130 1659 260 1700 situm
273 1674 391 1701 voco.
434 1659 516 1701 Sed
533 1663 631 1712 [est]
649 1661 917 1714 propositum
933 1661 1054 1714 quasi
1068 1676 1167 1715 pars
1183 1675 1335 1702 causae
1359 1666 1471 1702 lcon—

130 1719 399 1773 troversiae]3
429 1718 542 1759 inest
568 1719 681 1759 enim
706 1719 923 1759 infinitum
948 1719 992 1759 in
1016 1719 1192 1760 definito
1219 1722 1261 1759 et
1288 1719 1340 1760 ad
1365 1719 1471 1759 illud

130 1779 274 1817 tamen
305 1777 547 1817 referuntur
579 1777 733 1818 omnia.
796 1777 931 1825 Quam
960 1778 1013 1818 ob
1040 1793 1130 1818 rem
1155 1777 1274 1831 prius
1301 1778 1350 1817 de
1376 1792 1471 1831 pro·
1497 1788 1540 1818 62

130 1834 271 1888 posito
313 1834 519 1875 dicamus:
565 1835 684 1876 cuius
728 1849 882 1890 genera
924 1839 1024 1876 sunt
1065 1836 1167 1889 duo,
1210 1835 1470 1889 cognitionis

77 1911 111 1935 30
131 1892 330 1947 alterum,
362 1892 451 1933 eius
484 1892 662 1933 scientia
693 1897 758 1933 est
788 1893 899 1947 finis,
930 1897 978 1934 ut
1012 1894 1151 1933 verine
1185 1893 1271 1933 sint
1303 1908 1470 1933 sensus:

131 1950 314 1991 alterum
346 1950 544 2005 actionis,
576 1951 688 2004 quod
713 1951 895 1991 refertur
928 1952 980 1991 ad
1011 1951 1251 1992 faciendum
1279 1951 1391 2004 quid,
1422 1954 1471 1991 ut

132 2008 167 2049 si
188 2011 417 2062 quaeratur
437 2009 591 2063 quibus
612 2009 764 2050 officiis
786 2009 975 2049 amicitia
996 2009 1171 2050 colenda
1192 2009 1259 2049 sit.
1303 2009 1470 2049 Rursus

131 2066 362 2121 superioris
401 2081 556 2121 genera
588 2071 688 2108 sunt
718 2068 819 2108 tria:
864 2068 920 2108 sit
951 2082 1082 2109 necne
1116 2067 1173 2108 sit
1205 2072 1248 2107 et
1281 2067 1381 2120 quid
1414 2067 1471 2106 sit

131 2128 173 2165 et
205 2124 327 2179 quale
360 2125 426 2165 sit.
490 2123 556 2165 Sit
591 2140 722 2166 necne
759 2125 833 2179 sit,
871 2129 919 2166 ut
949 2126 1015 2166 ius
1047 2126 1093 2166 in
1128 2129 1284 2166 natura
1321 2125 1377 2165 sit
1416 2138 1469 2164 an

78 2200 111 2225 ὃς,
130 2183 176 2223 111
207 2197 342 2236 more,
387 2182 487 2236 quid
518 2186 661 2224 autem
693 2183 761 2236 sit,
793 2183 870 2224 sic:
912 2183 1023 2224 sitne
1054 2184 1121 2224 ius
1154 2183 1208 2236 id,
1241 2183 1353 2236 quod
1385 2196 1468 2221 ma-

129 2240 212 2281 iori
242 2240 355 2294 parti
388 2241 445 2281 sit
475 2241 597 2295 utile3
638 2241 761 2294 quale
794 2244 936 2282 autem
969 2242 1038 2295 sit,
1070 2242 1147 2282 sic:
1184 2241 1296 2280 iuste
1331 2239 1468 2279 vivere

132 2298 241 2339 sitne
273 2298 388 2339 utile.
452 2298 646 2340 Actionis
686 2302 828 2340 autem
867 2300 948 2340 duo
988 2303 1088 2342 sunt
1120 2312 1291 2353 genera:
1336 2311 1468 2336 unum
1495 2306 1538 2336 63

1115 2365 1186 2398 26*
