1643 2526
124 545 167 576 38

123 1131 165 1161 39

123 1482 166 1511 40

127 1973 176 2013 12

117 2041 162 2070 41

194 90 278 131 398
552 91 868 127 PARTITIONES
898 91 1173 127 ORATORIAE

195 190 338 228 autem
374 186 618 241 praesentia
654 187 887 241 praeterita
917 188 1064 228 futura
1096 192 1345 244 cernuntur3
1387 189 1431 230 in
1468 189 1535 231 his

194 244 299 299 ipsis
343 248 513 286 vetusta
555 246 743 287 recentia
784 246 993 287 instantia
1035 247 1164 300 paulo
1207 250 1307 301 post
1350 250 1424 288 aut
1463 248 1536 288 ali-

194 304 363 357 quando
396 304 549 344 futura.
613 303 766 345 Insunt
794 304 923 345 etiam
948 305 993 345 in
1018 305 1283 359 temporibus
1308 305 1396 360 illa,
1427 321 1535 360 quae

194 362 401 416 temporis
434 362 555 415 quasi
586 365 781 403 naturam
816 366 981 417 notant,
1012 366 1061 404 ut
1091 363 1271 418 hiemps,
1302 367 1350 405 ut
1383 367 1535 419 aestas,

195 423 269 461 aut
301 420 400 461 anni
434 424 646 475 tempora,
683 424 732 461 ut
768 421 946 475 mensis,
988 424 1036 462 ut
1074 421 1182 476 dies,
1223 425 1272 463 ut
1308 436 1393 463 nox
1428 423 1536 464 hora
1572 441 1587 465 5

194 482 447 533 tempestas,
479 493 585 532 quae
619 482 718 520 sunt
748 480 980 535 naturalia3
1023 479 1205 521 fortuita
1236 483 1377 521 autem
1410 481 1535 522 sacri-

194 537 309 590 ficia,
351 537 452 578 festi
490 538 597 590 dies,
639 538 823 592 nuptiae.
885 538 975 578 Iam
1015 538 1130 579 facta
1167 542 1209 579 et
1247 542 1422 580 eventus
1460 543 1535 580 aut

196 595 363 636 consilii
401 599 500 636 sunt
538 599 612 637 aut
650 597 978 650 imprudentiae,
1016 611 1122 651 quae
1155 600 1220 638 est
1253 600 1326 638 aut
1356 597 1402 638 in
1434 612 1535 639 casu

195 657 269 695 aut
306 654 351 694 in
389 655 572 708 quadam
616 654 747 695 animi
789 655 1074 709 permotione,
1118 670 1236 709 eaSU,
1277 670 1373 697 cum
1412 656 1535 696 aliter

195 713 348 753 cecidit
381 727 429 754 ac
461 716 661 766 putatum
693 717 775 767 est3
817 713 1103 767 permotione,
1141 729 1236 755 cum
1270 717 1343 755 aut
1375 714 1534 755 oblivio
1555 733 1588 756 ιο

195 775 268 811 aut
299 786 417 811 error
449 775 522 811 aut
555 771 696 824 aliqua
729 775 867 812 metus
900 775 974 812 aut
1006 772 1254 826 cupiditatis
1288 787 1414 814 causa
1444 787 1535 826 per-

194 829 339 870 movit.
404 828 469 870 Sit
503 829 632 870 etiam
663 830 709 870 in
739 830 1027 884 imprudentia
1063 831 1296 872 necessitas
1328 831 1534 885 ponenda.

194 887 354 928 Rerum
388 892 530 929 autem
562 888 771 929 bonarum
801 892 843 929 et
874 888 1082 929 malarum
1114 889 1198 930 tria
1231 903 1386 944 genera
1417 893 1535 945 sunt,

193 961 291 987 nam
326 949 400 987 aut
431 947 477 987 in
509 946 662 987 animis
695 950 768 987 aut
799 947 844 987 in
883 947 1132 1001 corporibus
1175 951 1248 988 aut
1286 951 1405 988 extra
1442 962 1533 989 esse

193 1008 384 1058 possunt.
437 1005 529 1046 Hac
556 1005 690 1059 igitur
716 1005 892 1046 materie
925 1006 977 1046 acl
1009 1009 1309 1060 argument-um
1342 1006 1533 1047 subiecta
1554 1022 1586 1048 15

192 1063 512 1117 perlustrandae
534 1064 675 1104 animo
702 1066 845 1117 partes
873 1067 997 1104 erunt
1024 1078 1169 1105 omnes
1196 1068 1238 1104 et
1265 1065 1316 1105 ad
1341 1064 1396 1118 id,
1423 1064 1534 1118 quod

193 1125 362 1176 agetur,
407 1137 456 1162 ex
500 1122 681 1175 singulis
726 1122 969 1163 coniectura
1009 1122 1222 1176 capienda.
1284 1123 1365 1163 Est
1404 1122 1534 1163 etiam

195 1194 328 1234 genus
375 1184 725 1235 argumentorum
770 1180 901 1233 aliud,
946 1181 1059 1233 quod
1102 1195 1152 1221 ex
1195 1180 1299 1221 facti
1339 1181 1532 1235 vestigiis

194 1238 394 1291 sumitur,
437 1242 485 1279 ut
528 1239 660 1279 telum
705 1253 828 1280 cruor
871 1239 1031 1280 clamor
1076 1239 1282 1290 [auditus]
1327 1239 1532 1280 titubatio

192 1297 453 1350 permutatio
481 1297 648 1349 coloris,
681 1297 818 1337 oratio
850 1297 1112 1351 inconstans,
1143 1300 1303 1338 tremor
1337 1298 1534 1363 [eorum],
1553 1315 1586 1339 20

195 1355 375 1395 aliorum
413 1355 532 1408 quid,
573 1355 685 1409 quod
726 1370 851 1395 sensu
895 1355 1055 1409 percipi
1100 1355 1257 1410 possit,
1306 1356 1454 1410 etiam,
1497 1356 1533 1397 si

192 1417 495 1478 praeparatum
528 1413 593 1454 ali
604 1414 699 1467 guid,
732 1413 766 1454 si
800 1414 1161 1455 communicatum
1187 1429 1283 1455 cum
1309 1413 1465 1468 aliquo,
1497 1414 1532 1455 si

193 1475 343 1525 postea
376 1472 514 1512 visum
547 1472 738 1512 auditum
771 1472 1016 1513 indicatum.
1066 1471 1169 1513 Veri
1201 1472 1358 1513 similia
1390 1475 1532 1513 autem

191 1530 349 1584 partim
383 1531 553 1585 singula
585 1534 758 1571 movent
790 1545 811 1570 e
844 1545 920 1571 suo
952 1531 1154 1584 pondere,
1194 1531 1369 1584 partim,
1403 1531 1532 1572 etiam

193 1588 228 1629 si
260 1589 457 1629 videntur
489 1603 580 1629 esse
618 1589 772 1643 exigua
808 1603 883 1642 per
916 1603 977 1642 se,
1017 1589 1199 1629 multum
1237 1592 1399 1643 tamen,
1436 1604 1531 1630 cum
1553 1606 1583 1631 25

193 1650 293 1687 sunt
330 1649 596 1700 coacervata,
637 1647 876 1700 proficiunt.
938 1647 1081 1700 Atque
1118 1647 1163 1687 in
1199 1646 1266 1687 his
1300 1647 1387 1687 veri
1420 1647 1532 1687 simi—

191 1704 304 1745 libus
336 1704 484 1745 insunt
511 1719 597 1744 non
622 1719 853 1758 numquam
880 1705 1010 1745 etiam
1036 1707 1175 1745 certae
1201 1719 1342 1745 rerum
1369 1708 1411 1745 et
1437 1720 1533 1759 pro-

191 1763 308 1816 priae
345 1765 483 1803 notae.
545 1762 777 1803 Maximam
815 1765 957 1803 autem
994 1763 1120 1803 fidem
1160 1762 1264 1803 facit
1303 1763 1353 1803 ad
1386 1763 1532 1804 simili-

192 1821 383 1861 tudinem
410 1821 498 1861 veri
529 1820 714 1874 primum
742 1821 993 1874 exemplum,
1026 1821 1173 1861 deinde
1199 1821 1446 1862 introducta
1470 1822 1530 1862 rei

193 1879 445 1933 similitudo3
476 1879 623 1920 fabula
655 1879 782 1919 etiam
800 1893 900 1919 -non
931 1894 1178 1933 numquam,
1210 1876 1291 1920 etsi
1319 1880 1374 1920 sit
1399 1879 1531 1921 incre·
1550 1897 1584 1921 30

192 1937 347 1987 dibilis,
378 1941 523 1978 tamen
554 1937 747 1977 homines
781 1941 1030 1978 commovet.

310 1994 354 2036 C.
388 1995 510 2046 Quid,
547 1996 806 2036 definitionis
839 2010 945 2048 quae
978 1996 1089 2036 ratio
1122 1999 1188 2036 est
1220 1999 1262 2036 et
1294 2010 1401 2049 quae
1433 1995 1530 2037 via?

190 2053 237 2094 P.
269 2053 369 2094 Non
408 2054 583 2094 dubium
617 2057 681 2094 est
717 2054 761 2094 id
799 2054 969 2107 quidem
1007 2054 1110 2107 quin
1148 2054 1339 2095 definitio
1378 2068 1531 2109 genere

191 2112 428 2153 declaretur
466 2115 509 2152 et
545 2112 807 2166 proprietate
846 2112 1027 2166 quadam
1069 2115 1142 2153 aut
1180 2112 1309 2153 etiam
1347 2127 1531 2153 commu-

191 2170 309 2211 nium
341 2169 592 2223 frequentia,
624 2185 674 2210 ex
707 2170 862 2223 quibus
893 2170 1114 2224 proprium
1141 2171 1240 2224 quid
1267 2170 1323 2211 sit
1354 2170 1528 2211 eluceat.
1548 2187 1582 2211 35

193 2227 275 2269 Sed
320 2228 521 2282 quoniam
565 2228 614 2268 de
657 2228 841 2282 propriis
894 2228 1029 2269 oritur
1077 2229 1325 2282 plerumque
1375 2242 1531 2283 magna

193 2287 422 2341 dissensio,
459 2286 745 2327 definiendum
782 2301 905 2341 saepe
944 2290 1008 2328 est
1042 2302 1091 2327 ex
1125 2286 1368 2341 contrariis,
1405 2301 1529 2341 saepe
