1643 2526
497 91 597 130 CAP.
624 98 776 130 45—46.
824 97 843 137 g
872 97 1066 130 163—170.
1366 93 1452 134 265

109 194 298 233 meratus
331 193 414 246 est3
459 190 531 244 qui
569 193 713 232 tamen
754 204 922 231 summa
957 189 1185 230 nobilitate
1222 188 1454 243 hominem,

111 249 365 305 cognatione
387 249 613 290 sodalitate
634 248 842 304 conlegio,
862 263 1029 289 summa
1049 247 1177 289 etiam
1198 247 1455 301 eloquentia,

109 307 155 349 L.
176 308 424 362 Philippum
449 307 495 348 in
521 307 767 348 consulatus
792 306 1001 361 petitione
1023 305 1249 360 superavit.
1289 305 1454 346 Eodem

109 369 300 420 tempore
328 364 372 407 C.
394 365 610 420 Claudius,
641 365 720 406 etsi
745 368 921 419 propter
946 379 1157 406 summam
1180 364 1454 405 nobilitatem

74 428 153 466 5et
191 424 452 479 singularem
489 424 729 478 potentiam
765 437 947 478 magnus
986 426 1094 475 erat,
1138 426 1283 463 tamen
1321 422 1452 463 etiam

110 483 376 536 eloquentiae
397 483 610 536 quandam
630 481 969 523 mediocritatem
989 480 1216 522 adferebat.
1246 480 1519 522 Eiusdem167

109 542 196 582 fere
228 541 435 596 temporis
466 541 550 582 fuit
583 555 710 594 eques
742 540 962 581 Romanus
995 539 1040 581 C.
1066 539 1219 593 Titius,
1251 539 1324 592 qui
1356 553 1450 580 meo

108 599 266 641 iudicio
299 614 348 640 eo
380 599 624 654 pervenisse
656 599 834 653 videtur,
866 613 950 652 quo
982 598 1126 652 potuit
1156 597 1244 638 fere
1271 597 1451 638 Latinus

112 661 256 699 orator
283 658 372 699 sine
394 657 568 699 Graecis
593 657 750 698 litteris
772 660 814 698 et
835 657 925 698 sine
951 657 1088 697 multo
1114 671 1195 697 usu
1220 655 1452 710 pervenire.

58 732 92 757 ιο
110 716 250 757 Huius
283 717 499 757 orationes
533 719 701 756 tantum
731 715 1010 770 argutiarum,
1041 718 1212 755 tantum
1245 714 1454 768 exemplo-

111 790 219 829 rum,
250 778 419 816 tantum
450 774 708 815 urbanitatis
740 774 913 828 habent,
944 777 992 814 ut
1017 788 1150 827 paene
1177 772 1324 813 Attico
1353 772 1453 813 stilo

112 833 295 886 scriptae
319 848 410 874 esse
431 833 665 874 videantur.
709 832 895 873 Easdem
921 832 1112 887 argutias
1138 831 1184 871 in
1209 830 1453 885 tragoedias

112 892 216 932 satis
248 891 319 932 ille
353 891 523 945 quidem
556 894 697 945 acute,
738 891 810 931 sed
840 905 993 944 parum
1024 889 1186 944 tragice
1219 888 1454 930 transtulit.

113 949 247 998 Quem
280 950 480 991 studebat
510 949 672 990 imitari
704 948 749 989 L.
782 948 986 989 Afra-nius
1019 951 1164 1002 poeta,
1202 947 1332 988 hemo
1364 961 1456 1001 per-

60 1022 93 1047 15
113 1012 310 1063 argutus,
346 1008 392 1049 in
421 1008 578 1048 fabulis
615 1007 785 1061 quidem
818 1007 965 1061 etiam,
1002 1010 1051 1047 ut
1084 1006 1222 1059 scitis,
1259 1005 1454 1046 disertus.

110 1067 213 1108 Fuit
245 1067 374 1107 etiam
401 1065 447 1114 Q.
467 1065 657 1107 Rubrius
678 1065 829 1119 Varro,
862 1065 934 1120 qui
961 1080 985 1105 a
1012 1068 1163 1106 senatu
1190 1064 1330 1104 hostis
1358 1074 1526 1105 cumlsss

113 1123 156 1166 C.
188 1124 326 1165 Mario
363 1124 576 1165 iudicatus
614 1127 697 1178 est,
741 1138 836 1165 acer
873 1127 916 1164 et
953 1123 1180 1164 vehemens
1220 1125 1456 1175 accusator,

111 1184 156 1224 in
188 1197 237 1224 eo
271 1197 422 1238 genere
459 1197 558 1223 sane
589 1182 839 1236 probabilis.
899 1181 1064 1223 Doctus
1104 1184 1247 1222 autem
1280 1180 1453 1221 Graecis
1500 1207 1507 1210 -

111 1241 267 1282 litteris
293 1241 557 1295 propinquus
583 1244 742 1294 noster,
767 1240 906 1282 factus
934 1240 985 1281 ad
1012 1240 1248 1292 dicendum,
1273 1238 1328 1279 M.
1352 1238 1454 1279 Gra-

61 1312 94 1337 20
114 1300 244 1340 tidius
275 1299 331 1340 M.
358 1299 522 1340 Antoni
559 1299 881 1353 perfamiliaris,
918 1299 1038 1340 cuius
1078 1297 1320 1352 praefectus
1359 1312 1456 1338 cum

115 1361 226 1399 esset
250 1358 295 1398 in
315 1356 465 1398 Cilicia
492 1360 556 1398 est
580 1357 850 1411 interfectus,
880 1357 916 1398 is
939 1357 1011 1410 qui
1033 1356 1249 1398 accusavit
1275 1355 1318 1397 C.
1340 1355 1454 1396 Fim-

114 1416 265 1469 briam,
295 1415 351 1456 Μ.
377 1415 487 1456 Mari
520 1414 758 1456 Gratidiani
789 1419 923 1469 pater.

231 1474 375 1527 Atque
409 1474 538 1514 etiam
570 1474 682 1527 apud
715 1473 853 1514 socios
880 1476 922 1514 et
948 1472 1128 1513 Latinos
1163 1474 1356 1512 oratores
1388 1471 1459 1511 ha-

114 1533 196 1574 biti
234 1535 334 1573 sunt
375 1531 420 1580 Q.
448 1531 620 1572 Vettius
652 1531 882 1572 Vettianus
921 1546 942 1572 e
980 1530 1155 1584 Marsis,
1199 1544 1324 1584 quem
1366 1529 1458 1583 ipse

62 1603 95 1628 25
116 1591 310 1646 cognovi,
334 1590 518 1644 prudens
546 1590 610 1630 vir
637 1593 678 1630 et
703 1590 749 1630 in
774 1590 950 1631 dicendo
971 1589 1131 1641 brevis3
1162 1587 1208 1636 Q.
1229 1588 1280 1629 D.
1295 1587 1458 1628 Valerii

118 1649 287 1703 Sorani,
324 1648 453 1690 vicini
485 1651 527 1689 et
558 1648 790 1689 familiares
823 1648 924 1702 mei,
964 1663 1052 1688 non
1082 1650 1171 1688 tam
1203 1646 1249 1686 in
1280 1646 1458 1687 dicendo

117 1707 388 1749 admirabiles
421 1722 548 1761 quam
580 1707 695 1747 docti
727 1710 769 1747 et
803 1706 976 1747 Graecis
1008 1705 1165 1746 litteris
1198 1708 1241 1745 et
1272 1704 1459 1758 Latinis3

118 1764 161 1807 C.
193 1765 454 1806 Rusticelius
491 1764 795 1819 Bononiensis,
837 1765 874 1805 is
914 1764 1084 1818 quidem
1120 1766 1163 1804 et
1201 1763 1458 1804 exercitatus

119 1828 161 1865 et
197 1827 351 1864 natura
391 1823 608 1877 volubilis,
659 1823 850 1864 omnium
894 1826 1037 1863 autem
1081 1821 1457 1874 eloquentissimus

65 1894 99 1918 30
119 1884 239 1923 extra
262 1881 372 1922 hanc
397 1881 547 1921 urbem
572 1881 617 1922 T.
637 1881 841 1922 Betucius
867 1881 1026 1922 Barrus
1052 1880 1306 1933 Asculanus,
1338 1878 1458 1920 cuius

121 1943 220 1981 sunt
269 1939 432 1992 aliquot
482 1939 697 1980 orationes
740 1939 890 1980 Asculi
939 1939 1130 1992 habitae3
1179 1938 1254 1978 illa
1296 1937 1459 1978 Romae

121 2001 270 2039 contra
292 1995 549 2050 Caepionem
573 1998 731 2039 nobilis
758 2012 870 2051 sane,
891 1997 990 2050 quoi
1019 1996 1203 2038 orationi
1231 1994 1458 2050 Caepionis

121 2070 192 2097 ore
218 2055 437 2109 respondit
464 2055 624 2110 Aelius,
655 2056 728 2110 qui
760 2055 1020 2110 scriptitavit
1053 2054 1267 2095 orationes
1299 2053 1460 2107 multis,

122 2117 267 2155 orator
297 2113 388 2167 ipse
419 2127 653 2166 numquam
683 2114 776 2155 fuit.
839 2114 966 2167 Apud
997 2113 1180 2154 maiores
1214 2115 1357 2153 autem
1388 2120 1532 2151 no-170

68 2183 101 2208 35
121 2176 233 2214 stros
265 2171 387 2212 video
420 2171 747 2213 disertissimum
783 2172 980 2213 habitum
1018 2186 1068 2212 ex
1098 2170 1225 2212 Latio
1257 2169 1305 2210 L.
1337 2169 1460 2222 Papi-

120 2230 232 2271 rium
263 2229 564 2283 Fregellanum
596 2229 657 2270 Ti.
685 2229 866 2271 Gracchi
898 2230 943 2270 P.
970 2229 1016 2270 F.
1048 2229 1135 2270 fere
1169 2231 1327 2281 aetate3
1369 2226 1458 2267 eius

122 2288 252 2329 etiam
295 2287 432 2329 oratio
477 2290 542 2328 est
583 2301 661 2341 pro
700 2287 964 2342 Fregellanis
1007 2287 1253 2340 colonisque
1291 2283 1458 2325 Latinis

1470 1448 1528 1488 46

1465 1516 1528 1547 169
