1643 2526
511 66 610 102 CAP.
640 69 786 101 12-14.
837 69 856 107 ξ
883 69 1032 100 50—56.
1353 65 1437 106 437

104 162 273 203 cuniam
309 164 577 204 numeratam
613 161 782 202 mulieri
814 160 977 215 deberi,
1015 160 1082 201 cui
1121 160 1178 201 sit
1216 162 1443 215 argentum

106 235 229 261 omne
249 221 452 275 legatum,
470 223 615 261 utrum
634 220 714 261 hoc
729 219 855 260 modo
874 218 1101 260 concludas
1124 222 1441 273 argumentum:

72 322 74 324 ,
107 277 152 319 Si
182 279 362 333 pecunia
393 279 562 334 signata
596 281 822 333 argentum
860 280 942 330 est,
978 278 1123 332 legata
1160 280 1225 318 est
1262 276 1442 318 mulieri.

104 337 186 378 Est
218 340 360 378 autem
390 337 570 391 pecunia
608 337 778 392 signata
815 338 1052 390 argentum.
1114 335 1278 390 Legata
1309 335 1444 390 igitur

70 414 85 437 5
107 398 188 449 est3
220 410 274 436 an
298 395 373 436 illo
401 396 544 436 modo:
578 393 623 436 Si
647 397 870 435 numerata
895 394 1074 448 pecunia
1093 408 1180 434 non
1200 396 1265 434 est
1289 393 1445 448 legata,

105 468 193 494 non
224 456 289 494 est
318 457 543 494 numerata
573 453 753 507 pecunia
784 455 1021 507 argentum.
1083 452 1164 493 Est
1197 455 1339 493 autem
1370 466 1445 492 1111-

106 515 270 553 merata
305 512 486 566 pecunia
523 514 765 566 argentum3
808 511 952 566 legata
989 510 1123 565 igitur
1158 513 1240 564 est3
1285 525 1337 551 an
1368 510 1443 551 illo

106 570 251 611 modo:
285 570 384 611 Non
410 573 452 611 et
476 570 667 625 legatum
694 572 919 624 argentum
945 571 1010 609 est
1037 572 1079 609 et
1105 583 1191 609 non
1211 571 1276 609 est
1301 569 1445 624 legata

105 631 329 669 numerata
375 628 565 682 pecunia.
638 627 849 683 Legatum
899 630 1042 668 autem
1092 630 1318 681 argentum
1362 630 1444 681 est,

55 705 86 728 ιο
106 687 250 741 legata
279 687 414 741 igitur
445 689 667 727 numerata
698 686 876 740 pecunia
908 685 1004 726 est?
1036 685 1269 739 Appellant
1301 689 1443 726 autem
1470 696 1514 727 54

106 745 318 786 dialectici
350 760 442 786 eam
481 744 797 786 conclusionem
836 744 1096 799 argumenti,
1132 744 1178 784 in
1210 758 1310 798 qua,
1348 758 1444 785 cum

105 803 292 857 primuni
330 803 634 857 adsumpseris,
675 802 949 856 consequitur
986 802 1047 856 id,
1085 802 1197 855 quod
1235 802 1445 843 adnexum

106 864 188 915 est,
224 861 410 915 primum
451 861 735 902 conclusionis
768 861 958 915 modum3
1002 875 1097 901 cum
1134 860 1195 914 id,
1233 860 1346 914 quod
1378 861 1446 902 ad-

104 934 261 960 nexum
288 923 365 973 est,
396 920 579 974 negaris,
609 922 657 959 ut
683 919 725 959 id
752 933 932 973 quoque,
963 918 1030 959 cui
1062 918 1193 959 fuerit
1224 919 1445 972 adnexum,

54 995 86 1019 15
104 978 347 1032 negandum
398 978 471 1029 sit,
522 977 730 1018 secundus
785 977 822 1017 is
877 976 1116 1031 appellatur
1166 977 1445 1018 concludendi

107 1036 275 1089 modus3
308 1050 404 1077 cum
436 1039 577 1076 autem
610 1035 752 1100 aliqua
784 1035 1011 1076 coniuncta
1042 1035 1212 1089 negaris
1242 1038 1285 1076 et
1311 1050 1361 1076 ex
1391 1035 1445 1075 iis

105 1108 238 1134 unum
270 1097 343 1134 aut
374 1095 497 1148 pluia
529 1094 779 1148 sumpseiffis
815 1096 881 1147 ut,
917 1093 1030 1147 quod
1061 1093 1335 1148 relinquitur,
1366 1093 1446 1134 tol-

105 1152 277 1193 lendum
309 1152 383 1206 sit,
419 1152 455 1192 is
493 1152 646 1192 tertius
686 1128 924 1206 appellatiu
963 1151 1249 1193 conclusionis
1282 1152 1445 1193 modus.

106 1210 172 1251 Ex
196 1210 278 1251 hoc
302 1210 378 1251 1113
402 1210 623 1251 rhetorum
650 1225 700 1251 ex
727 1210 952 1251 contrariis
986 1210 1197 1263 conclusa,
1230 1225 1337 1264 quae
1361 1210 1446 1264 ipsi
1471 1215 1515 1252 5'5

54 1286 88 1310 ρο
108 1267 394 1321 ἐνθυμήματα
426 1269 660 1323 appellant3
690 1283 778 1309 non
810 1269 922 1322 quod
949 1268 1087 1308 omnis
1115 1268 1327 1309 sententia
1352 1282 1447 1322 pro-

106 1326 200 1380 prio
232 1326 404 1367 nomine
437 1327 667 1380 ἐνθύμημα
698 1341 784 1367 non
816 1326 993 1380 dicatur,
1031 1327 1115 1380 scd,
1152 1329 1200 1366 ut
1231 1326 1445 1367 Homerus

106 1387 282 1438 propter
314 1384 608 1425 excellentiam
634 1399 856 1426 commune
882 1388 1107 1438 poetarum
1131 1382 1289 1425 nomen
1314 1384 1448 1425 efficit

108 1443 220 1496 apud
253 1441 436 1483 Graecos
470 1458 614 1497 suum,
650 1443 728 1497 sic,
766 1458 861 1484 cum
900 1443 1038 1483 omnis
1071 1443 1283 1484 sententia
1316 1442 1447 1485 ἐνθύ-

107 1516 226 1554 μημα
258 1500 434 1555 dicatur,
466 1501 565 1555 quia
590 1501 756 1542 videtur
782 1516 843 1554 03,
874 1515 981 1554 quae
1010 1515 1060 1542 ex
1093 1501 1318 1542 contrariis
1351 1515 1448 1542 con-

56 1576 88 1601 25
107 1559 262 1613 ficitur,
294 1559 553 1613 acutissima,
586 1559 677 1600 sola
707 1559 876 1613 proprie
908 1574 1064 1600 nomen
1096 1573 1320 1601 commune
1351 1574 1447 1614 pos-

109 1617 228 1658 sedit.
292 1617 398 1658 Eius
433 1617 599 1672 generis
630 1617 734 1659 haec
767 1620 883 1658 sunt:

166 1709 272 1751 Hoc
303 1713 546 1763 metuere,
579 1710 794 1751 alterum
825 1711 877 1751 in
908 1713 1043 1751 metu
1074 1725 1174 1752 non
1204 1712 1407 1764 ponere!

167 1768 288 1808 Eam
315 1783 459 1822 quam
489 1768 621 1808 nihil
654 1783 860 1810 accusas
888 1769 1111 1823 damnas,
1142 1769 1268 1810 bene
1302 1783 1447 1822 quam

747 1827 981 1867 meritam
1014 1841 1122 1868 0880
1156 1830 1387 1867 autumas

55 1902 90 1926 30
167 1883 297 1924 Male
330 1883 547 1925 merere?
590 1884 640 1924 id
671 1885 801 1937 quod
833 1885 935 1925 scis
968 1885 1177 1938 prodest
1207 1885 1356 1940 nihi13
1398 1885 1448 1925 id

748 1943 878 1996 quod
909 1943 1075 1984 nescis
1109 1943 1285 1984 obest?

1463 2001 1518 2043 14

225 2022 320 2064 Hoc
346 2023 577 2064 disserendi
605 2038 736 2079 genus
763 2024 941 2078 attingit
968 2024 1141 2064 omnino
1162 2026 1325 2065 vestras
1347 2038 1447 2078 quo-
1472 2071 1516 2101 56

110 2096 190 2135 que
221 2081 267 2121 in
297 2082 589 2135 respondendo
622 2082 950 2136 disputationes,
988 2082 1060 2123 sed
1091 2082 1446 2136 philosophorum

109 2139 260 2194 magis,
296 2140 449 2192 quibus
488 2142 553 2180 est
584 2155 679 2181 cum
712 2140 954 2181 oratoribus
985 2140 1059 2180 illa
1091 2155 1141 2181 ex
1172 2140 1446 2195 repugnanti-

55 2216 89 2240 35
111 2198 188 2238 bus
222 2197 444 2238 sententiis
476 2198 713 2239 communis
745 2198 975 2252 conclusio,
1015 2213 1122 2252 quae
1155 2213 1179 2238 a
1210 2198 1444 2238 dialecticis

109 2255 262 2297 tertius
293 2256 443 2296 modus
470 2270 494 2296 a
517 2255 760 2296 rhetoribus
793 2256 1024 2310 ἐνθύμημα
1056 2256 1222 2297 dicitur.
1272 2255 1444 2308 Reliqui
