1643 2526
520 113 620 147 CAP.
648 116 798 148 22-23.
836 116 855 154 8
882 116 1032 148 85—-91,
1358 112 1443 153 245

102 211 226 249 esset.
290 208 471 249 Interim
512 223 608 250 cum
640 210 752 249 esset
784 207 822 249 ei
859 207 1106 249 nuntiatum
1138 210 1306 262 tempus
1340 221 1444 262 esse,

102 266 239 308 exisse
265 267 311 307 in
331 267 444 307 aedis
467 281 515 307 eo
537 267 678 308 colore
704 269 747 308 et
772 266 824 307 iis
846 266 994 321 oculis,
1018 269 1066 307 ut
1093 266 1231 321 egisse
1258 280 1443 320 causam,

101 339 188 366 non
219 328 555 366 commentatum
585 328 769 379 putares.
831 324 1028 366 Addebat
1060 325 1190 366 etiam
1230 324 1357 378 idque
1390 324 1442 365 ad
1467 334 1512 366 88

101 398 191 424 rem
221 384 433 438 pertinere
465 384 666 439 putabat,
697 383 926 438 scriptores
959 383 1056 424 illos
1090 383 1199 424 male
1232 383 1442 424 mulcatos

68 459 83 482 5
104 442 240 483 exisse
273 457 370 483 cum
404 441 558 497 Galba,
597 457 647 483 ex
686 456 769 496 quo
809 441 1081 497 significabat
1118 442 1242 483 illum
1279 456 1367 482 non
1396 441 1443 482 in

102 501 265 555 agendo
305 501 462 555 solum,
503 501 576 542 sed
614 500 743 542 etiam
780 500 825 541 in
862 500 1107 541 meditando
1147 501 1443 541 vehementem

101 562 229 613 atque
260 559 481 600 incensum
512 559 655 600 fuisse.
718 558 828 607 Quid
860 559 1026 600 multa?
1058 573 1215 614 magna
1247 561 1442 613 expecta-

100 617 230 671 tione,
244 617 451 671 plurumis
472 618 754 672 audientibus,
780 632 924 659 coram
949 617 1043 672 ipso
1064 617 1210 658 Laelio
1238 617 1298 658 810
1323 617 1442 658 illam

102 691 274 717 causam
305 680 428 717 tanta
454 676 495 717 vi
521 679 725 730 tantaque
753 676 965 731 gravitate
993 676 1148 717 dixisse
1177 675 1371 730 Galbam,
1395 678 1444 716 ut

54 751 85 775 ιο
105 734 223 775 nulla
248 734 335 776 fere
361 749 459 789 pars
488 735 693 776 orationis
727 735 897 776 silentio
929 735 1246 789 praeteriretur.
1290 734 1442 788 Itaque

102 792 249 834 multis
283 793 464 847 querelis
503 793 720 847 multaque
759 793 1033 835 miseratione
1071 793 1265 834 adhibita
1303 792 1442 834 socios

103 851 300 892 omnibus
346 852 683 906 approbantibus
727 852 802 893 illa
839 852 905 893 die
943 852 1192 906 quaestione
1235 851 1441 892 liberatos
1457 875 1513 916 23

104 924 208 951 esse.
269 910 336 951 Ex
373 910 453 951 hac
484 910 622 951 Rutili
659 910 905 952 narratione
945 910 1152 965 suspicari
1189 910 1307 961 licet,
1346 925 1442 951 cum
1468 944 1512 975 89

102 969 209 1009 duae
251 983 441 1009 summae
483 969 570 1010 sint
609 969 653 1009 111
694 972 862 1010 oratore
899 969 1064 1023 laudeS,
1101 984 1186 1009 una
1224 968 1443 1010 subtiliter

50 1043 83 1067 15
104 1027 348 1081 disputandi
390 1027 442 1068 ad
486 1027 740 1082 docendum,
784 1027 918 1068 altera
962 1027 1150 1082 graviter
1193 1027 1347 1082 agendi
1391 1027 1444 1068 ad

103 1085 564 1127 animos‘audientium
594 1086 921 1140 permovendos,
957 1086 1179 1139 multoque
1215 1086 1311 1140 plus
1349 1100 1444 1140 pro-

102 1144 219 1185 ficiat
249 1143 286 1185 is
319 1144 393 1198 qui
423 1144 660 1185 inflammet
697 1144 880 1186 iudicem
913 1159 1040 1198 quam
1071 1144 1143 1185 ille
1177 1144 1249 1198 qui
1281 1144 1444 1198 doceat,

104 1202 362 1258 elegantiam
405 1202 451 1243 in
494 1202 659 1257 Laelio,
708 1203 794 1245 vim
837 1203 883 1244 in
928 1202 1065 1244 Galba
1107 1202 1251 1244 fuisse.
1327 1202 1443 1251 Quae
1501 1205 1507 1207 ”

105 1261 275 1314 quidem
312 1261 376 1302 vis
408 1264 501 1302 tum
532 1276 728 1302 maxume
761 1261 935 1316 cognita
972 1264 1055 1316 est,
1093 1276 1189 1303 cum
1220 1260 1441 1302 Lusitanis

52 1336 86 1360 20
105 1334 129 1360 a
161 1318 249 1360 Ser.
282 1318 419 1360 Galba
450 1322 646 1374 praetore
679 1323 828 1361 contra
864 1320 1183 1374 interpositam,
1221 1323 1269 1361 ut
1301 1319 1444 1360 existi-

104 1378 319 1431 mabatur,
359 1378 486 1419 fidem
522 1377 759 1419 interfectis
800 1378 847 1419 L.
885 1378 1049 1419 Libone
1090 1378 1264 1419 tribuno
1305 1378 1444 1432 plebis

104 1436 311 1490 populum
341 1436 548 1478 incitante
581 1439 624 1477 et
654 1436 922 1491 rogationem
953 1436 999 1477 in
1032 1435 1214 1477 Galbam
1245 1436 1443 1491 privilegi

106 1495 289 1536 similem
308 1495 483 1549 ferente,
510 1509 675 1535 summa
696 1498 927 1549 senectute,
947 1498 994 1536 ut
1015 1498 1111 1536 ante
1133 1494 1232 1549 dixi,
1257 1494 1312 1534 M.
1335 1493 1442 1535 Cato

105 1553 245 1608 legem
265 1553 446 1594 suadens
471 1553 516 1593 in
537 1552 716 1594 Galbam
745 1553 880 1594 multa
900 1553 1025 1609 dixit3
1051 1568 1179 1607 quam
1206 1552 1444 1594 orationem

53 1627 87 1653 25
105 1612 151 1652 in
171 1610 367 1666 Origines
389 1626 486 1653 suas
506 1611 687 1666 rettulit,
711 1612 858 1666 paucis
885 1614 983 1653 ante
1005 1627 1132 1666 quam
1158 1614 1353 1652 mortuus
1380 1614 1444 1652 est

107 1685 162 1711 an
202 1670 350 1711 diebus
392 1684 446 1711 an
486 1670 714 1711 mensibus.
776 1670 885 1711 Tum
926 1670 1060 1725 igitur
1097 1670 1206 1710 nihil
1243 1684 1443 1711 recusans
1470 1681 1515 1711 90

108 1727 244 1769 Galba
282 1742 360 1782 pro
402 1742 492 1769 sese
533 1731 576 1769 et
614 1729 762 1783 populi
803 1728 988 1769 Romani
1028 1729 1155 1770 fidem
1198 1728 1433 1783 implorans

108 1801 204 1828 cum
237 1801 335 1827 suos
367 1801 521 1841 pueros
547 1789 641 1828 tum
668 1786 712 1828 C.
740 1786 852 1828 Galli
879 1787 1010 1828 etiam
1033 1787 1171 1828 filium
1196 1787 1301 1828 fiens
1334 1801 1445 1828 com-

108 1844 349 1898 mendabat,
380 1845 498 1886 cuius
532 1845 693 1886 orbitas
726 1849 768 1886 et
798 1846 923 1887 fietus
950 1845 1055 1886 mire
1082 1845 1337 1886 miserabilis
1363 1845 1447 1886 fuit

55 1920 90 1945 30
108 1906 285 1957 propter
321 1906 535 1945 recentem
575 1904 825 1945 memoriam
866 1903 1091 1945 clarissimi
1130 1903 1284 1958 patris,
1323 1903 1445 1957 isque

109 1976 152 2002 se
191 1964 283 2002 tum
321 1961 477 2015 eripuit
515 1962 702 2018 flamma,
742 1965 917 2016 propter
957 1976 1111 2016 pueros
1153 1961 1446 2003 misericordia

107 2019 256 2074 populi
294 2022 526 2074 commota,
568 2020 678 2061 sicut
714 2020 827 2061 idem
869 2020 1076 2074 scriptum
1113 2020 1286 2074 reliquit
1325 2019 1444 2062 Cato.

109 2078 252 2131 Atque
273 2077 403 2118 etiam
422 2077 563 2131 ipsum
582 2078 792 2120 Libonem
817 2093 903 2119 non
928 2078 1138 2120 infantem
1158 2078 1280 2120 video
1300 2078 1445 2132 fuisse,

109 2138 158 2176 ut
201 2151 252 2177 ex
295 2135 561 2177 orationibus
605 2136 695 2178 eius
737 2137 930 2192 intellegi
973 2140 1127 2191 potest.
1190 2136 1297 2179 Cum
1339 2137 1444 2178 haec
1471 2147 1514 2177 91

58 2210 91 2236 35
111 2194 312 2236 dixissem
345 2196 386 2235 et
417 2194 592 2248 paulum
628 2194 1014 2249 interquievissem:
1054 2195 1163 2244 Quid
1194 2195 1348 2250 igitur,
1384 2195 1445 2234 in-

111 2252 220 2307 quit,
257 2255 323 2294 est
360 2267 529 2307 causae,
565 2251 744 2307 Brutus,
782 2253 817 2294 si
855 2256 977 2295 tanta
1012 2253 1149 2295 virtus
1189 2254 1234 2294 in
1277 2256 1444 2294 oratore

112 2309 250 2352 Galba
280 2310 374 2364 fuit,
407 2325 480 2351 cur
512 2325 560 2351 ea
584 2311 702 2352 nulla
731 2311 777 2352 in
803 2312 1068 2353 orationibus
1096 2312 1185 2352 eius
1213 2310 1445 2365 appareat?
