1643 2526
168 69 255 109 446
635 101 639 104 .
757 71 930 107 TOPICA

167 164 268 205 dum
306 165 391 206 vel.
415 165 647 206 sedandum
687 165 864 220 planeve
905 166 1152 208 tollendum.
1214 167 1283 209 Ad
1320 166 1511 211 officium

168 222 247 276 sic,
287 226 335 263 ut
375 238 472 264 cum
514 223 733 276 quaeritur
770 224 1083 278 suscipiendine
1121 225 1208 266 sint
1245 226 1409 268 liberi..
1441 227 1510 269 Ad

166 281 397 322 movendos
437 281 601 322 animos
641 282 961 324 cohortationes
1000 284 1051 324 ad
1084 283 1389 326 defendendam
1419 300 1510 327 rem

164 339 395 393 publicam,
426 340 478 380 ad
509 340 691 395 laudem,
723 341 774 381 ad
806 341 1008 396 gloriam,
1040 356 1124 395 quo
1152 357 1202 383 ex
1229 357 1381 398 genere
1409 346 1509 385 sunt

167 398 362 450 querelae
393 398 668 440 incitationes
707 399 1086 454 miserationesque
1119 400 1300 456 flebiles,
1343 416 1508 443 rursus-

166 469 247 509 que
281 456 418 497 oratio
458 460 550 498 tum
587 457 851 498 iracundiam
888 458 1179 513 restinguens,
1215 462 1308 500 tum
1345 463 1509 501 metum

165 513 367 567 eripiens,
406 517 499 565 tum
539 515 802 556 exultantem
832 516 1042 557 laetitiam
1075 517 1379 573 comprimens,
1415 522 1509 559 tum

166 572 478 627 aegritudinem
505 573 766 628 abstergens.
818 574 934 616 Haec
956 589 1051 616 cum
1076 575 1121 616 in
1146 576 1359 630 propositi
1385 591 1509 630 quae-

166 630 378 672 stionibus
413 646 568 686 genera
600 632 704 687 sint,
745 633 891 673 eadem
922 633 967 673 in
998 648 1148 674 causas
1180 634 1507 676 transferuntur.

282 688 386 730 Loci
425 693 568 730 autem
607 691 679 744 qui
717 691 769 731 ad
808 705 997 745 quasque
1036 693 1308 746 quaestiones
1345 707 1508 735 accom-

165 747 327 788 modati
354 748 440 788 sint
466 748 663 803 deinceps
691 752 756 789 est
775 749 1013 790 videndum.
1064 749 1221 791 Omnes
1247 751 1311 791 illi
1337 751 1509 805 quidem

165 805 217 846 ad
250 806 488 860 plerasque,
520 807 593 847 sed
626 807 697 847 alii
730 807 782 847 ad
814 807 933 861 alias,
970 811 1016 849 ut
1048 808 1147 863 dixi,
1179 809 1378 863 aptiores.
1440 810 1508 851 Ad

166 863 455 905 coniecturam
485 864 621 920 igitur
652 865 835 906 maxime
862 870 975 920 apta,
1007 881 1114 920 quae
1141 881 1191 908 ex
1217 867 1368 921 causis,
1401 882 1507 922 quae

165 936 216 962 ex
248 922 421 976 effectis,
454 937 560 976 quae
593 938 643 963 ex
677 924 915 965 coniunctis
949 924 1058 965 sumi
1089 928 1281 979 possunt.
1342 926 1411 966 Ad
1442 927 1509 967 de-

165 980 405 1021 finitionem
444 984 586 1022 autem
623 982 809 1036 pertinet
841 982 951 1023 ratio
985 986 1027 1024 et
1060 983 1238 1024 scientia
1270 984 1506 1025 definiendi.

165 1038 307 1092 Atque
340 1039 440 1080 huic
473 1040 617 1094 generi
648 1040 879 1081 finitimum
912 1044 977 1081 est
1007 1041 1125 1096 illud,
1158 1042 1270 1096 quod
1302 1042 1508 1097 appellari

165 1097 214 1137 de
257 1097 404 1138 eodem
444 1101 485 1138 et
524 1099 574 1138 de
615 1098 747 1139 altero
790 1099 991 1152 diximus,
1036 1100 1148 1154 quod
1193 1114 1326 1155 genus
1370 1100 1509 1142 forma

165 1155 372 1208 quaedam
416 1156 675 1197 definitionis
721 1160 802 1209 est,
848 1157 883 1197 si
922 1158 1033 1198 enim
1073 1161 1302 1211 quaeratur
1338 1158 1505 1200 idemne

165 1213 221 1253 sit
252 1214 488 1267 pertinacia
520 1217 562 1255 et
593 1215 927 1269 perseverantia,
967 1216 1287 1257 definitionibus
1320 1217 1506 1258 iudican-

94 1280 137 1311 83
165 1272 265 1311 dum
291 1274 366 1312 est.
417 1271 522 1312 Loci
549 1276 691 1313 autem
724 1274 977 1314 convenient
1001 1274 1047 1314 in
1072 1274 1162 1315 eius
1190 1275 1355 1330 generis
1383 1289 1507 1329 quae-

165 1330 348 1370 stionem
370 1331 670 1384 consequentis
691 1332 980 1373 antecedentis
1000 1333 1297 1387 repugnantis,
1318 1333 1506 1375 adiuncti

164 1388 295 1428 etiam
334 1388 413 1443 eis,
454 1389 526 1442 qui
565 1393 792 1430 sumuntur
830 1405 880 1431 ex
913 1391 1051 1431 causis
1085 1394 1127 1431 et
1159 1391 1331 1432 effectis.
1393 1390 1506 1432 Nam

165 1446 200 1487 si
232 1447 342 1488 hanc
374 1461 463 1487 rem
494 1447 570 1488 illa
602 1448 813 1501 sequitur,
850 1448 959 1490 hanc
992 1453 1135 1490 autem
1172 1464 1258 1490 non
1296 1450 1506 1505 sequitur3

165 1508 239 1545 aut
271 1505 306 1545 si
339 1505 437 1546 huic
470 1506 531 1546 rei
562 1506 637 1546 illa
664 1507 888 1561 antecedit,
918 1507 1018 1549 huic
1049 1522 1135 1548 non
1168 1508 1399 1562 antecedit-3
1432 1511 1506 1549 aut

165 1563 199 1603 si
231 1563 331 1604 huic
363 1564 423 1604 rei
456 1568 686 1619 repugnat,
719 1565 783 1605 illi
815 1580 902 1605 non
933 1569 1162 1621 repugnat,
1206 1569 1280 1606 aut
1312 1566 1347 1606 si
1378 1566 1505 1607 huius

164 1621 224 1662 rei
256 1622 373 1675 haec,
410 1622 526 1662 illius
559 1622 643 1662 alia
674 1637 801 1664 causa
833 1626 915 1678 est;
960 1627 1034 1664 aut
1066 1624 1101 1664 si
1133 1638 1183 1664 ex
1216 1624 1298 1665 alio
1331 1624 1424 1679 hoc,
1456 1639 1506 1665 ex

165 1679 248 1720 alio
279 1679 386 1719 illud
417 1680 615 1720 effectum
648 1684 728 1721 est:
773 1696 823 1721 ex
862 1683 1012 1735 quovis
1052 1682 1206 1722 horum
1237 1682 1298 1736 id,
1339 1682 1388 1723 de
1421 1696 1504 1736 quo

94 1748 136 1779 89
167 1738 402 1791 quaeritur,
445 1738 612 1779 idemne
657 1754 710 1779 an
752 1739 865 1780 aliud
907 1740 963 1780 sit
1002 1740 1184 1780 inveniri
1222 1743 1376 1794 potest.
1438 1740 1507 1782 Ad

163 1796 341 1836 tertium
375 1810 507 1851 genus
541 1797 817 1851 quaestionis,
848 1798 893 1838 in
920 1812 1003 1852 quo
1030 1798 1153 1852 quale
1187 1799 1243 1839 sit
1276 1799 1507 1853 quaeritur,

160 1854 206 1894 in
233 1855 597 1908 comparationem
630 1870 679 1896 ea
712 1856 879 1909 cadunt,
910 1871 1017 1910 quae
1045 1857 1171 1910 paulo
1200 1859 1297 1897 ante
1322 1857 1367 1898 in
1394 1871 1504 1898 com-

161 1913 397 1966 parationis
424 1913 519 1954 loco
546 1917 793 1955 enumerata
820 1918 929 1954 sunt.
979 1914 1031 1955 In
1055 1915 1163 1955 illud
1189 1918 1332 1956 autem
1359 1929 1504 1970 genus,

160 1971 205 2011 in
232 1985 315 2024 quo
337 1971 386 2012 de
412 1973 648 2026 expetendo
675 1972 961 2027 fugiendoque
989 1974 1219 2028 quaeritur,
1245 1973 1504 2014 adhibentur

161 2043 222 2083 ea,
254 2044 360 2082 quae
394 2033 493 2070 sunt
526 2033 599 2071 aut
632 2031 762 2071 animi
795 2034 868 2072 aut
900 2031 1090 2085 corporis
1124 2035 1198 2072 aut
1230 2035 1405 2072 externa
1436 2032 1502 2073 vel

161 2088 384 2128 commoda
421 2088 487 2129 vel
526 2089 805 2130 incommoda.
866 2088 1060 2143 Itemque
1099 2105 1194 2131 cum
1233 2090 1283 2131 de
1320 2090 1502 2131 honesto

160 2146 360 2200 turpique
402 2147 638 2201 quaeritur,
682 2148 734 2188 ad
778 2147 907 2188 animi
948 2148 1060 2188 bona
1102 2151 1175 2189 aut
1213 2148 1326 2189 mala
1364 2147 1501 2188 omnis

90 2215 132 2244 90
161 2204 298 2245 oratio
332 2204 551 2260 dirigenda
584 2209 659 2247 est.
722 2204 829 2247 Cum
862 2208 1004 2246 autem
1037 2207 1086 2247 de
1113 2221 1248 2260 aequo
1281 2209 1323 2247 et
1353 2206 1501 2259 iniquo

159 2262 401 2317 disseritur,
444 2263 673 2316 aequitatis
710 2264 794 2306 loci
827 2264 1106 2319 configentur.
1175 2264 1233 2305 Hi
1271 2267 1502 2306 cernuntur

95 665 150 706 :23

95 733 136 764 87

1529 712 1562 736 10

1528 1002 1561 1027 15

1526 1293 1560 1318 20

1526 1583 1559 1609 25

1524 1875 1558 1899 30

1522 2163 1555 2189 35
