1643 2526
83 743 116 768 10

82 1034 114 1060 15

81 1328 116 1353 20

82 1619 116 1643 25

83 1910 118 1935 30

547 103 646 140 CAP.
673 108 822 140 20-21.
872 107 891 147 s
918 107 1068 140 63—70.
1391 105 1473 147 331

136 213 378 241 mensuram
417 199 603 253 aliquam
641 199 772 254 cadit,
808 199 937 241 etiam
979 200 1015 241 si
1054 201 1176 242 abest
1208 215 1232 242 a
1262 215 1388 241 versu
1423 224 1472 230 —-

135 273 236 300 nam
265 258 310 299 id
343 258 514 312 quidem
553 258 758 300 orationis
798 261 863 298 est
900 259 1053 300 vitium
1087 284 1137 289 —-
1171 274 1374 300 numerus
1406 273 1477 300 vo-

137 320 270 371 catur,
301 317 373 370 qui
401 316 560 358 Graece
587 317 757 371 ρυθμὸς
788 316 953 358 dicitur.
1003 317 1156 372 Itaque
1187 318 1309 359 video
1335 318 1475 359 visum

136 390 228 417 esse
259 375 489 430 nonnullis,
518 375 712 416 Platonis
745 377 788 416 et
818 374 1056 417 Democriti
1087 376 1362 430 locutionem,
1393 376 1475 417 etsi

137 434 250 475 absit
276 448 300 475 a
325 448 462 488 versu,
493 437 638 475 tamen
670 433 783 488 quod
812 433 1032 475 incitatius
1064 434 1228 476 fer-atur
1259 438 1302 476 et
1333 434 1476 476 claris-

136 492 255 534 simis
293 492 520 534 verborum
560 492 792 533 luminibus
829 495 996 547 utatm,
1038 494 1182 547 potius
1219 508 1371 548 poema
1402 508 1476 547 pu-

134 551 312 592 tandum
345 566 473 605 quam
506 551 766 592 comicorum
796 554 1039 606 poetarum3
1084 553 1194 606 apud
1229 566 1355 606 quos,
1390 551 1475 592 nisi

135 610 248 664 quod
280 609 479 651 versiculi
511 612 623 664 sunt,
653 609 761 650 nihil
790 612 855 650 est
886 610 1002 651 aliud
1033 610 1237 651 cotidiani
1269 610 1474 651 dissimile

135 668 354 709 sermonis.
416 667 507 709 Nec
547 671 691 709 tamen
727 668 770 708 id
808 671 872 709 est
908 671 1060 722 poetae
1098 669 1350 723 maximum,
1393 668 1474 710 etsi

136 729 201 767 est
233 741 282 767 eo
314 726 570 767 laudabilior
607 727 720 781 quod
751 727 931 768 virtutes
972 727 1154 768 oratoris
1193 727 1474 782 persequitur,

136 799 232 826 cum
263 800 388 826 versu
421 785 477 826 sit
508 785 735 826 astrictior.
797 785 892 840 Ego
933 788 1095 839 autem,
1131 786 1261 827 etiam
1299 786 1335 827 si
1373 799 1474 839 quo-

134 844 329 885 rumdam
368 843 539 899 grandis
579 846 621 884 et
659 846 810 884 ornata
840 858 923 884 vox
955 847 1020 885 est
1051 847 1293 898 poetarum,
1330 847 1475 885 tamen

134 902 180 942 in
217 916 265 943 ea
303 917 400 944 cum
437 902 654 943 licentiam
698 904 842 943 statuo
887 902 1092 943 maiorem
1136 917 1227 943 esse
1265 917 1393 956 quam
1430 902 1476 942 in

133 960 259 1001 nobis
302 960 594 1002 faciendorum
642 960 1037 1015 iungendorumque
1086 961 1332 1013 verbor,um
1381 964 1474 1002 tum

135 1019 264 1060 etiam
295 1019 598 1060 nonnullorum
629 1019 842 1060 voluntati
873 1019 1050 1060 vocibus
1084 1019 1222 1074 magis
1255 1034 1383 1074 quam
1413 1033 1475 1060 re-

134 1077 214 1118 bus
245 1077 500 1132 inserviunt,
543 1091 620 1118 nec
652 1091 765 1131 vero,
798 1077 833 1118 si
865 1078 967 1131 quid
999 1080 1064 1119 est
1094 1092 1227 1118 unum
1257 1078 1370 1118 inter
1402 1092 1473 1118 eos

135 1136 272 1177 simile
317 1161 370 1166 —-
413 1136 457 1176 id
502 1138 645 1176 autem
688 1139 753 1176 est
795 1136 1001 1177 iudicium
1047 1136 1284 1190 electioque
1327 1136 1474 1177 verbo-

1501 795 1544 827 68

134 1209 228 1235 rum
264 1219 329 1249 -—,
367 1197 593 1248 propterea
630 1197 867 1235 ceterarum
904 1209 1047 1236 rerum
1078 1194 1381 1236 dissimilitudo
1413 1194 1475 1235 in·
1498 1208 1506 1211 ⁴

134 1253 281 1308 tellegi
311 1267 398 1294 non
429 1255 589 1307 potest3
624 1252 698 1293 sed
727 1252 772 1293 id
802 1267 879 1294 nec
912 1253 1088 1294 dubium
1121 1256 1186 1294 est
1219 1256 1272 1306 et,
1304 1253 1340 1294 si
1372 1253 1474 1307 quid

134 1311 265 1352 habet
297 1311 572 1365 quaestionis,
602 1311 684 1352 hoc
715 1314 859 1352 tamen
888 1311 1031 1365 ipsum
1064 1312 1117 1352 ad
1146 1311 1203 1366 id,
1236 1312 1349 1365 quod
1379 1326 1474 1365 pro-

133 1369 323 1424 positum
365 1372 447 1423 est,
488 1384 575 1410 non
613 1372 678 1410 est
714 1370 1012 1410 necessarium.
1076 1369 1301 1411 Seiunctus
1339 1370 1474 1424 igitur

135 1430 280 1469 orator
307 1443 330 1468 a
354 1427 709 1482 philosophorum
741 1427 996 1482 eloquentia,
1029 1443 1053 1468 a
1085 1428 1388 1482 sophistarum,
1420 1428 1473 1468 ab

133 1486 451 1540 historicorum,
482 1501 506 1526 a
536 1488 761 1540 poetarum
793 1486 1066 1540 explicandus
1093 1490 1158 1527 est
1184 1486 1309 1527 nobis
1336 1486 1474 1540 qualis

134 1544 305 1586 futurus
338 1545 404 1586 sit.

252 1603 350 1644 Erit
387 1603 522 1658 igitur
560 1603 761 1657 eloquens
795 1626 848 1631 -
881 1603 994 1644 hunc
1032 1603 1145 1644 enim
1185 1605 1357 1645 auctore
1389 1602 1474 1644 Α11-

135 1661 255 1703 tonio
283 1662 525 1715 quaerimus
557 1686 614 1691 —
644 1662 681 1702 is
715 1661 787 1715 qui
818 1661 863 1702 in
893 1661 988 1702 foro
1021 1661 1244 1715 causisque
1277 1661 1473 1703 civilibus

134 1720 196 1761 ita
228 1720 357 1774 dicet,
387 1723 436 1761 ut
466 1720 638 1774 probet,
674 1723 724 1760 ut
755 1719 954 1774 delectet,
989 1723 1039 1761 ut
1068 1720 1224 1761 flectat.
1285 1719 1474 1760 Probare

136 1778 403 1819 necessitatis
436 1781 513 1832 est,
545 1778 753 1820 delectare
787 1778 1026 1833 suavitatis,
1056 1779 1226 1820 flectere
1252 1778 1474 1820 victoriae:

135 1851 236 1878 nam
259 1836 304 1877 id
329 1851 460 1878 unum
486 1851 536 1877 ex
563 1837 760 1877 omnibus
793 1837 845 1878 ad
871 1837 1123 1891 optinendas
1157 1851 1305 1878 causas
1330 1839 1475 1890 potest

136 1893 379 1948 plurimum.
448 1894 530 1936 Sed
573 1898 677 1948 quot
722 1895 863 1936 officia
908 1895 1109 1949 oratoris,
1151 1898 1219 1936 tot
1264 1898 1364 1935 sunt
1408 1909 1476 1949 ge-

136 1967 238 1994 nera
269 1953 450 1994 dicendi:
495 1953 651 1994 subtile
682 1953 727 1993 in
757 1953 991 2008 probando,
1022 1953 1236 1995 modicum
1266 1953 1313 1994 in
1344 1953 1476 1994 delec-

136 2011 286 2065 tando,
321 2011 546 2052 vehemens
584 2012 630 2052 in
660 2012 886 2066 flectendo3
928 2011 975 2052 in
1007 2026 1089 2066 quo
1121 2026 1206 2052 uno
1238 2011 1302 2052 vis
1337 2011 1474 2052 omnis

138 2069 320 2110 oratoris
353 2072 428 2110 est.
489 2069 636 2125 Magni
666 2070 801 2125 igitur
830 2070 995 2123 iudicii,
1034 2084 1222 2111 summae
1256 2070 1385 2111 etiam
1417 2069 1475 2110 fa-

139 2127 311 2169 cultatis
345 2142 435 2169 esse
468 2128 639 2169 debebit
669 2129 914 2169 moderator
943 2128 1016 2169 ille
1048 2132 1090 2169 et
1122 2128 1244 2182 quasi
1270 2131 1476 2181 tempera-

85 2201 120 2226 35
139 2189 208 2228 tor
238 2186 365 2226 huius
397 2185 636 2240 tripertitae
667 2186 906 2241 varietatis3
936 2201 1036 2228 nam
1069 2189 1111 2228 et
1135 2186 1343 2228 iudicabit
1375 2185 1476 2238 quid

139 2244 289 2298 cuique
316 2258 421 2298 opus
448 2244 504 2285 sit
530 2247 572 2285 et
596 2245 756 2298 poterit
788 2259 1055 2299 quocumque
1080 2245 1207 2286 modo
1238 2243 1476 2298 postulabit

139 2316 266 2344 causa
307 2303 454 2344 dicere.
523 2301 606 2343 Sed
646 2305 711 2344 est
752 2303 1019 2357 eloquentiae
1064 2303 1174 2344 sicut
1215 2302 1476 2355 reliquarum

1489 1580 1542 1620 21

1501 1647 1543 1679 69

1503 2078 1545 2109 ΤΟ
