1643 2526
371 94 514 130 LIBER
538 95 582 130 II.
632 94 732 130 CAP.
759 98 908 131 62—64.
959 99 978 138 ξ
1003 99 1200 132 251—257.
1376 97 1460 139 133

119 189 392 231 mirationem
423 190 561 245 magis
595 204 723 244 quam
753 190 888 231 risum
919 193 1075 245 movet,
1105 191 1190 232 nisi
1222 191 1258 233 si
1291 193 1459 246 quando

118 248 270 290 incidit
299 248 345 289 in
377 248 492 289 aliud
525 263 692 303 quoque
725 262 858 304 genus
890 249 1070 290 ridiculi.
1474 273 1529 315 63

238 306 353 355 Quae
386 321 542 361 genera
573 321 818 361 percurram
849 307 1056 361 equidem.
1107 307 1189 349 Sed
1221 309 1340 350 scitis
1367 323 1529 372 esse255

118 364 393 406 notissimum
418 365 586 406 ridiculi
608 379 753 420 genus,
779 380 875 406 cum
902 365 1017 406 aliud
1044 369 1316 420 expectamus
1344 367 1460 408 aliud

84 438 99 463 5
120 423 285 464 dicitur.
328 423 412 465 Hic
443 424 659 464 nobismet
689 423 794 478 ipsis
826 427 974 465 noster
1001 439 1118 465 error
1143 425 1277 466 risum
1303 429 1458 467 movet.

119 480 242 530 Quod
274 481 310 522 si
349 482 585 522 admixtum
622 481 752 522 etiam
791 485 855 523 est
894 482 1162 537 ambiguum,
1198 484 1248 524 fit
1287 484 1458 539 salsius3

118 543 166 580 ut
199 541 310 594 apud
336 540 524 581 Novium
555 540 723 581 videtur
755 554 846 581 esse
873 540 1114 582 misericors
1140 541 1224 595 ille,
1256 542 1328 595 qui
1353 542 1460 583 iudi-

119 601 263 639 catum
306 598 401 639 duci
445 598 584 653 videt3
626 601 904 652 percontatur
955 599 1080 651 [ita:]
1140 599 1328 648 Quanti
1378 601 1459 642 ad-

119 656 341 698 dictust‘?
369 682 423 686 —
449 656 591 697 Mille
622 658 890 698 nummum!
943 656 989 698 Si
1016 657 1247 699 addidisset
1272 661 1459 700 tantum—

66 731 99 755 10
119 715 245 755 modo
277 714 443 756 Ducas
475 715 616 769 licet,
647 718 760 756 esset
790 715 898 756 illud
930 730 1062 771 genus
1095 716 1264 758 ridiculi
1289 720 1459 771 praeter

119 774 477 828 expectationem3
516 774 589 814 sed
622 773 721 827 quia
753 774 915 815 addidit
953 773 1096 815 Nihil
1128 775 1273 829 addo,
1304 776 1456 817 ducas

117 831 262 885 licet,
293 832 457 883 [addito
490 831 692 886 ambiguo
720 832 854 872 altero
882 846 1035 887 genere
1066 833 1253 885 ridiculi]
1284 833 1379 889 fuit,
1409 836 1458 875 ut

118 890 223 931 mihi
257 890 425 944 quidem
456 890 640 943 videtur,
678 890 963 931 salsissumus.
1024 890 1118 932 Hoc
1156 894 1250 932 tum
1288 895 1353 932 est
1391 906 1458 933 ve-

117 951 312 1002 nustum,
344 962 473 1001 quom
504 948 549 988 in
582 948 860 989 altercatione
893 949 1096 1003 arripitur
1128 949 1181 990 ab
1214 950 1456 992 adversario

66 1020 99 1045 15
117 1007 295 1047 verbum
327 1010 369 1047 et
401 1021 451 1047 ex
483 1021 551 1060 eo,
587 1009 636 1047 ut
668 1021 692 1047 a
725 1005 877 1048 Catulo
909 1007 954 1047 in
986 1006 1253 1062 Philippum,
1282 1008 1328 1048 in
1360 1023 1457 1049 eum

116 1065 258 1118 ipsum
278 1064 451 1119 aliquid,
471 1065 543 1117 qui
562 1064 791 1118 lacessivit,
814 1065 1036 1120 infligitur.
1083 1064 1165 1106 Sed
1185 1080 1313 1119 quom
1333 1067 1526 1120 plura256

117 1123 204 1164 sint
237 1122 428 1177 ambigui
461 1137 629 1177 genera,
660 1123 711 1164 de
743 1123 897 1176 quibus
931 1127 996 1164 est
1028 1124 1223 1165 doctrina
1250 1125 1458 1178 quaedam
1485 1159 1493 1162 ,

118 1181 336 1236 suptilior,
379 1181 597 1222 attendere
639 1184 681 1222 et
723 1181 925 1235 aucupari
965 1182 1095 1223 verba
1137 1183 1373 1237 oportebit3
1412 1183 1459 1224 in

117 1254 221 1293 quo,
256 1242 305 1280 ut
336 1254 385 1280 ea
417 1253 523 1293 quae
557 1242 656 1280 sunt
686 1239 911 1294 frigidiora
941 1240 1125 1281 vitemus
1161 1265 1211 1270 -
1246 1243 1312 1282 est
1344 1242 1457 1282 enim

64 1310 98 1335 20
119 1298 364 1351 cavendum,
394 1312 446 1338 ne
479 1298 731 1338 arcessitum
757 1298 920 1339 dictum
944 1301 1120 1352 putetur
1149 1323 1214 1353 -—,
1244 1300 1458 1353 permulta

117 1359 262 1396 tamen
293 1358 415 1396 acute
448 1356 647 1396 dicemus.
690 1356 888 1396 Alterum
915 1371 1048 1411 genus
1075 1360 1152 1410 est,
1184 1357 1296 1410 quod
1327 1357 1458 1399 habet

116 1429 292 1468 parvam
323 1413 443 1454 verbi
474 1413 838 1468 immutationem,
870 1415 983 1467 quod
1013 1414 1059 1454 in
1089 1415 1235 1455 littera
1265 1415 1456 1469 positum

119 1472 269 1513 Graeci
300 1475 456 1513 vocant
487 1474 832 1525 παρονομασίαν,
864 1475 912 1512 ut
944 1471 1267 1513 Nobiliorem
1299 1474 1457 1514 mobi-

116 1530 296 1572 liorem
345 1528 470 1585 Cat03
511 1533 584 1571 aut
624 1534 672 1571 ut
716 1530 846 1584 idem,
890 1545 1018 1583 quom
1063 1531 1235 1584 quidam
1279 1531 1457 1572 dixisset

64 1601 97 1626 25
116 1589 299 1630 Eamus
338 1588 716 1629 deambulatum
755 1591 797 1629 et
834 1588 905 1629 ille
945 1588 1036 1637 Qui
1076 1603 1200 1643 opus
1237 1589 1338 1630 fuit
1370 1589 1456 1631 de?

116 1647 273 1688 Immo
299 1661 436 1701 vero,
460 1647 622 1701 inquit,
648 1646 766 1700 quid
794 1661 917 1700 opus
943 1647 1044 1688 fuit
1070 1647 1146 1688 te‘?
1174 1650 1247 1688 aut
1268 1647 1456 1689 eiusdem

116 1705 337 1759 responsio
368 1705 460 1746 illa:
499 1704 550 1746 Si
588 1708 640 1745 tu
680 1707 728 1746 et
765 1705 1005 1746 adversus
1044 1708 1092 1746 et
1129 1720 1336 1746 aversus
1368 1706 1456 1746 im-

115 1764 328 1818 pudicus
385 1778 446 1804 es.
524 1763 671 1804 Etiam
726 1763 1025 1817 interpretatio
1082 1763 1268 1805 nominis
1324 1764 1524 1806 habet257

117 1836 313 1875 acumen,
354 1835 483 1874 quom
521 1821 572 1862 ad
603 1821 831 1862 ridiculum
863 1824 1085 1862 convertas
1119 1836 1247 1875 quam
1279 1822 1333 1862 ob
1365 1837 1455 1864 rem

63 1891 97 1916 30
115 1880 179 1921 ita
210 1880 303 1934 quis
335 1882 528 1934 vocetur3
564 1882 613 1920 ut
644 1894 723 1935 ego
755 1894 905 1933 nuper:
944 1879 1196 1920 Nummium
1227 1880 1456 1922 divisorem

116 1942 165 1979 ut
213 1937 546 1991 Neoptolemum
595 1938 647 1978 ad
702 1937 893 1992 Troiam,
937 1938 997 1979 sic
1045 1938 1167 1978 illum
1209 1937 1255 1978 in
1304 1953 1454 1993 campo

116 1996 274 2037 Martio
310 2009 467 2036 nomen
508 1996 731 2037 invenisse.
799 1996 941 2049 Atque
988 1996 1093 2037 haec
1139 1996 1281 2037 omnia
1324 1998 1454 2038 verbo
1469 1997 1526 2037 64

117 2054 400 2096 continentur.
463 2052 595 2108 Saepe
634 2054 764 2095 etiam
801 2068 947 2095 versus
985 2054 1122 2095 facete
1156 2054 1456 2110 interponitur,

116 2113 183 2154 vel
214 2115 262 2153 ut
294 2115 359 2153 est
391 2112 457 2153 vel
494 2112 716 2166 paululum
752 2112 1025 2166 immutatus,
1063 2115 1137 2153 aut
1175 2112 1319 2166 aliqua
1355 2127 1454 2167 pars

63 2181 98 2207 35
117 2185 282 2225 versus3
325 2172 375 2210 ut
420 2168 532 2210 Stati
576 2185 600 2211 a
646 2170 804 2211 Scauro
850 2170 1138 2211 stomachanti
1181 2194 1231 2200 —
1279 2185 1329 2211 ex
1371 2184 1453 2224 quo

117 2232 217 2269 sunt
259 2228 453 2269 nonnulli
497 2228 569 2282 qui
617 2231 736 2269 tuam
784 2228 924 2283 legem
973 2229 1023 2269 de
1073 2228 1247 2270 civitate
1295 2231 1456 2282 natam,

117 2285 286 2342 Crasse,
317 2286 461 2327 dicant
494 2301 565 2326 -ε
