1643 2526
527 118 627 153 CAP.
656 121 803 153 19—21.
855 121 874 159 ξ
902 121 1052 153 64—71.
1374 119 1461 160 405

114 213 160 254 in
204 213 474 255 consolandis
518 213 801 267 maeroribus7
843 215 891 253 ut
931 213 977 253 in
1017 212 1238 255 iracundia
1280 215 1461 268 compri-

116 272 269 313 menda
312 275 386 312 aut
428 272 474 312 in
516 272 671 312 timore
718 270 965 312 deleniendo
1016 275 1090 312 aut
1132 272 1180 312 in
1224 273 1459 327 cupiditate

116 331 355 371 minuenda.
405 329 515 379 Quoi
546 329 716 384 quidem
748 329 892 384 generi
925 330 1190 371 contrarium
1223 335 1289 372 est
1321 332 1461 386 dispu-

116 389 236 430 tandi
275 403 408 443 genus
447 389 500 430 ad
537 388 706 429 eosdem
748 387 846 429 illos
889 388 1019 429 animi
1058 392 1220 443 motus,
1265 391 1378 443 quod
1414 390 1460 430 in

81 464 96 489 -»
117 447 415 501 amplificanda
442 447 634 488 oratione
661 461 784 500 saepe
810 446 1051 487 faciendum
1078 451 1154 501 est,
1186 448 1252 489 vel
1286 448 1461 503 gignen-

66 759 77 781 l
82 758 98 779 Ο

65 1050 96 1074 15

64 1342 98 1366 20

66 1632 99 1658 25

67 1926 102 1950 30

117 506 192 546 dos
230 506 297 546 vel
336 505 624 547 concitandos.
685 505 827 559 Atque
868 505 973 546 haec
1011 505 1098 546 fere
1139 508 1238 558 [est]
1281 507 1459 560 partitio

118 564 493 605 consultationum.
541 562 584 604 C.
619 563 827 618 Cognovi,
844 564 917 604 sed
949 578 1056 617 quae
1084 564 1140 605 sit
1172 565 1282 605 ratio
1314 565 1360 605 in
1390 564 1458 606 his
1474 542 1530 582 20

115 623 357 664 inveniendi
390 626 432 663 et
461 622 712 676 disponendi
743 622 925 675 requiro.
975 622 1020 663 P.
1048 621 1169 675 Quid,
1201 626 1249 663 tu
1276 623 1459 664 aliamne
1485 611 1529 641 68

117 696 262 722 censes
290 696 337 722 ac
363 695 450 722 non
475 680 663 734 eandem,
689 695 795 733 quae
822 683 887 721 est
914 680 1120 735 exposita,
1151 684 1200 721 ut
1225 696 1276 722 ex
1302 681 1460 722 eisdem

116 740 223 781 locis
262 740 313 780 ad
351 740 478 780 fidem
515 742 559 780 et
597 739 649 779 ad
689 739 990 779 inveniendum
1034 740 1243 780 ducantur
1288 740 1460 781 omnia?

117 797 366 839 Collocandi
410 801 553 838 autem
597 812 704 851 quae
750 800 814 838 est
864 797 1058 851 exposita
1107 797 1152 838 in
1196 798 1290 839 aliis
1335 798 1461 852 rati07

117 857 264 897 eadem
295 856 377 897 huc
411 856 704 897 transferetur.

235 913 279 956 C.
307 913 492 970 Cognita
513 914 648 969 igitur
672 914 787 954 omni
809 913 1112 955 distributione
1138 915 1461 969 propositorum

117 988 342 1015 causarum
379 973 504 1014 nobis
544 987 700 1027 genera
731 975 773 1013 et
804 975 1032 1026 praecepta
1063 976 1238 1014 restant.
1299 972 1346 1015 P.
1378 974 1462 1014 Ad-

117 1032 301 1073 modum.
350 1031 410 1072 Et
435 1046 580 1072 earum
607 1031 777 1084 quidem
808 1030 948 1071 forma
979 1031 1133 1084 duplex
1165 1034 1246 1072 est:
1281 1046 1460 1085 quarum
1488 1042 1530 1072 69

117 1091 252 1131 altera
293 1090 617 1131 delectationem
658 1092 847 1130 sectatur
885 1089 1068 1143 aurium,
1112 1089 1265 1144 altera,
1306 1090 1374 1130 ius
1411 1093 1461 1131 ut

118 1149 311 1203 optineat
352 1148 506 1202 probet
550 1147 708 1188 efficiat
753 1147 865 1200 quod
909 1147 1018 1202 agit,
1062 1148 1170 1188 unde
1217 1148 1354 1188 omnis
1397 1151 1462 1189 est

118 1210 316 1261 suscepta
360 1206 590 1247 contentio.
652 1205 803 1259 Itaque
846 1205 954 1246 illud
997 1206 1190 1259 superius
1237 1206 1460 1247 exornatio
1508 1208 1515 1211 ”

118 1266 290 1319 dicitur3
331 1265 445 1319 quod
477 1279 573 1305 cum
610 1264 747 1304 latum
785 1278 918 1318 genus
964 1278 1055 1304 esse
1093 1267 1237 1318 potest
1277 1279 1461 1318 saneque

117 1324 301 1377 varium,
343 1338 476 1363 unum
520 1337 570 1363 ex
608 1337 657 1363 eo
696 1321 941 1376 deligimus,
985 1322 1099 1375 quod
1136 1323 1187 1362 ad
1224 1323 1460 1363 laudandos

118 1383 254 1423 claros
287 1381 400 1422 viros
435 1381 691 1434 suscipimus
725 1383 767 1421 et
800 1380 852 1420 ad
889 1380 1110 1433 improbos
1142 1380 1461 1434 vituperandos.

119 1440 262 1482 Genus
300 1439 413 1480 enim
450 1439 613 1479 nullum
648 1442 713 1479 est
753 1438 978 1492 orationis,
1022 1438 1135 1492 quod
1174 1443 1248 1479 aut
1287 1439 1459 1479 uberius

119 1499 172 1540 ad
203 1498 427 1540 dicendum
459 1500 533 1538 aut
565 1497 714 1537 utilius
747 1496 994 1537 civitatibus
1028 1511 1118 1537 esse
1150 1496 1290 1551 possit
1317 1500 1392 1537 aut
1419 1498 1463 1537 in

119 1572 202 1611 quo
235 1556 372 1611 magis
406 1559 550 1596 orator
580 1555 626 1596 in
658 1555 903 1610 cognitione
933 1555 1143 1595 virtutum
1174 1555 1462 1608 vitiorumque

121 1618 320 1657 versetur.
391 1614 621 1668 Reliquum
666 1617 808 1654 autem
852 1627 986 1668 genus
1031 1627 1256 1654 causarum
1300 1616 1375 1653 aut
1416 1613 1463 1654 in

117 1673 360 1729 provisione
391 1672 553 1727 posteri
584 1671 789 1726 temporis
821 1674 896 1712 aut
926 1671 972 1711 in
1002 1671 1224 1725 praeteriti
1256 1671 1463 1725 discepta-

118 1733 235 1774 tione
260 1734 472 1786 versatur3
504 1745 687 1785 quorum
716 1730 898 1771 alterum
924 1729 1244 1770 deliberationis
1271 1733 1337 1770 est
1363 1730 1463 1770 alte-

119 1806 215 1832 rum
245 1789 405 1831 iudicii.
466 1789 533 1829 Ex
564 1803 647 1842 qua
677 1788 911 1843 partitione
945 1788 1028 1828 tria
1056 1802 1210 1843 genera
1238 1803 1462 1829 causarum
1490 1799 1533 1828 70

121 1849 372 1890 extiterunt:
403 1862 547 1899 unum,
575 1847 688 1900 quod
714 1862 738 1888 a
764 1847 938 1887 meliore
963 1849 1085 1900 parte
1110 1846 1371 1886 laudationis
1398 1849 1463 1886 est

122 1907 395 1961 appellatum,
421 1905 740 1946 deliberationis
768 1905 962 1958 alterum,
993 1904 1170 1945 tertium
1195 1904 1462 1945 iudiciorum.

121 1965 259 2014 Quam
285 1964 339 2005 ob
365 1977 455 2004 rem
481 1963 530 2004 de
555 1963 694 2017 primo
719 1962 917 2017 primum,
945 1962 979 2003 si
1006 1962 1159 2016 placet,
1185 1963 1462 2015 disputemus.

122 2022 167 2064 O.
198 2022 306 2064 Mihi
336 2036 436 2062 vero
468 2021 619 2075 placet.

238 2080 284 2121 P.
316 2079 379 2121 Ac
404 2080 604 2120 laudandi
629 2079 981 2134 vituperandique
1007 2079 1208 2132 rationes,
1241 2093 1347 2132 quae
1376 2079 1531 2118 non21

124 2141 176 2181 ad
207 2140 314 2180 bene
347 2138 570 2179 dicendum
603 2138 741 2178 solum
769 2138 840 2178 sed
866 2138 997 2178 etiam
1029 2138 1081 2178 ad
1111 2137 1291 2178 honeste
1323 2136 1465 2177 viven-

70 2216 103 2241 35
124 2199 224 2239 dum
261 2197 422 2250 valent,
459 2210 668 2249 exponam
705 2196 890 2236 breviter
929 2198 1055 2249 atque
1089 2210 1113 2236 a
1143 2195 1364 2249 principiis
1398 2208 1464 2234 ex-

124 2256 265 2297 ordiar
296 2258 339 2296 et
369 2253 569 2294 laudandi
600 2257 642 2294 et
678 2253 959 2308 vituperandi.
1021 2253 1175 2294 Omnia
1212 2252 1325 2293 enim
1364 2253 1464 2291 sunt
1490 2260 1531 2290 71

122 2314 316 2369 profecto
355 2312 582 2366 laudanda,
621 2326 727 2365 quae
766 2312 994 2353 coniuncta
1032 2326 1127 2353 cum
1158 2311 1318 2350 virtute
1352 2311 1464 2362 sunt,
