1643 2526
90 201 137 231 91

94 725 141 756 92

97 1250 143 1281 93

97 1774 142 1804 94

163 95 221 136 90
673 95 736 129 DE
763 94 988 130 ORATORE

165 191 307 231 tandO.
371 189 493 231 Nihil
525 192 590 231 est
620 190 789 231 facilius
822 205 950 244 quam
988 190 1194 231 amictum
1229 189 1392 231 imitari
1429 189 1502 230 ali-

167 249 286 290 cuius
320 252 393 289 aut
426 251 588 290 statum
620 252 694 289 aut
725 251 903 290 motum.
967 247 1012 290 Si
1049 262 1149 290 vero
1188 249 1318 290 etiam
1354 248 1501 289 vitiosi

167 307 327 360 ahquid
368 310 451 361 est,
490 307 535 347 id
575 321 741 348 sumere
779 310 822 347 et
861 307 907 347 in
947 321 995 348 eo
1037 307 1243 348 vitiosum
1283 321 1375 348 esse
1413 320 1502 347 non

166 380 371 420 magnum
398 368 475 419 est,
505 368 554 406 ut
578 365 663 419 ille,
695 365 767 419 qui
791 380 904 416 nunc
930 365 1059 406 etiam
1086 365 1243 406 amissa
1266 379 1369 406 voce
1394 364 1501 405 furit

166 424 211 465 in
243 438 287 464 re
320 423 510 478 publica,
546 423 694 464 Fufius
726 437 878 464 nervos
910 423 956 463 in
987 423 1162 464 dicendo
1196 421 1241 464 C.
1272 423 1306 464 F
1310 423 1535 477 imbriae,5

167 497 273 536 quos
300 485 446 522 tamen
463 481 616 523 habuit
639 481 724 536 ille,
748 496 835 523 non
861 482 1113 536 assequitur,
1139 481 1223 522 oris
1244 481 1501 536 pravitatem

168 544 210 581 et
240 541 469 581 verborum
498 540 771 581 latitudinem
801 540 1007 581 imitatur.
1053 539 1135 581 Sed
1159 543 1304 581 tamen
1326 540 1399 581 ille
1423 554 1501 581 nec

168 599 351 653 deligere
385 599 528 653 scivit,
566 599 684 640 cuius
716 599 989 653 potissimum
1021 598 1173 639 similis
1211 601 1340 653 esset,
1377 601 1421 639 et
1455 598 1502 638 111

168 672 217 698 60
260 658 354 711 ipso
400 672 525 712 quem
568 657 782 712 delegerat
827 657 989 697 imitari
1032 657 1162 698 etiam
1204 656 1310 697 vitia
1353 655 1499 697 voluit.

168 715 249 764 Qui
283 719 426 756 autem
454 715 518 756 ita
548 715 678 756 136161
714 719 763 756 111
801 718 989 769 oportet,
1024 715 1210 769 primum
1246 715 1396 769 vigilet
1431 729 1501 755 ne-
1521 731 1554 756 ιο

169 789 284 816 66886
317 777 382 814 631
411 774 457 814 111
494 774 736 828 deligendo,
773 773 921 814 deinde
960 788 1085 827 quem
1121 773 1320 827 probavit
1356 773 1402 813 in
1439 787 1502 827 60,

169 847 275 886 quae
309 832 491 873 maxime
524 832 744 886 excellent,
775 846 824 872 ea
850 831 1177 886 diligentissime
1209 834 1500 885 persequatur.

287 890 396 938 Quid
428 890 541 931 enim
574 904 725 931 causae
758 890 939 931 censetis
977 904 1087 944 esse,
1124 904 1199 931 cur
1237 892 1397 931 aetates
1436 904 1502 930 ex-

168 949 347 989 tulerint
379 948 571 1003 singulae
604 948 772 1003 singula
802 963 934 1002 prope
963 962 1117 1003 genera
1143 947 1336 989 dicendi?
1381 947 1502 996 Quod

168 1022 255 1048 non
280 1011 369 1048 tam
394 1007 519 1048 facile
544 1007 589 1047 in
612 1007 773 1047 nostris
795 1007 1036 1047 oratoribus
1056 1021 1282 1060 possumus
1302 1006 1501 1060 iudicare,
1522 1022 1553 1048 15

170 1065 269 1119 quia
296 1066 455 1119 scripta
480 1080 530 1106 ex
559 1065 712 1118 quibus
738 1065 941 1106 iudicium
966 1065 1058 1105 fieri
1082 1068 1229 1118 posset
1254 1079 1341 1105 non
1366 1064 1503 1105 multa

170 1138 270 1164 83116
301 1124 577 1177 reliquerunt,
608 1138 735 1177 quam
760 1123 806 1163 in
832 1122 1018 1176 Graecis,
1049 1138 1099 1163 ex
1125 1137 1305 1176 quorum
1331 1123 1501 1177 scriptis

171 1182 375 1235 cuiusque
407 1181 560 1222 aetatis
588 1195 694 1234 quae
726 1181 890 1222 dicendi
921 1181 1031 1221 ratio
1058 1181 1340 1234 voluntasque
1372 1180 1501 1221 fuerit

168 1240 363 1294 intellegi
375 1243 531 1294 potest.
568 1239 871 1293 Antiquissimi
891 1239 977 1280 1616
999 1242 1110 1292 811111,
1131 1253 1312 1292 quorum
1332 1239 1501 1292 quidem

170 1298 329 1352 scripta
361 1301 574 1351 constent,
610 1297 794 1339 Pericles
833 1301 960 1352 atque
990 1297 1234 1338 Alcibiades
1273 1300 1314 1338 et
1352 1297 1498 1338 eadem
1520 1314 1553 1339 20

170 1360 309 1397 aetate
341 1356 625 1410 Thucydides,
657 1356 834 1410 suptiles
867 1355 981 1397 acuti
1013 1356 1161 1396 breves
1194 1355 1500 1408 sententiisque

170 1415 308 1469 magis
350 1429 477 1468 quam
517 1414 658 1455 verbis
699 1414 975 1455 abundantes.
1044 1413 1145 1455 Non
1184 1413 1396 1467 potuisset
1437 1428 1501 1454 ac-

171 1474 308 1514 cidere
335 1476 382 1513 ut
408 1487 539 1513 unum
567 1487 699 1527 genus
727 1475 839 1513 esset
865 1472 1067 1525 omnium,
1097 1472 1181 1513 nisi
1207 1472 1392 1525 aliquem
1418 1471 1500 1512 sibi

169 1534 457 1585 proponerent
478 1531 529 1571 ad
554 1531 820 1571 imitandum.
865 1529 1094 1571 Consecuti
1115 1535 1214 1571 sunt
1237 1530 1317 1571 hos
1344 1528 1500 1571 Critias

169 1590 452 1630 Theramenes
483 1588 647 1643 Lysias.
708 1588 845 1629 Multa
876 1588 1028 1642 Lysiae
1061 1589 1220 1642 scripta
1251 1591 1369 1643 sunt,
1397 1602 1501 1629 non·
1520 1604 1553 1630 25

168 1648 287 1688 nulla
320 1646 496 1700 Critiae,
534 1648 583 1687 de
615 1646 875 1687 Theramene
914 1646 1119 1687 audimus.
1182 1646 1339 1687 Omnes
1371 1646 1501 1687 etiam

170 1709 263 1746 tum
294 1705 537 1746 retinebant
567 1704 690 1745 illum
720 1704 875 1745 Pericli
907 1719 1072 1757 sucum,
1110 1704 1183 1744 sed
1219 1708 1340 1745 erant
1370 1704 1499 1758 paulo

170 1763 366 1804 uberiore
391 1763 476 1804 filo.
520 1762 631 1804 Ecce
656 1762 737 1803 tibi
763 1766 828 1803 est
854 1765 1025 1803 exortus
1045 1762 1270 1816 Isocrates,
1295 1762 1500 1816 magister

169 1822 353 1863 1310111111
398 1821 605 1874 011111111111,
655 1821 774 1861 6111118
824 1835 845 1861 6
894 1820 994 1861 111ἀο
1043 1823 1248 1873 tanquam
1297 1834 1347 1860 ex
1391 1834 1498 1885 equo

169 1880 355 1921 Troiano
387 1880 492 1920 meri
523 1855 736 1944 principes
763 1878 972 1932 exierunt·
1004 1878 1076 1919 sed
1102 1892 1248 1918 60111111
1272 1877 1430 1932 partim
1453 1878 1500 1918 in
1519 1895 1554 1921 30

98 1938 154 1979 23
170 1953 327 1992 pompa
358 1938 516 1992 partim
541 1938 587 1978 in
612 1938 701 1978 acie
731 1937 933 1977 inlustres
960 1951 1052 1977 6886
1077 1936 1313 1977 voluerunt.
1356 1936 1499 1990 Atque

170 2000 211 2037 et
242 1997 305 2036 illi
337 1995 601 2050 Theopompi
632 1995 796 2050 Ephori
827 1995 999 2036 Philisti
1024 1994 1266 2036 Naucratae
1292 1994 1499 2048 multique

169 2055 241 2095 alii
272 2054 438 2095 naturis
471 2054 682 2107 differunt,
713 2054 934 2095 voluntate
966 2056 1107 2094 autem
1141 2052 1299 2094 similes
1332 2055 1432 2094 sunt
1457 2056 1500 2093 et

167 2113 280 2153 inter
318 2127 408 2153 sese
441 2115 482 2153 et
513 2112 727 2167 magistri,
758 2115 801 2153 ct
831 2111 876 2152 hi
908 2111 980 2165 qui
1013 2125 1056 2152 se
1089 2111 1140 2152 ad
1172 2125 1320 2152 causas
1353 2113 1500 2152 contu-

166 2172 320 2224 lerunt,
345 2173 393 2211 ut
418 2170 728 2211 Demosthenes
754 2170 992 2224 Hyperides
1017 2169 1239 2224 Lycurgus
1265 2168 1497 2210 Aeschines
1517 2184 1552 2210 35

167 2229 409 2270 Dinarchus
442 2229 598 2282 aliique
631 2228 888 2283 complures,
928 2227 1009 2268 etsi
1040 2228 1151 2268 inter
1184 2242 1227 2268 se
1258 2241 1381 2281 pares
1412 2240 1499 2267 non

111 2323 120 2333 .
165 2288 351 2342 fuerunt,
376 2290 520 2328 tamen
541 2301 685 2328 omnes
708 2289 807 2328 sunt
825 2286 871 2327 in
890 2286 1037 2328 eodem
1056 2286 1249 2327 veritatis
1268 2285 1498 2326 imitandae
