1643 2526
190 121 212 161 1
220 121 275 162 26
700 121 762 155 DE
791 120 1014 156 ORATORE

186 215 392 270 aperuisti
448 215 674 270 quiddam,
729 216 842 270 quod
895 215 1244 270 praecipiendum
1300 215 1524 258 videretur.

183 274 346 315 Haberi
383 274 497 315 enim
534 274 679 315 dixisti
716 274 927 315 rationem
965 277 1162 328 oportere
1199 273 1423 315 hominum
1463 275 1525 316 rei

185 332 405 386 temporis,
433 347 486 373 ne
520 332 621 386 quid
651 333 770 374 iocus
803 333 852 373 de
880 332 1092 387 gravitate
1118 333 1380 387 decerperet,
1411 335 1524 386 quod

186 391 356 444 quidem
386 390 432 431 in
462 391 612 445 primis
645 406 669 431 a
701 389 854 431 Crasso
889 390 1106 431 observari
1144 391 1264 431 solet.
1328 389 1411 432 Sed
1441 391 1523 433 hoc

184 452 459 503 praeceptum
488 449 965 503 praetermittendarum
997 452 1061 490 est
1092 449 1363 503 facetiarum,
1395 463 1523 503 quom
1543 466 1560 492 5

184 507 238 548 iis
264 507 371 548 nihil
398 522 505 561 opus
532 507 600 548 sit.
640 506 732 548 Nos
754 511 897 548 autem
923 521 1006 560 quo
1033 507 1159 548 modo
1186 511 1369 561 utamur,
1394 522 1524 561 quom

186 580 292 619 opus
325 566 393 619 sit,
425 566 680 620 quaerimus,
710 569 758 606 ut
787 565 833 605 in
865 565 1153 606 adversarium
1179 568 1222 606 et
1248 580 1455 619 maxume,
1487 566 1523 606 si

186 623 276 665 eius
298 624 483 665 stultitia
501 624 661 678 poterit
682 623 850 678 agitari,
875 623 920 664 in
946 627 1101 664 testem
1121 624 1302 664 stultum
1322 624 1524 678 cupidum

116 682 335 735 23olevem,
368 682 403 723 si
434 682 558 723 facile
590 682 784 723 homines
812 682 998 722 audituri
1024 682 1291 722 videbuntur.
1337 681 1521 723 Omnino

186 740 480 794 probabiliora
511 743 629 794 sunt,
667 755 773 794 quae
805 740 994 781 lacessiti
1026 740 1224 794 dicimus,
1257 755 1384 794 quam
1416 755 1523 794 quae
1544 757 1578 782 ιο

185 799 358 852 priores.
409 797 522 838 Nam
554 801 596 839 et
626 798 789 853 ingenii
821 798 1014 839 celeritas
1047 798 1181 839 maior
1213 802 1290 853 est,
1322 813 1428 852 quae
1455 814 1524 852 ap-

186 859 308 910 paret
345 857 389 896 in
431 857 741 910 respondendo,
783 859 824 897 et
863 856 1145 897 humanitatis
1184 860 1249 897 est
1289 857 1523 910 responsio.

186 914 393 955 Videmur
425 914 538 955 enim
571 914 756 968 quieturi
787 914 938 967 fuisse,
974 915 1058 955 nisi
1096 929 1286 956 essemus
1323 915 1525 969 lacessiti,

186 976 234 1013 ut
266 973 310 1013 in
340 973 434 1026 ipsa
469 972 555 1013 ista
593 972 790 1014 contione
827 973 935 1013 nihil
973 972 1059 1014 fere
1097 973 1303 1014 dictumst
1341 973 1394 1013 ab
1431 973 1525 1027 hoc,

189 1031 302 1084 quod
347 1030 516 1084 quidem
560 1030 739 1072 facetius
785 1031 945 1072 dictum
994 1031 1226 1085 videretur,
1276 1031 1390 1085 quod
1437 1045 1526 1072 non
1545 1047 1578 1072 15

186 1092 445 1143 provocatus
476 1089 752 1142 responderit.
802 1089 910 1130 Erat
937 1093 1079 1130 autem
1105 1092 1225 1130 tanta
1254 1089 1300 1130 'm
1331 1089 1523 1130 Domitio

190 1147 397 1202 gravitas,
435 1150 559 1188 tanta
596 1147 849 1201 auctoritas,
886 1150 951 1201 ut,
990 1148 1102 1200 quod
1141 1150 1253 1188 esset
1285 1148 1337 1188 ab
1371 1162 1419 1188 eo
1453 1148 1525 1188 ob-

187 1205 365 1259 iectum,
413 1205 556 1259 lepore
606 1205 743 1260 magis
793 1205 1020 1246 levandum
1071 1220 1198 1259 quam
1251 1205 1523 1247 contentione

188 1263 471 1318 frangendum
504 1263 727 1304 videretur.

119 1299 172 1340 57
307 1321 416 1362 Tum
449 1322 679 1375 Sulpicius:
719 1320 828 1369 Quid
857 1321 1020 1376 igitur?
1061 1321 1346 1375 patiemurne,
1373 1322 1578 1376 inquit,2o

120 1367 428 1434 ²3¹Caesarem,
449 1381 520 1433 qui
542 1394 800 1434 quamquam
822 1379 913 1431 [M]
937 1378 1091 1420 Crasso
1116 1380 1293 1421 facetias
1321 1380 1527 1434 concedit,

189 1442 333 1479 tamen
365 1438 500 1479 multo
538 1438 583 1478 in
620 1452 669 1479 eo
710 1438 850 1479 studio
888 1438 1026 1492 magis
1063 1438 1156 1491 ipse
1194 1438 1404 1492 elaborat,
1438 1452 1527 1479 non

189 1496 399 1550 explicare
431 1496 556 1537 nobis
588 1499 729 1537 totum
762 1511 895 1551 genus
926 1496 1009 1537 hoc
1039 1496 1207 1537 iocandi
1240 1496 1363 1550 quale
1396 1496 1453 1537 sit
1484 1499 1527 1537 et

189 1555 299 1595 unde
341 1555 536 1608 ducatur,
575 1555 826 1608 praesertim
869 1569 964 1595 cum
1004 1557 1169 1595 tantam
1209 1554 1296 1594 vim
1334 1557 1376 1594 et
1413 1554 1528 1595 utili-

190 1616 325 1653 tatem
363 1613 464 1653 salis
503 1616 545 1653 et
582 1613 841 1653 urbanitatis
880 1627 970 1653 esse
1011 1611 1226 1652 fateatur?
1289 1611 1426 1659 Quid?
1477 1612 1525 1666 si,
1545 1627 1578 1654 25

188 1670 329 1724 inquit
366 1670 520 1725 Iulius,
559 1670 774 1711 adsentior
805 1670 996 1710 Antonio
1036 1670 1193 1710 dicenti
1234 1670 1397 1710 nullam
1435 1684 1526 1711 esse

120 1732 326 1770 232artem
365 1728 496 1769 salis?
551 1728 633 1769 Hic
672 1742 801 1781 quom
840 1727 1052 1781 Sulpicius
1091 1727 1350 1768 reticuisset:
1396 1727 1526 1776 Quasi

190 1801 308 1840 vero,
338 1786 479 1840 inquit
511 1785 708 1839 Crassus,
738 1786 891 1827 horum
923 1786 1135 1840 ipsorum,
1172 1785 1221 1826 de
1255 1785 1409 1839 quibus
1440 1786 1526 1827 An-

190 1845 334 1885 tonius
378 1844 463 1885 iam
508 1844 579 1885 diu
622 1844 831 1898 loquitur,
881 1858 949 1884 ars
998 1844 1085 1884 ulla
1135 1843 1201 1884 sit.
1270 1843 1524 1885 Observatio

191 1903 397 1956 quaedam
430 1905 505 1951 est,
537 1905 585 1943 ut
615 1902 706 1956 ipse
740 1902 859 1956 dixit,
890 1916 1034 1943 earum
1066 1916 1220 1956 rerum,
1251 1916 1358 1955 quae
1389 1902 1434 1942 in
1466 1902 1524 1943 di-
1543 1919 1577 1944 30

191 1961 321 2002 cendo
358 1961 520 2015 valent3
558 1975 664 2014 quae
703 1960 738 2001 si
776 1959 1014 2013 eloquentis
1051 1959 1189 2000 facere
1228 1963 1392 2014 posset,
1430 1960 1524 2014 quis

191 2022 303 2060 esset
333 2033 421 2059 non
451 2018 682 2072 eloquens?
732 2017 834 2067 Quis
868 2018 980 2058 enim
1011 2017 1114 2059 haec
1148 2018 1249 2069 [vel]
1282 2033 1370 2059 non
1399 2017 1524 2060 facile

176 2077 257 2118 ‘vel
295 2080 406 2118 certe
445 2077 587 2130 aliquo
626 2077 750 2117 modo
788 2079 935 2130 posset
972 2074 1186 2117 ediscere?
1244 2075 1326 2117 Sed
1363 2090 1443 2130 ego
1479 2076 1526 2117 in

190 2134 243 2176 iis
269 2135 507 2189 praeceptis
532 2135 642 2176 hanc
661 2135 748 2175 vim
768 2137 810 2175 et
836 2134 945 2175 hanc
965 2134 1197 2175 utilitatem
1217 2149 1307 2175 esse
1327 2134 1526 2189 arbitror,

189 2207 278 2234 non
308 2196 356 2234 ut
389 2193 441 2234 ad
471 2193 766 2246 reperiendum
804 2192 914 2246 quod
953 2192 1141 2233 dicamus
1182 2195 1271 2233 arte
1309 2192 1525 2247 ducamur,
1543 2208 1578 2234 35

193 2251 266 2292 sed
292 2254 339 2292 ut
365 2266 425 2305 ea,
452 2265 559 2304 quae
584 2254 749 2304 natura,
775 2265 881 2304 quae
908 2250 1062 2303 studio,
1090 2265 1196 2305 quae
1222 2249 1524 2291 exercitatione

193 2309 503 2364 consequimur,
536 2312 609 2350 aut
640 2312 757 2350 recta
788 2322 879 2350 esse
911 2308 1172 2350 confidamus
1205 2311 1279 2350 aut
1303 2322 1436 2362 prava
1464 2307 1526 2348 in-
