1643 2526
554 75 652 109 CAP.
680 77 829 110 24-26.
877 77 896 116 ξ
923 77 1073 110 92-99.
1397 74 1480 115 247

142 171 380 212 Tuditanus
414 185 511 212 cum
543 169 660 211 omni
690 169 780 211 vita
811 172 938 224 atque
970 169 1087 211 victu
1125 168 1319 211 excultus
1352 172 1480 223 atque

143 229 368 284 expolitus,
393 232 486 270 tum
512 229 602 270 eius
622 228 794 284 elegans
814 231 880 269 est
898 228 1095 269 habitum
1115 227 1246 269 etiam
1273 228 1481 269 orationis

145 302 289 343 genus.
332 287 579 340 Eodemque
604 287 650 327 in
682 301 834 342 genere
861 290 927 327 est
951 286 1126 327 habitus
1150 286 1201 341 is,
1227 286 1299 340 qui
1325 286 1483 327 iniuria

145 349 318 400 accepta
348 346 478 401 fregit
510 345 571 386 Ti.
605 344 845 387 Gracchum
876 345 1105 399 patientia,
1142 345 1245 386 civis
1278 345 1323 386 in
1353 345 1481 386 rebus

109 423 125 447 5
146 404 332 459 optumis
354 404 728 445 constantissimus
748 402 804 445 M.
821 403 1037 445 Octavius.
1069 403 1130 444 At
1148 417 1248 445 vero
1268 403 1325 444 M.
1339 403 1482 445 Aemi-

142 463 225 504 lius
250 462 450 517 Lepidus,
476 462 548 516 qui
574 466 640 503 est
664 462 846 504 Porcina
872 462 1023 516 dictus,
1053 461 1189 503 isdem
1214 458 1480 517 temporibus

142 521 230 562 fere
263 521 418 575 quibus
453 520 608 575 Galba,
646 521 718 562 sed
748 520 877 575 paulo
909 520 1048 562 minor
1079 523 1184 561 natu
1216 523 1259 561 et
1290 535 1481 562 summus

144 582 289 621 orator
321 582 386 620 est
416 579 591 620 habitus
623 582 666 620 et
697 579 798 634 fuit,
829 582 877 620 ut
909 582 1087 633 apparet
1118 593 1168 620 ex
1201 579 1483 634 orationibus,

144 638 326 692 scriptor
359 652 458 679 sane
490 638 640 678 bonus.
701 637 795 679 Hoc
825 637 872 678 in
903 641 1073 679 oratore
1104 637 1261 678 Latino
1293 637 1480 692 primum
1507 649 1551 680 96

92 714 123 738 ιο
143 697 248 737 mihi
280 696 448 737 videtur
486 699 529 737 et
565 696 717 737 levitas
750 696 997 751 apparuisse
1034 696 1109 737 illa
1147 695 1408 737 Graecorum
1440 699 1483 737 et

142 755 369 796 verborum
411 754 679 809 comprensio
720 758 763 796 et
803 755 889 796 iam
930 754 1101 809 artifex,
1141 757 1190 795 ut
1229 754 1291 796 ita
1331 755 1482 808 dicam,

144 813 280 854 stilus.
327 812 453 854 Hunc
486 813 676 854 studiose
707 813 790 854 duo
823 813 1114 854 adulescentes
1145 813 1482 867 ingeniosissimi

143 875 186 912 et
222 885 354 926 prope
393 871 591 925 aequales
629 869 674 912 C.
714 870 853 912 Carbo
895 874 938 912 et
975 871 1036 912 Ti.
1076 870 1295 913 Gracchus
1336 871 1481 913 audire

144 930 261 971 soliti
293 932 410 985 sunt,
442 930 492 970 de
524 930 678 984 quibus
710 930 796 971 iam
829 929 995 971 dicendi
1026 930 1145 971 locus
1177 929 1271 985 erit,
1302 944 1399 971 cum
1431 929 1481 971 de

91 1007 123 1031 15
144 988 383 1029 senioribus
415 1002 552 1042 pauca
583 988 739 1029 dixero.
789 987 835 1037 Q.
862 988 975 1029 enim
1006 987 1236 1043 Pompeius
1267 1002 1356 1029 non
1386 1002 1484 1030 con-

142 1050 334 1101 temptus
379 1050 524 1088 orator
566 1046 832 1100 temporibus
881 1047 968 1088 illis
1018 1046 1119 1101 fuit,
1169 1046 1241 1100 qui
1292 1060 1482 1088 summos

142 1105 327 1146 honores
364 1105 493 1146 homo
530 1119 606 1160 per
645 1119 688 1146 se
727 1105 924 1160 cognitus
963 1105 1054 1146 sine
1091 1105 1180 1146 ulla
1217 1105 1483 1147 commenda-

143 1163 260 1205 tione
291 1163 502 1205 maiorum
534 1166 600 1204 est
631 1163 821 1218 adeptus.
871 1163 980 1204 Tum
1011 1163 1058 1204 L.
1092 1161 1265 1205 Cassius
1297 1163 1481 1205 multum
1498 1175 1551 1212 ,97

143 1222 287 1276 potuit
318 1235 406 1263 non
437 1221 694 1276 eloquentia,
726 1222 799 1263 sed
831 1222 1007 1263 dicendo
1040 1225 1202 1277 tame-113
1233 1222 1363 1263 homo
1395 1236 1482 1263 non

91 1298 125 1323 20
143 1280 416 1334 liberalitate,
445 1283 494 1321 ut
526 1280 611 1334 alii,
642 1280 715 1321 sed
745 1280 841 1335 ipsa
870 1280 1051 1321 tristitia
1083 1283 1125 1321 et
1158 1280 1384 1321 severitate
1410 1294 1484 1334 po—

143 1338 316 1393 pularis,
348 1338 468 1380 cuius
502 1338 672 1393 quidem
703 1338 790 1393 legi
815 1338 1064 1380 tabellariae
1090 1338 1145 1379 M.
1171 1338 1330 1380 Antius
1355 1338 1481 1380 Briso

144 1397 342 1437 tribunus
374 1396 511 1450 plebis
545 1396 617 1437 diu
648 1396 829 1451 restitit,
865 1396 922 1437 M.
955 1397 1117 1451 Lepido
1156 1397 1330 1438 consule
1368 1397 1483 1438 adiu-

143 1458 288 1510 vante3
319 1469 451 1508 eaque
482 1469 549 1496 res
581 1454 626 1496 P.
658 1454 862 1496 Africano
893 1455 1200 1509 vituperationi
1231 1455 1334 1510 fuit,
1370 1456 1483 1509 quod

144 1513 233 1555 eius
260 1513 516 1555 auctoritate
542 1513 592 1554 de
619 1513 830 1554 sententia
856 1513 1060 1555 deductus
1086 1513 1211 1554 Briso
1236 1513 1483 1568 putabatur.

91 1589 125 1615 25
144 1572 253 1613 Tum
274 1572 356 1613 duo
378 1570 612 1626 Caepiones
638 1571 818 1613 multum
849 1572 1024 1613 clientes
1051 1571 1229 1613 consilio
1257 1575 1299 1613 et
1323 1572 1483 1626 lingua,

143 1630 238 1684 plus
284 1630 539 1672 auctoritate
582 1632 727 1671 tamen
770 1633 812 1671 et
850 1630 990 1685 gratia
1027 1630 1321 1671 sublevabant.
1389 1629 1482 1671 Sex.

143 1688 321 1743 Pompei
355 1692 454 1730 sunt
487 1688 647 1743 scripta
676 1703 753 1730 nec
785 1689 912 1730 nimis
945 1692 1192 1744 extenuata,
1224 1703 1482 1743 quamquam
1497 1713 1552 1753 26

144 1750 337 1788 veterum
369 1750 436 1788 est
467 1747 634 1801 similis,
666 1750 709 1788 et
738 1747 865 1801 plena
895 1747 1158 1802 prudentiae.
1207 1746 1252 1788 P.
1279 1747 1482 1789 Crassum

144 1805 265 1846 valde
295 1806 525 1859 probatum
564 1809 778 1847 oratorem
816 1805 951 1847 isdem
988 1806 1077 1847 fere
1118 1805 1385 1860 temporibus
1418 1820 1483 1848 ac-

91 1881 125 1906 30
145 1863 352 1917 cepimus,
395 1863 467 1917 qui
507 1866 550 1904 et
589 1863 762 1919 ingenio
803 1864 938 1905 valuit
980 1867 1022 1905 et
1064 1864 1206 1905 studio
1248 1867 1291 1905 et
1330 1863 1484 1905 habuit

146 1921 350 1975 quasdam
384 1921 513 1963 etiam
550 1922 806 1964 domesticas
846 1922 1104 1977 disciplinas.
1166 1921 1280 1963 Nam
1312 1926 1354 1963 et
1387 1937 1483 1964 cum

145 1994 311 2021 summo
342 1979 418 2020 illo
445 1983 626 2036 oratore,
658 1979 744 2022 Ser.
772 1980 922 2035 Galba,
953 1981 1073 2022 cuius
1101 1980 1207 2022 Gaio
1233 1980 1322 2021 filio
1349 1980 1483 2022 filiam

145 2052 267 2079 suam
301 2038 610 2091 conlocaverat‚
643 2039 863 2080 adfinitate
903 2053 993 2080 sese
1032 2039 1280 2080 devinxerat
1311 2042 1354 2080 et
1386 2054 1482 2080 cum

145 2098 257 2137 esset
287 2095 333 2137 P.
359 2095 474 2138 Muci
505 2096 618 2138 filius
649 2097 911 2151 fratremque
943 2097 1121 2139 haberet
1147 2097 1193 2138 P.
1222 2096 1483 2151 Scaevolam,

92 2172 124 2197 33
145 2154 260 2195 domi
291 2154 358 2194 ius
391 2154 512 2195 civile
546 2159 815 2210 cognoverat.
860 2155 912 2196 In
943 2170 992 2197 eo
1023 2155 1281 2197 industriam
1313 2158 1482 2197 constat

145 2227 355 2254 summam
392 2212 523 2254 fuisse
562 2228 889 2268 maxumamque
928 2214 1131 2269 gratiam,
1171 2229 1267 2256 cum
1306 2217 1348 2254 et
1386 2227 1482 2254 con—

145 2271 357 2312 suleretur
411 2270 643 2325 plurimum
699 2275 742 2312 et
796 2272 968 2313 diceret.
1046 2272 1215 2313 Horum
1266 2271 1480 2312 aetatibus
1507 2280 1551 2312 99

1509 1781 1552 1811 98
