1643 2526
123 378 165 409 63

124 1019 168 1050 64

124 1659 168 1691 65

123 2183 167 2214 66

192 97 246 138 82
694 97 758 131 DE
785 96 1012 132 ORATORE

191 192 329 234 nescit
359 192 542 246 primam
574 206 665 234 6336
696 192 902 233 historiae
934 193 1085 247 legem,
1124 206 1177 232 ne
1209 191 1309 245 quid
1340 190 1439 231 falsi
1470 190 1528 231 di—

193 265 285 293 cere
312 250 494 292 audeat?
528 250 675 292 deinde
700 265 753 292 ne
776 251 878 304 quid
902 251 991 291 veri
1016 264 1102 291 non
1129 250 1310 291 audeat?
1340 263 1394 290 116
1420 263 1527 303 quae

193 309 379 364 suspicio
413 308 575 363 gratiae
609 309 665 350 sit
695 309 740 350 in
772 309 1024 350 scribendo?
1054 323 1108 350 ne
1134 323 1239 362 quae
1266 307 1526 349 simultatis?

193 368 310 409 Haec
355 367 517 409 scilicet
559 367 837 408 fundamenta
873 370 977 409 nota
1016 370 1114 408 sunt
1152 366 1360 407 omnibus.
1427 365 1528 419 Ipsa

193 429 337 467 autem
381 425 671 467 exaedificatio
720 426 862 480 posita
906 428 971 466 est
1012 426 1058 466 in
1106 425 1233 466 rebus
1282 428 1326 465 et
1373 423 1525 465 verbis.
1546 438 1562 465 5

192 484 353 525 Rerum
390 485 500 525 ratio
540 484 729 525 ordinem
768 487 1009 538 temporum
1040 483 1268 536 desiderat,
1303 482 1527 547 regionum

193 542 539 597 descriptionem3
587 543 678 583 volt
722 542 869 595 etiam,
919 557 1047 596 quom
1095 542 1141 582 in
1187 541 1314 582 rebus
1358 540 1526 595 magnis

192 601 399 642 memoria
429 576 559 655 dign⁷a
591 600 768 642 consilia
804 577 1007 655 primum,
1043 600 1191 641 deinde
1229 602 1343 654 acta,
1377 601 1528 653 postea

194 662 369 700 eventus
410 662 703 724 expectentur,
747 661 789 699 et
829 660 878 699 de
921 658 1110 700 consiliis
1154 657 1387 712 significari
1427 656 1528 711 quid

194 718 377 771 scriptor
401 718 555 771 probet
581 720 623 758 et
647 717 693 757 in
717 717 844 758 rebus
878 717 1011 772 gestis
1043 716 1248 758 declarari
1274 730 1362 757 non
1388 715 1527 756 solum
1547 729 1580 754 10

194 776 295 829 quid
333 779 476 817 actum
515 778 588 816 aut
625 775 786 816 dictum
827 775 883 816 sit
927 775 998 816 sed
1042 775 1171 816 etiam
1212 774 1443 828 quomodo,
1485 775 1528 814 et

194 848 323 888 quom
355 834 404 874 de
437 836 590 874 eventu
616 833 794 888 dicatur,
824 836 873 874 ut
904 847 1055 874 causae
1086 832 1350 886 explicentur
1382 845 1527 873 omnes

193 893 260 933 vel
298 906 421 933 casus
458 892 525 932 vel
563 891 796 946 sapientiae
829 891 894 932 vel
932 891 1186 932 temeritatis
1222 890 1528 943 hominumque

192 951 384 1005 ipsorum
414 964 502 991 non
534 950 672 990 solum
703 964 770 991 res
800 953 943 1005 gestae
970 950 1044 990 sed
1074 949 1203 990 etiam
1236 948 1309 1003 qui
1339 948 1455 989 fama
1479 962 1527 989 ac

193 1009 366 1050 nomine
399 1008 618 1062 excellant,
650 1009 699 1049 de
727 1008 929 1062 cuiusque
954 1008 1042 1049 vita
1068 1011 1194 1061 atque
1219 1010 1383 1048 natura.
1424 1005 1528 1047 Ver-
1548 1019 1581 1046 15

193 1068 346 1108 borum
390 1070 533 1107 autem
572 1067 683 1107 ratio
725 1069 767 1107 et
805 1081 938 1121 genus
977 1066 1183 1107 orationis
1219 1065 1363 1106 fusum
1400 1067 1528 1118 atque

193 1128 380 1166 tractum
407 1128 449 1166 et
475 1140 571 1166 cum
596 1125 772 1165 lenitate
801 1125 983 1178 quadam
1008 1123 1288 1178 aequabiliter
1312 1123 1526 1177 profluens

195 1184 285 1225 sine
304 1183 384 1224 hac
409 1183 598 1224 iudiciali
626 1183 853 1237 asperitate
880 1186 921 1224 et
942 1183 1031 1223 sine
1059 1181 1367 1223 sententiarum
1391 1181 1528 1222 foren-

195 1242 313 1283 sibus
352 1241 509 1282 aculeis
547 1241 939 1295 persequendumst.
1000 1241 1164 1281 Harum
1196 1243 1263 1281 tot
1294 1242 1528 1280 tantarum-

195 1314 275 1354 que
307 1315 448 1340 rerum
474 1299 681 1340 videtisne
712 1299 830 1340 nulla
861 1314 952 1340 esse
984 1302 1223 1353 praecepta,
1253 1313 1359 1352 quae
1390 1298 1436 1338 in
1467 1312 1528 1338 ar·
1547 1312 1581 1337 20

193 1359 310 1399 tibus
341 1359 562 1399 rhetorum
591 1358 886 1411 reperiantur?

311 1416 363 1457 In
406 1417 554 1457 eodem
597 1416 768 1457 silentio
812 1416 949 1457 multa
999 1415 1082 1457 alia
1124 1417 1342 1456 oratorum
1387 1413 1529 1455 officia

193 1475 432 1529 iacuerunt,
473 1475 789 1516 cohortationes
825 1477 1069 1529 praecepta,
1107 1472 1423 1515 *consolationes
1460 1472 1529 1513 ad-

194 1533 375 1588 monita,
417 1547 524 1587 quae
555 1533 778 1574 tractanda
811 1536 910 1573 sunt
941 1532 1084 1573 omnia
1115 1531 1419 1585 disertissume,
1455 1530 1528 1571 sed

193 1591 336 1632 locum
362 1606 486 1632 suum
511 1591 556 1631 in
580 1591 647 1631 his
674 1591 850 1645 artibus,
882 1605 989 1644 quae
1020 1590 1201 1631 traditae
1228 1592 1339 1643 sunt,
1368 1588 1528 1629 habent
1548 1602 1582 1628 25

193 1649 370 1690 nullum.
420 1649 562 1702 Atque
593 1649 639 1688 in
668 1649 750 1690 hoc
783 1663 934 1703 genere
965 1648 1040 1688 illa
1072 1662 1238 1701 quoque
1265 1650 1330 1688 est
1359 1646 1528 1687 infinita

195 1707 314 1761 silva,
339 1707 453 1760 quod
479 1706 638 1747 oratori
662 1706 866 1761 plerique,
896 1709 944 1746 ut
970 1706 1099 1747 etiam
1126 1706 1304 1748 Crassus
1330 1704 1528 1759 ostendit,

195 1766 278 1806 duo
307 1779 462 1820 genera
488 1765 540 1805 ad
566 1764 789 1806 dicendum
815 1765 1036 1805 dederunt:
1068 1778 1200 1804 unum
1232 1764 1281 1804 de
1314 1766 1430 1804 certa
1461 1763 1527 1803 de-

193 1824 399 1877 finitaque
432 1837 577 1877 causa,
613 1823 758 1876 quales
792 1825 892 1863 sunt
924 1836 1030 1876 quae
1061 1822 1107 1862 in
1136 1821 1306 1875 litibus,
1343 1835 1451 1874 quae
1481 1820 1527 1861 in

195 1881 573 1923 deliberationibus
605 1883 829 1922 versantur
855 1905 909 1909 -
937 1881 1063 1921 addat
1094 1879 1132 1921 si
1157 1879 1230 1933 qui
1255 1879 1371 1920 volet
1397 1878 1526 1919 etiam
1545 1894 1580 1919 30

193 1940 460 1981 laudationes
493 1956 567 1994 —3
611 1939 810 1993 alterum,
851 1939 964 1992 quod
1002 1938 1218 1992 appellant
1256 1951 1402 1978 omnes
1439 1936 1527 1977 fere

194 1998 437 2052 scriptores,
478 1997 661 2051 explicat
690 2011 829 2051 nemo,
858 1996 1072 2037 infinitam
1104 1995 1271 2051 generis
1303 1995 1393 2036 sine
1424 1997 1528 2035 tem-

192 2070 295 2110 pore
328 2059 370 2096 et
402 2056 492 2096 sine
517 2070 700 2109 persona
726 2054 1030 2109 quaestionem.
1076 2054 1170 2096 Hoc
1197 2054 1300 2108 quid
1325 2056 1378 2094 et'
1399 2067 1528 2106 quan-

193 2117 287 2155 tum
319 2114 393 2168 sit,
424 2128 554 2167 quom
586 2114 751 2168 dicunt,
787 2113 1034 2168 intellegere
1066 2112 1172 2153 mihi
1202 2126 1290 2153 non
1318 2111 1525 2153 videntur.

195 2171 240 2213 Si
273 2172 386 2213 enim
418 2174 483 2213 est
516 2172 710 2226 oratoris,
742 2185 1064 2225 quaequomque
1096 2185 1163 2212 res
1186 2169 1360 2211 infinite
1384 2168 1527 2223 posita
1546 2184 1580 2210 35

193 2231 268 2285 sit,
306 2231 355 2271 de
393 2244 442 2271 ea
478 2244 604 2284 posse
643 2230 798 2283 dicere,
836 2229 1059 2271 dicendum
1097 2229 1179 2270 erit
1210 2228 1248 2270 ei
1280 2230 1439 2281 quanta
1469 2226 1527 2267 sit

193 2265 295 2331 solis
328 2288 593 2344 magnitudo,
625 2303 731 2342 quae
763 2288 902 2329 forma
932 2290 1088 2342 terrae3
1119 2287 1169 2328 de
1201 2284 1529 2339 mathematicis,
