1643 2526
174 108 259 149 296
749 107 936 142 BRUTUS

174 202 313 243 furere
353 205 479 256 atque
512 201 710 244 bacchari
748 202 1047 257 arbitraretur,
1085 201 1173 243 sive
1212 201 1325 256 quod
1361 204 1514 243 natura

173 275 262 302 non
306 264 418 302 esset
461 260 524 301 ita
562 260 702 302 factus
741 261 828 302 sive
867 260 980 314 quod
1015 274 1104 301 non
1141 263 1388 302 consuesset
1426 261 1514 302 sive

176 319 290 372 quod
320 333 408 359 non
437 321 596 360 nosset.
657 318 751 360 Hoc
794 333 926 360 unum
971 318 1052 373 illi,
1094 318 1130 359 si
1166 318 1275 359 nihil
1311 318 1514 360 utilitatis

105 377 375 431 277habebat,
409 376 535 432 afuit,
579 377 615 418 si
648 391 754 431 opus
786 380 890 432 erat,
921 376 1065 418 defuit.
1128 375 1240 425 Quin
1271 376 1400 418 etiam
1432 391 1515 417 me-

176 435 293 490 mini,
318 450 415 476 cum
439 435 485 475 in
510 435 778 477 accusatione
805 450 882 476 sua
907 434 952 484 Q.
975 434 1115 476 Gallio
1142 434 1310 476 crimini
1330 434 1515 476 dedisset
1551 451 1568 477 5

177 493 259 535 sibi
285 508 382 534 eum
407 508 616 535 venenum
638 494 855 548 paravisse
881 494 1006 547 idque
1033 508 1058 534 a
1084 507 1127 534 se
1148 507 1239 534 esse
1263 493 1515 548 deprensum

178 566 352 605 seseque
384 551 670 607 chirographa
700 551 1024 593 testificationes
1056 551 1213 593 indicia
1244 551 1514 605 quaestiones

177 610 450 651 manifestam
486 624 576 651 rem
608 610 769 651 deferre
802 610 960 651 diceret
992 610 1126 663 deque
1158 624 1207 651 eo
1241 610 1415 651 crimine
1449 609 1517 650 ad-

178 671 322 710 curate
355 671 397 709 et
429 668 637 722 exquisite
675 668 998 723 disputavisset,
1037 682 1104 709 me
1135 668 1180 709 in
1211 668 1517 722 respondendo,

178 741 274 768 cum
305 741 442 767 essem
478 729 817 781 argumentatus,
861 730 1069 780 quantum
1106 741 1173 767 res
1210 726 1392 781 ferebat,
1434 726 1516 767 hoc
1537 741 1570 767 10

177 785 318 839 ipsum
350 785 481 825 etiam
512 785 705 838 posuisse
736 799 813 839 pro
847 788 1118 840 argumento,
1155 785 1268 838 quod
1298 784 1389 839 ille,
1421 798 1517 825 cum

176 846 342 897 pestem
374 843 526 897 capitis
559 843 645 897 sui,
684 857 779 884 cum
811 842 969 884 indicia
999 843 1150 884 mortis
1185 857 1227 883 se
1260 842 1517 897 comperisse

178 901 406 942 manifesto
440 904 482 942 et
513 915 642 942 manu
674 904 817 942 tenere
849 901 1020 955 diceret,
1054 904 1144 942 tam
1176 901 1314 942 solute
1347 901 1518 956 egisset,

107 962 269 1000 278tam
305 959 476 1013 leniter,
518 963 608 1000 tam
648 959 889 1000 oscitanter.
951 959 1021 1000 Tu
1051 959 1203 1014 istuc,
1245 959 1301 999 M.
1334 957 1518 1014 Calidi,

178 1017 279 1058 nisi
310 1017 558 1072 fingeres,
586 1016 665 1058 'sic
704 1017 910 1072 ageres?
941 1018 1244 1071 praesertim
1276 1032 1385 1058 cum
1413 1017 1518 1058 ista
1539 1032 1572 1058 15

180 1076 476 1129 eloquentia
501 1076 785 1116 alienorum
811 1075 1070 1116 hominum
1094 1075 1325 1130 pericula
1350 1075 1519 1116 defen-

180 1135 293 1175 dere
338 1148 593 1175 acerrume
633 1134 820 1188 soleas,
863 1137 1002 1174 tuum
1037 1133 1371 1188 neglegeres?
1420 1132 1518 1175 Ubi

180 1192 352 1233 dolor‘?
384 1192 470 1233 ubi
497 1192 645 1232 ardor
671 1191 843 1246 animi,
869 1192 952 1245 qui
979 1192 1131 1233 etiam
1157 1206 1214 1232 ex
1238 1191 1518 1233 infantium

179 1250 404 1305 ingeniis
437 1251 621 1292 elicere
653 1264 801 1291 voces
828 1252 876 1290 et
903 1250 1136 1303 querelas
1164 1250 1326 1291 solet?
1364 1249 1519 1291 Nulla

180 1309 503 1363 perturbatio
549 1308 721 1363 animi,
763 1308 906 1349 nulla
949 1308 1199 1362 corporis,
1241 1308 1383 1349 frons
1420 1322 1519 1349 non
1538 1324 1573 1351 20

179 1381 438 1421 percussa,
465 1381 564 1407 non
587 1367 764 1420 fenim-3
796 1366 958 1420 pediS,
984 1367 1115 1420 quod
1140 1366 1400 1407 minimum
1426 1370 1520 1422 est,

179 1425 320 1465 nulla
362 1425 638 1479 supplosio.
700 1424 879 1478 Itaque
924 1427 1121 1465 tantum
1165 1424 1315 1479 afuit,
1356 1427 1411 1465 ut
1447 1425 1520 1465 in-

179 1483 470 1524 flammares
508 1486 715 1524 nostros
754 1483 967 1536 animos,
1011 1495 1236 1523 somnum
1272 1483 1374 1524 isto
1405 1483 1518 1524 loco

180 1542 262 1583 vix
300 1542 607 1583 tenebamus.
670 1540 739 1583 Sic
776 1555 855 1582 nos
896 1541 1051 1582 summi
1090 1541 1272 1582 oratoris
1304 1541 1371 1582 vel
1409 1541 1519 1582 sani-

182 1603 270 1641 tate
309 1600 375 1641 vel
412 1599 518 1640 vitio
560 1614 638 1653 pro
683 1602 936 1654 argumento
982 1599 1033 1639 ad
1077 1599 1323 1640 diluendum
1360 1599 1520 1640 crimen
1539 1614 1574 1641 25

109 1658 247 1699 279usi
289 1672 446 1698 sumus.
507 1657 616 1698 Tum
653 1657 832 1698 Brutus:
876 1657 1018 1710 Atque
1062 1657 1325 1711 dubitamus,
1366 1657 1521 1712 inquit,

180 1719 326 1756 utrum
362 1715 448 1756 ista
485 1715 646 1756 sanitas
678 1715 807 1756 fuerit
839 1729 893 1755 an
923 1715 1104 1755 vitium?
1154 1714 1257 1763 Quis
1290 1715 1403 1756 enim
1433 1730 1520 1756 non

180 1773 379 1827 fateatur,
410 1788 506 1815 cum
532 1788 582 1814 ex
609 1773 805 1814 omnibus
833 1773 1015 1814 oratoris
1046 1773 1244 1814 laudibus
1275 1773 1402 1828 longe
1434 1773 1519 1815 ista

182 1832 238 1873 sit
276 1846 491 1885 maxuma,
533 1831 797 1872 inflammare
835 1831 1000 1872 animos
1039 1831 1301 1872 audientium
1339 1835 1381 1872 et
1419 1846 1520 1885 quo-

183 1904 361 1943 cumque
398 1904 465 1930 res
502 1890 692 1944 postulet
735 1890 860 1930 modo
904 1889 1091 1943 flectere,
1135 1890 1206 1943 qui
1244 1889 1323 1931 hac
1361 1890 1518 1931 virtute
1537 1907 1572 1932 30

111 1949 166 1990 81
184 1948 385 2002 caruerit,
427 1948 471 1988 id
508 1948 546 1989 ei
584 1948 696 2001 quod
733 1962 979 1988 maxumum
1019 1948 1148 1988 fuerit
1190 1948 1403 1989 defuisse?
1453 1946 1520 1989 Sit

183 2021 283 2047 sane
308 2006 383 2059 ita,
412 2006 604 2060 inquam3
637 2006 709 2047 sed
734 2006 954 2047 redeamus
982 2006 1033 2046 ad
1059 2020 1168 2071 011111,
1200 2006 1272 2060 qui
1296 2006 1384 2047 iam
1409 2020 1518 2047 unus

182 2067 334 2118 iestat,
371 2040 668 2118 llortensidm,
705 2066 798 2105 tum
829 2064 878 2104 de
909 2063 1125 2105 nobismet
1154 2064 1280 2118 ipsis,
1317 2064 1519 2118 quoniam

180 2122 225 2163 id
251 2122 393 2175 etiam,
424 2122 570 2176 Brute,
600 2122 806 2176 postulaS,
836 2137 972 2176 pauca
998 2122 1196 2163 dicemus.
1253 2122 1519 2176 Quamquam

182 2180 375 2222 facienda
407 2180 566 2221 mentio
600 2183 677 2234 est,
711 2183 759 2221 ut
791 2180 960 2234 quidem
991 2180 1097 2221 mihi
1128 2180 1308 2234 videtur,
1339 2180 1518 2222 duorum
1537 2196 1572 2223 35

184 2238 531 2292 adulescentium,
556 2238 628 2291 qui
655 2238 691 2278 si
717 2238 875 2278 diutius
901 2238 1119 2293 vixissent,
1150 2253 1351 2294 magnam
1377 2241 1520 2280 essent

183 2296 451 2351 eloquentiae
482 2296 650 2337 laudem
683 2296 911 2338 consecuti.
