1643 2526
49 768 81 792 10

50 1059 81 1084 15

51 1352 83 1377 20

51 1643 84 1668 25

53 1934 86 1959 30

54 2224 87 2250 35

510 129 611 165 CAP.
640 132 788 164 13—14.
838 132 857 171 ς
883 131 1033 164 40—45.
1355 128 1441 169 325

102 228 204 266 stet
237 225 469 266 omnibus
497 225 581 278 qui
613 239 830 278 unquam
857 224 1117 265 orationes
1150 223 1441 279 attigerunt

102 287 204 338 aut,
236 283 277 324 si
310 286 583 325 contentus
615 283 694 324 his
725 297 824 324 non
855 282 1031 337 fuerit,
1064 282 1235 323 divino
1270 282 1440 336 aliquo

102 317 257 383 aniini
299 345 437 382 motu
487 341 680 383 maiora
729 341 1077 397 concupiscat3
1126 341 1262 382 inest
1311 340 1442 382 enim

101 404 283 442 natura
319 400 652 454 philosophia
687 399 740 440 in
774 399 925 440 huius
963 399 1061 440 viri
1094 402 1257 440 mente
1291 413 1440 454 quae-

102 459 221 500 dam.
284 458 400 500 Haec
437 459 487 499 de
526 458 793 500 adulescente
833 456 1031 499 Socrates
1074 461 1320 513 auguratur.
1381 457 1441 498 At
1467 466 1511 497 42

102 532 151 558 ea
182 518 231 558 de
265 517 430 558 seniore
463 517 613 558 scribit
643 516 767 558 Plato
801 519 843 557 et
875 516 1026 558 scribit
1058 516 1246 570 aequalis
1279 519 1321 557 et
1354 516 1442 570 qui—

102 576 196 617 dem
222 575 464 630 exagitator
491 575 682 616 omnium
706 575 928 616 rhetorum
952 575 1066 616 hunc
1086 575 1266 615 miratur
1290 589 1442 627 unum3

101 649 168 675 me
195 637 337 675 autem
365 634 437 688 qui
462 634 684 675 Isocraten
706 648 794 674 non
820 633 1004 688 diligunt
1031 648 1116 674 una
1143 648 1237 675 cum
1266 632 1442 674 Socrate

102 696 144 734 et
182 707 277 734 cum
314 692 495 733 Platone
533 706 672 733 errare
709 692 940 746 patiantur.
1002 691 1137 733 Dulce
1182 692 1315 746 igitur
1353 705 1443 732 ora-

101 751 232 792 tionis
266 765 399 806 genus
433 754 475 791 et
507 751 696 792 solutum
725 753 767 791 et
793 750 941 804 fluens,
973 749 1195 791 sententiis
1229 753 1443 804 argutum,

100 810 240 850 verbis
274 824 430 850 sonans
463 812 528 850 est
558 809 603 849 in
633 809 709 849 illo
740 809 965 863 epidictico
999 823 1164 863 genere,
1195 809 1310 862 quod
1341 808 1444 849 dixi-

101 883 195 909 mus
244 868 466 922 proprium
516 867 824 922 sophistarum,
872 881 1053 921 pompae
1101 882 1229 920 quam
1274 881 1443 921 pugnae

102 926 262 980 aptius,
300 925 534 981 gymnasiis
573 928 615 966 et
651 926 889 979 palaestrae
929 926 1134 979 dicatum,
1173 928 1364 979 spretum
1401 928 1444 965 et

102 985 273 1038 pulsum
316 985 422 1025 foro.
495 983 577 1025 Sed
620 984 733 1037 quod
776 984 955 1025 educata
997 983 1124 1024 11111113
1167 983 1443 1024 nutrimentis

103 1043 347 1097 eloquentia
385 1046 426 1083 et
464 1042 559 1096 ipsa
596 1057 639 1083 se
671 1045 823 1107 postea
855 1042 1018 1083 colorat
1049 1045 1092 1082 et
1123 1042 1317 1095 roborat,
1357 1056 1444 1082 non

102 1101 287 1142 alienum
300 1101 382 1141 fuit
398 1101 447 1141 de
469 1100 650 1141 oratoris
666 1101 788 1154 quasi
808 1100 1078 1141 incunabulis
1101 1100 1249 1141 dicere.
1281 1099 1443 1141 Verum

101 1160 206 1201 haec
236 1160 435 1200 ludorum
467 1162 594 1213 atque
620 1173 820 1223 pompae·
850 1173 929 1200 nos
957 1161 1101 1200 autem
1126 1158 1214 1199 iam
1238 1158 1284 1199 in
1310 1158 1444 1199 aciem

102 1218 504 1271 dimicationemque
535 1217 767 1258 veniamus.

220 1276 431 1324 Quoniam
462 1276 547 1317 tria
576 1275 757 1316 videnda
789 1278 888 1316 sunt
922 1275 1100 1316 oratori:
1133 1274 1235 1329 quid
1261 1275 1374 1316 dicat
1401 1277 1443 1315 et
1461 1251 1516 1292 14

103 1349 186 1388 quo
220 1334 403 1389 quidque
434 1334 529 1375 1000
563 1336 605 1374 et
632 1348 715 1387 quo
745 1334 884 1387 modo,
916 1333 1140 1374 dicendum
1172 1333 1346 1374 omnino
1379 1336 1445 1374 est
1469 1319 1514 1350 43

104 1393 204 1446 quid
237 1393 293 1433 sit
326 1392 535 1447 optimum
566 1392 612 1432 in
644 1391 836 1446 singulis,
871 1392 944 1432 sed
976 1391 1195 1444 aliquanto
1230 1406 1350 1432 secus
1384 1394 1445 1432 at-

104 1466 184 1504 que
216 1451 261 1491 in
291 1451 497 1491 tradenda
529 1453 619 1491 arte
652 1450 735 1492 dici
768 1450 889 1491 solet.
950 1448 1082 1490 Nulla
1112 1452 1340 1503 praecepta
1371 1463 1443 1503 po-

102 1524 272 1563 nemus,
320 1523 456 1563 neque
501 1508 613 1549 enim
652 1508 700 1549 'id
749 1507 1032 1562 suscepimus,
1082 1508 1154 1548 sed
1198 1507 1443 1548 excellentis

104 1568 372 1622 eloquentiae
418 1567 602 1622 speciem
647 1570 689 1607 et
728 1566 912 1607 formam
950 1565 1318 1620 adumbrabimus3
1367 1580 1444 1606 nec

105 1626 259 1680 quibus
290 1626 417 1666 rebus
450 1640 500 1666 ea
530 1628 704 1679 paretur
736 1639 1009 1690 exponemus,
1044 1625 1116 1665 sed
1149 1624 1286 1678 qualis
1318 1624 1443 1665 nobis

105 1699 196 1725 esse
221 1684 427 1725 videatur.
476 1683 540 1725 Ac
572 1684 655 1724 duo
686 1683 873 1724 breviter
904 1683 1060 1737 prima3
1093 1686 1193 1723 sunt
1219 1682 1332 1723 enim
1357 1696 1444 1723 non
1470 1692 1514 1723 44

103 1746 193 1783 tam
222 1742 410 1797 insignia
442 1742 494 1783 ad
524 1742 755 1782 maximam
785 1741 954 1782 laudem
980 1755 1108 1795 quam
1135 1741 1376 1782 necessaria
1402 1743 1445 1781 et

105 1804 249 1842 tamen
281 1815 376 1842 cum
408 1800 555 1841 multis
587 1814 720 1854 paene
753 1799 1007 1841 communia.

221 1857 336 1899 Nam
374 1861 416 1899 et
452 1858 640 1899 invenire
679 1861 721 1899 et
760 1858 947 1899 iudicare
974 1857 1090 1922 ‘quid
1131 1857 1245 1898 dicas
1288 1871 1445 1911 magna

105 1917 179 1957 illa
211 1916 381 1981 quidem
413 1920 512 1957 sunt
544 1919 587 1957 et
617 1919 821 1970 tanquam
854 1915 985 1957 animi
1015 1915 1153 1956 instar
1184 1915 1229 1955 in
1256 1929 1445 1969 coipore,

107 1975 179 2016 sed
210 1975 384 2029 piopria
415 1974 553 2029 magis
584 1974 834 2028 prudentiae
868 1988 997 2027 quam
1030 1973 1315 2027 eloquentiae:
1361 1988 1445 2027 qua

105 2037 250 2074 tamen
286 2032 332 2073 in
370 2047 497 2073 causa
528 2035 593 2073 est
623 2047 757 2074 vacua
787 2032 1043 2086 prudentia?
1092 2031 1274 2073 Noverit
1309 2031 1444 2086 igitur

106 2091 174 2133 1110
207 2091 378 2145 quidem
411 2094 572 2145 orator,
609 2105 734 2144 quem
766 2105 980 2131 summum
1012 2104 1102 2131 esse
1135 2090 1350 2144 volumus,
1382 2104 1444 2130 ar-

108 2152 408 2204 gumentorum
440 2152 483 2190 et
513 2148 728 2190 rationum
758 2149 888 2190 locos.
944 2147 1056 2189 Nam
1083 2148 1299 2202 quoniam,
1331 2147 1443 2201 quic·
1469 2156 1513 2186 45

108 2208 208 2261 quid
258 2210 323 2248 est
366 2207 478 2260 quod
526 2207 571 2247 in
620 2207 909 2248 controversia
959 2210 1032 2247 aut
1080 2207 1126 2247 in
1169 2205 1442 2247 contentione

106 2268 315 2320 versetur,
350 2265 396 2306 in
433 2279 482 2306 eo
520 2267 594 2305 aut
633 2265 742 2306 sitne
781 2268 854 2306 aut
892 2265 993 2318 quid
1032 2265 1088 2306 sit
1126 2268 1200 2305 aut
1232 2263 1354 2317 quale
1387 2262 1444 2302 sit

108 2323 342 2378 quaeritur:
390 2347 439 2352 —
480 2323 608 2377 sitne,
651 2322 805 2378 signis3
849 2323 949 2378 quid
988 2323 1061 2377 sit,
1105 2321 1443 2374 definitionibus3
