1643 2526
70 727 102 750 10

68 1018 100 1043 15

557 87 656 122 CAP.
686 90 787 122 7—8.
826 90 844 129 ἓ
871 89 1020 121 22—28.
1378 87 1463 127 395

241 182 285 225 C.
317 182 445 225 Actio
477 183 613 238 igitur
645 182 849 237 sequitur,
888 185 937 222 ut
970 181 1133 236 opinor.
1195 182 1240 223 P.
1273 183 1354 224 Est
1385 182 1464 223 ita:

124 257 230 297 quae
263 242 433 296 quidem
466 241 627 294 oratori
658 244 701 282 et
733 256 828 282 cum
860 255 1002 281 rerum
1034 244 1077 281 et
1109 256 1205 282 cum
1237 241 1464 282 verborum

123 300 352 342 momentis
396 300 698 341 commutanda
738 299 920 340 maxime
959 302 1035 340 est.
1103 299 1227 340 Facit
1267 299 1381 341 enim
1423 302 1465 340 et

123 359 351 400 dilucidam
396 358 633 399 orationem
677 361 719 399 et
761 358 985 398 inlustrem
1030 361 1072 398 et
1114 358 1382 412 probabilem
1422 360 1464 399 et

123 432 296 458 suavem
326 431 414 458 non
445 417 597 471 verbis,
629 417 702 457 sed
732 416 938 457 varietate
971 416 1087 457 vocis
1120 419 1241 457 motu
1273 416 1463 471 corporis

122 476 254 530 voltu,
281 490 387 529 quae
408 475 639 530 plurimum
658 475 872 529 valebunt,
899 474 934 515 si
960 489 1056 516 cum
1081 475 1288 516 orationis
1310 490 1463 530 genere

123 534 392 576 consentient
429 538 471 574 et
510 534 600 575 eius
637 533 724 574 vim
762 548 810 575 ac
847 533 1100 574 varietatem
1139 534 1463 588 subsequentur.

122 592 165 634 C.
197 592 313 633 Num
352 592 554 646 quidnam
590 592 671 633 tibi
709 592 758 633 de
797 594 965 633 oratore
1005 592 1099 646 ipso
1141 595 1276 633 restat
1318 592 1462 633 aliud?

120 651 165 692 P.
197 650 319 692 Nihil
364 666 464 692 sane
507 653 676 705 praeter
719 650 989 703 memoriam,
1034 665 1140 704 quae
1185 653 1250 692 est
1295 651 1464 706 gemina

122 710 392 750 litteraturae
431 709 614 763 quodam
646 709 772 750 modo
805 712 847 750 et
878 709 923 749 in
955 709 1153 750 dissimili
1187 723 1341 764 genere
1373 724 1465 763 per-

121 768 285 809 similis.
348 767 460 808 Nam
497 771 545 808 ut
581 767 656 808 illa
697 770 866 809 constat
904 782 956 808 ex
992 767 1108 808 notis
1146 767 1389 809 litterarum
1420 771 1464 809 et

122 841 172 867 ex
204 841 272 880 eo,
301 826 348 866 in
380 841 463 880 quo
494 826 800 880 imprimuntur
830 826 948 880 ipsae
980 829 1126 879 notae,
1158 826 1218 867 sic
1250 826 1462 867 confectio

121 885 350 926 memoriae
376 887 596 938 tamquam
623 898 719 925 cera
744 884 848 925 10013
875 885 1013 925 utitur
1039 888 1082 925 et
1101 884 1146 925 in
1164 884 1232 925 his
1252 885 1462 940 imagines

120 946 168 984 ut
200 944 367 984 litteras
401 943 592 984 collocat.

239 999 282 1042 C.
310 1001 521 1049 Quoniam
547 1001 682 1055 igitui
707 1001 770 1042 vis
798 1001 981 1042 oratoris
1004 1001 1142 1042 omnis
1164 1000 1360 1055 exposita
1386 1004 1462 1055 est,

121 1060 222 1113 quid
248 1060 379 1100 habes
406 1060 456 1100 de
484 1059 689 1100 orationis
715 1059 954 1114 praeceptis
982 1059 1149 1100 dicere?
1181 1059 1227 1100 P
1249 1058 1462 1107 Quattuor

121 1118 210 1159 eius
238 1118 372 1171 partis
400 1132 504 1171 esse,
536 1132 715 1171 quarum
741 1118 879 1171 prima
905 1122 947 1158 et
976 1121 1191 1172 postrema
1218 1118 1270 1158 ad
1295 1120 1462 1159 motum

1491 192 1533 222 25

1490 602 1533 633 26

1490 979 1514 1019 8

1488 1046 1532 1077 27

120 1176 251 1217 animi
290 1176 402 1217 valet
437 1200 494 1205 ——
531 1176 568 1216 is
607 1176 721 1216 enim
759 1179 824 1217 est
861 1176 996 1216 initiis
1037 1179 1078 1217 et
1114 1176 1461 1230 perorationibus
1506 1212 1512 1215 .

121 1235 398 1276 concitandus
430 1259 494 1288 —,
520 1235 715 1288 secunda,
740 1234 929 1275 narratio
951 1237 993 1275 et
1013 1234 1153 1288 tertia,
1180 1234 1462 1282 confirmatio,

67 1311 81 1334 ε’
120 1294 247 1333 fidem
272 1292 377 1333 facit
401 1292 596 1333 orationi.
648 1291 729 1332 Sed
750 1293 1025 1346 amplificatio
1047 1307 1306 1346 quamquam
1331 1293 1462 1333 habet

119 1351 341 1405 proprium
366 1351 519 1403 locum,
547 1365 671 1404 saepe
698 1350 827 1391 etiam
852 1351 1050 1405 primum,
1080 1354 1347 1404 postremum
1374 1351 1461 1404 qui-

120 1410 215 1450 dem
246 1409 334 1449 fere
367 1423 544 1462 semper,
575 1412 719 1449 tamen
744 1409 909 1462 reliquo
935 1409 980 1449 111
1006 1423 1132 1450 cursu
1159 1409 1367 1449 orationis
1394 1409 1462 1449 ad—

119 1467 304 1508 hibenda
335 1470 400 1508 est
431 1467 710 1521 maximeque,
742 1482 838 1508 cum
865 1467 1026 1520 aliquid
1058 1470 1132 1508 aut
1164 1467 1462 1508 confirmatum

120 1529 185 1566 est
223 1529 297 1566 aut
333 1525 649 1579 reprehensum.
711 1525 861 1578 Itaque
899 1525 951 1566 ad
987 1525 1115 1566 fidem
1157 1539 1325 1579 quoque
1359 1525 1460 1577 [vel]

67 1601 81 1624 2
119 1584 351 1638 plurimum
382 1583 513 1638 valet,
546 1586 611 1624 est
637 1583 749 1624 enim
776 1583 1051 1637 amplificatio
1078 1584 1305 1624 vehemens
1338 1598 1463 1637 quae-

120 1643 217 1683 dam
261 1641 595 1697 argumentati03
644 1644 692 1682 ut
735 1642 809 1682 illa
850 1642 1026 1683 docendi
1067 1657 1212 1696 causa,
1256 1642 1316 1683 sic
1356 1642 1461 1683 haec

120 1701 423 1741 commovendi.
493 1699 536 1741 C.
574 1699 710 1755 Perge
748 1700 883 1755 igitur
924 1700 1069 1741 ordine
1111 1703 1321 1766 quattuor
1356 1700 1495 1741 mihi-

120 1759 226 1799 istas
264 1759 398 1812 partis
431 1759 652 1812 explicare.
713 1757 758 1799 P.
766 1736 964 1800 DFaciam
996 1762 1038 1799 et
1070 1774 1094 1799 a
1125 1758 1346 1812 principiis
1378 1759 1461 1812 pii-

120 1831 237 1857 mum
270 1816 428 1869 ordiar,
466 1831 572 1870 quae
614 1817 784 1870 quidem
823 1817 1035 1858 ducuntur
1073 1820 1146 1857 aut
1185 1832 1234 1858 ex
1266 1817 1459 1870 personis

67 1892 81 1915 ε
121 1878 195 1915 aut
239 1889 290 1914 ex
328 1850 455 1915 rebus
496 1874 613 1928 ipsis.
677 1873 913 1915 Sumuntur
957 1878 1100 1915 autem
1143 1875 1275 1915 trium
1318 1889 1460 1916 rerum

122 1932 278 1987 gratia:
310 1936 358 1972 ut
384 1932 530 1986 amice,
554 1935 603 1972 ut
627 1932 938 1987 intellegenter,
964 1936 1012 1973 ut
1039 1936 1202 1974 attente
1227 1933 1460 1974 audiamur.

122 1990 310 2039 Quorum
348 1990 510 2044 primus
548 1990 667 2031 locus
700 1993 765 2031 est
796 1991 841 2031 in
872 1967 1065 2044 peisonis
1102 1991 1262 2032 nostris
1302 1991 1461 2045 discep-

121 2052 311 2089 tatorum
343 2048 699 2104 adversariorum,
743 2063 764 2090 e
798 2049 950 2103 quibus
988 2049 1113 2090 initia
1147 2049 1459 2090 benivolentiae

123 2106 410 2148 conciliandae
437 2110 738 2160 comparantur
764 2111 836 2148 aut
862 2108 1026 2148 meritis
1051 2108 1211 2149 nostris
1233 2112 1306 2149 aut
1327 2107 1460 2162 digni-

69 2180 102 2205 35
121 2167 210 2205 tate
244 2168 317 2205 aut
349 2164 490 2217 aliquo
524 2179 676 2218 genere
704 2165 877 2206 virtutis
904 2169 946 2207 et
972 2166 1155 2207 maxime
1186 2165 1459 2206 liberalitatis

123 2222 253 2264 officii
279 2222 469 2263 iustitiae
494 2222 611 2277 fidei3
643 2224 951 2277 contrariisque
977 2225 1103 2265 rebus
1129 2224 1175 2265 in
1195 2223 1458 2264 adversarios

123 2280 388 2321 conferendis
433 2284 475 2321 et
518 2295 614 2321 cum
650 2281 722 2333 iis,
766 2281 837 2335 qui
881 2282 1138 2336 disceptant,
1182 2282 1325 2334 aliqua
1363 2295 1457 2322 0011-
