1643 2526
334 88 479 123 LIBER
502 88 529 123 I.
580 87 681 123 CAP.
708 91 858 124 47-48.
905 91 923 130 ἓ
950 91 1146 123 203—209.
1361 87 1418 128 49

79 187 170 226 arte
201 198 404 238 percursa
430 186 542 238 sunt,
573 197 670 225 cum
701 183 776 224 illa
807 185 850 224 te
882 185 925 223 et
955 196 1042 223 non
1074 184 1344 224 contemnere
1377 185 1419 223 et

79 242 277 284 didicisse
316 242 577 283 confiterere.
638 241 703 282 Ea
741 241 776 282 si
813 241 941 295 paulo
979 240 1109 282 latius
1142 240 1315 295 dixeris,
1353 255 1420 281 ex-

77 301 207 356 pleris
241 315 411 342 omnem
443 299 784 354 expectationem
816 299 1004 340 diuturni
1041 299 1239 340 desiderii
1268 298 1419 340 nostri.

79 359 192 400 Nam
222 374 335 400 nunc
373 359 527 412 quibus
569 358 824 399 studendum
861 358 989 398 rebus
1022 361 1134 398 esset
1166 357 1419 412 accepimus,

44 436 61 463 5
81 418 193 472 quod
217 417 358 472 ipsum
384 420 449 458 est
475 420 618 458 tamen
644 429 864 471 magnum3
897 416 970 457 sed
989 415 1079 457 vias
1106 430 1252 457 earum
1276 430 1419 456 rerum

78 476 373 529 rationemque
418 475 611 530 cupimus
656 488 923 529 cognoscere.
993 474 1131 523 Quid?
1183 474 1237 528 si,
1279 473 1489 527 inquit-206

80 533 271 588 Crassus,
304 534 505 587 quoniam
533 547 625 588 ego,
657 547 740 587 quo
766 533 934 574 facilius
961 547 1036 574 vos
1070 533 1181 587 apud
1213 547 1280 573 me
1306 535 1419 573 tene-

78 607 187 647 rem,
229 596 395 633 vestrae
437 592 581 646 potius
627 592 855 633 obsecutus
901 606 994 632 sum
1034 591 1249 632 voluntati
1291 605 1419 644 quam

79 654 152 692 aut
184 650 481 692 consuetudini
519 653 593 691 aut
629 652 806 691 naturae
846 664 983 705 meae,
1025 650 1210 704 petimus
1249 649 1301 690 ab
1333 648 1420 690 An-

27 728 61 754 10
80 709 220 764 tonio,
251 712 300 750 ut
331 723 398 763 ea,
435 723 543 762 quae
575 708 767 750 continet
796 723 933 762 neque
966 708 1102 749 adhuc
1133 707 1332 762 protulit,
1369 722 1419 748 ex

80 768 235 822 quibus
255 782 387 808 unum
413 767 606 808 libellum
627 767 709 808 sibi
730 767 935 808 excidisse
956 766 1042 807 iam
1063 766 1221 807 dudum
1241 769 1417 820 questus

79 829 162 881 est,
199 825 381 880 explicet
416 825 542 867 nobis
581 828 623 866 et
658 825 734 866 illa
765 825 930 866 dicendi
962 824 1166 879 mysteria
1198 824 1418 865 enuntiet?

78 884 138 925 Ut
152 884 331 938 videtur,
350 883 495 937 inquit
516 882 748 937 Sulpicius,
774 898 874 924 nam
893 883 1084 924 Antonio
1105 883 1270 924 dicente
1291 882 1421 923 etiam

80 943 181 997 quid
200 945 247 983 tu
266 942 492 997 intellegas
508 942 751 983 sentiemus.
778 941 884 982 Peto
904 941 1051 996 igitur,
1065 939 1244 982 Crassus
1263 941 1489 994 inquit,207

27 1019 60 1045 15
81 1004 174 1053 ate,
188 1001 389 1054 quoniam
403 1000 446 1041 id
460 1000 596 1054 nobis,
605 1000 780 1054 Antoni,
793 1000 1038 1040 hominibus
1053 999 1096 1040 id
1111 999 1263 1040 aetatis
1279 999 1418 1040 oneris

80 1059 132 1100 ab
159 1059 313 1100 horum
340 1059 675 1100 adulescentium
702 1058 854 1099 studiis
880 1058 1128 1113 imponitur,
1159 1061 1207 1099 ut
1233 1072 1417 1112 exponas

80 1117 181 1171 quid
211 1117 265 1158 iis
298 1117 347 1158 de
373 1117 513 1171 rebus,
545 1131 649 1171 quas
676 1131 700 1157 a
725 1120 767 1158 te
795 1116 939 1170 quaeri
964 1116 1094 1170 vides,
1126 1115 1297 1157 sentias.
1338 1115 1419 1156 De·
1433 1117 1493 1161 48„

78 1175 335 1230 prehensum
368 1175 562 1229 equidem
594 1190 674 1229 me,
709 1175 851 1228 inquit
880 1174 1109 1228 Antonius,
1139 1175 1264 1229 plane
1296 1174 1418 1215 video

84 1237 211 1288 atque
250 1233 406 1288 sentio,
445 1248 532 1275 non
572 1234 711 1274 solum
749 1234 861 1287 quod
898 1248 948 1274 ea
978 1233 1254 1287 requiruntur
1285 1247 1309 1273 a
1340 1246 1420 1285 me,

27 1311 61 1336 20
81 1306 261 1346 quorum
294 1307 388 1332 sum
426 1292 601 1346 ignarus
635 1295 762 1346 atque
794 1291 1005 1345 insolens,
1042 1292 1115 1332 sed
1153 1291 1270 1346 quia,
1307 1291 1420 1344 quod

81 1351 126 1390 in
151 1350 289 1391 causis
316 1350 437 1390 valde
462 1350 610 1404 fugere
638 1350 766 1404 soleo,
790 1364 843 1390 ne
869 1350 963 1404 tibi,
988 1348 1153 1404 Crasse,
1185 1350 1421 1402 succedam,

81 1408 123 1449 id
154 1422 266 1449 nunc
299 1422 365 1449 me
397 1407 471 1448 isti
497 1408 631 1448 vitare
656 1422 743 1448 non
769 1407 925 1448 sinunt.
975 1407 1136 1449 Verum
1167 1407 1249 1448 hoc
1280 1407 1490 1462 ingre-208

82 1466 173 1507 diar
199 1466 250 1506 ad
277 1481 326 1507 ea
352 1480 458 1519 quae
484 1466 615 1507 vultis
642 1466 856 1520 audacius,
888 1466 1001 1519 quod
1025 1465 1137 1506 idem
1163 1465 1269 1506 mihi
1296 1479 1419 1519 spero

80 1539 160 1565 usu
180 1539 271 1565 esse
292 1527 519 1565 venturum
544 1524 589 1564 in
613 1524 692 1565 hac
718 1524 1022 1578 disputatione,
1047 1523 1159 1577 quod
1177 1523 1223 1564 in
1243 1523 1420 1564 dicendo

27 1600 62 1626 25
82 1582 202 1637 solet,
233 1585 281 1623 ut
311 1583 428 1623 nulia
460 1585 705 1636 expectetur
738 1586 889 1623 ornata
915 1582 1064 1623 oratio.
1125 1581 1275 1636 Neque
1308 1581 1420 1622 enim

82 1656 176 1682 sum
208 1641 258 1682 de
290 1644 379 1682 arte
412 1640 623 1694 dicturus,
664 1655 789 1694 quam
828 1654 1048 1694 nunquam
1085 1640 1230 1694 didici,
1266 1640 1339 1680 sed
1371 1640 1420 1680 de

82 1714 176 1740 mea
201 1699 523 1753 consuetudine3
554 1699 731 1753 ipsaque
757 1699 845 1753 illa,
871 1713 977 1752 quae
1002 1699 1048 1739 in
1068 1697 1421 1740 commentarium

82 1771 224 1798 meum
249 1757 409 1811 rettuli,
434 1760 533 1798 sunt
552 1757 641 1798 eius
662 1757 790 1811 modi,
814 1771 901 1797 non
927 1757 1069 1810 aliqua
1094 1756 1201 1798 mihi
1227 1755 1421 1798 doctrina

82 1815 240 1856 tradita
273 1816 345 1856 sed
375 1815 421 1855 in
450 1830 593 1856 rerum
630 1830 710 1855 usu
743 1815 966 1868 causisque
998 1818 1201 1869 tractata3
1245 1828 1352 1867 quae
1385 1813 1422 1854 si

30 1891 64 1917 30
82 1873 204 1914 vobis
223 1873 468 1914 hominibus
486 1873 786 1914 eruditissimis
806 1887 893 1914 non
911 1873 1220 1927 probabuntur,
1233 1874 1422 1913 vestram

81 1931 355 1984 iniquitatem
387 1934 642 1985 accusatote,
674 1931 747 1984 qui
773 1946 824 1972 ex
850 1946 916 1972 me
942 1946 991 1972 ea
1018 1930 1287 1984 quaesieritis
1314 1944 1420 1983 quae

83 2003 163 2044 ego
194 1989 415 2042 nescirem,
444 2004 583 2030 meam
613 1989 867 2030 facilitatem
898 1989 1130 2043 laudatote,
1170 2003 1266 2030 cum
1297 1987 1420 2029 vobis

81 2061 169 2088 non
199 2061 293 2088 meo
330 2047 486 2088 iudicio
526 2048 598 2088 sed
629 2050 771 2088 vestro
804 2047 944 2088 studio
976 2047 1176 2088 inductus
1208 2061 1295 2088 non
1327 2060 1420 2101 gra-

82 2108 179 2146 vate
210 2106 478 2159 respondero.
533 2105 642 2146 Tum
669 2105 865 2147 Crassus:
896 2105 1032 2160 Perge
1058 2105 1197 2158 modo,
1230 2104 1491 2158 [inquit,]209

30 2180 64 2206 35
84 2163 257 2204 Antoni
318 2162 496 2204 Nullum
528 2166 593 2205 est
625 2163 738 2204 enim
768 2163 1018 2218 periculum,
1046 2177 1099 2204 ne
1132 2138 1234 2216 quid
1264 2165 1312 2203 tu
1338 2162 1421 2202 elo-

85 2235 213 2275 quare
244 2221 327 2261 nisi
358 2221 420 2262 ita
449 2222 696 2276 prudenter,
729 2225 777 2262 ut
807 2221 1020 2262 neminem
1050 2223 1248 2286 nostrum
1279 2219 1421 2275 paeni-

83 2282 174 2320 teat
206 2279 257 2320 ad
287 2279 400 2321 hunc
431 2282 474 2320 te
506 2294 745 2321 sermonem
775 2279 1007 2334 impulisse

155 2352 267 2378 010.1
288 2354 311 2378 2.
1116 2349 1139 2380 4
