1643 2526
417 109 561 143 LIBER
585 109 611 144 I.
658 108 759 144 CAP,
786 112 889 144 4—5.
934 112 953 151 ξ
975 111 1123 144 13-19,
1414 108 1442 149 5

104 203 338 259 opinantur
369 207 411 246 et
441 204 637 259 pluribus
669 219 720 245 ex
746 204 911 245 artibus
945 204 1180 258 studiisque
1207 203 1444 245 collectum.

104 262 213 311 Quid
245 262 357 304 enim
390 263 485 317 quis
518 263 633 304 aliud
668 263 715 304 in
745 263 931 304 maxima
968 262 1223 304 discentium
1253 262 1445 303 multitu·
1470 262 1497 304 5

103 321 212 375 dine,
243 336 409 362 summa
439 321 747 377 magistrorum
780 321 914 376 copia,
944 321 1340 375 praestantissumis
1371 321 1446 362 ho-

103 379 267 421 minum
285 379 484 435 ingeniis,
502 380 672 421 infinita
692 394 916 421 causarum
930 379 1148 435 varietate,
1168 379 1445 434 amplissimis

70 454 86 481 5
106 438 373 492 eloquentiae
405 438 638 493 propositis
670 438 871 493 praemiis
904 453 996 479 esse
1029 453 1181 480 causae
1213 441 1336 492 putet
1360 438 1446 479 nisi

102 496 164 537 rei
206 498 420 550 quandam
458 496 752 538 incredibilem
794 497 1137 552 magnitudinem
1178 511 1226 538 ac
1267 496 1446 537 difficul—

102 555 266 596 tatem?
332 555 415 596 Est
460 555 574 596 enim
613 558 656 596 et
699 555 877 597 scientia
923 555 1263 610 comprendenda
1301 569 1445 596 rerum

102 613 397 668 plurimarum,
417 613 506 655 sine
528 628 612 667 qua
631 614 859 655 verborum
878 614 1127 655 volubilitas
1149 613 1288 654 inanis
1316 616 1445 667 atque

102 671 325 713 inridenda
356 674 439 727 est,
480 674 521 713 et
552 672 647 726 ipsa
679 672 817 713 oratio
851 672 1156 713 conformanda
1186 686 1275 713 non
1306 672 1447 713 solum

52 747 86 772 10
106 730 312 771 electione
345 730 418 771 sed
450 730 579 771 etiam
611 731 930 772 constructione
962 731 1191 772 verborum
1224 733 1266 772 et
1299 745 1446 772 omnes

105 788 346 830 animorum
377 792 534 843 motus,
566 803 672 843 quos
703 789 927 830 hominum
954 789 1099 844 generi
1124 804 1267 830 rerum
1291 792 1448 830 natura

104 847 276 901 tribuit,
306 848 477 901 penitus
508 848 806 902 pernoscendi,
838 848 951 902 quod
985 848 1122 889 omnis
1154 847 1218 889 vis
1251 847 1447 901 ratioque

105 905 271 947 dicendi
302 906 349 946 in
380 920 527 946 eorum
568 906 641 959 qui
680 906 859 947 audiunt
890 906 1105 947 mentibus
1145 909 1219 947 aut
1251 905 1447 947 sedandis

106 967 180 1005 aut
200 963 435 1005 excitandis
457 964 741 1018 expromenda
767 968 843 1005 est.
887 964 1076 1006 Accedat
1103 965 1251 1005 eodem
1279 967 1449 1018 oportet

54 1038 87 1064 15
107 1022 226 1076 lepos
261 1022 433 1076 quidam
465 1022 728 1076 facetiaeque
761 1026 803 1063 et
836 1023 1018 1064 eruditio
1049 1023 1186 1063 libero
1225 1023 1355 1077 digna
1386 1037 1449 1064 ce-

105 1080 338 1134 leritasque
383 1083 426 1121 et
470 1080 656 1122 brevitas
702 1084 745 1122 et
788 1081 1071 1135 respondendi
1121 1084 1165 1122 et
1212 1081 1448 1122 lacessendi

107 1139 256 1193 suptili
282 1142 507 1180 venustate
534 1142 661 1204 atque
687 1139 932 1180 urbanitate
959 1140 1198 1181 coniuncta.
1248 1139 1447 1180 Tenenda

105 1200 326 1251 praeterea
346 1200 411 1238 est
433 1198 570 1238 omnis
586 1198 822 1251 antiquitas
838 1198 1213 1252 exemplorumque
1228 1198 1291 1239 vis
1310 1213 1448 1252 neque

106 1256 251 1310 legum
277 1270 325 1297 ac
350 1255 456 1296 111113
485 1255 621 1297 civilis
649 1256 828 1297 scientia
851 1257 1170 1312 neglegendast.
1214 1255 1327 1297 Nam
1348 1256 1449 1310 quid

55 1331 89 1356 20
109 1328 188 1369 ego
216 1314 264 1355 de
292 1314 459 1355 actione
485 1314 579 1368 ipsa
604 1315 728 1368 plura
753 1315 920 1356 dicam?
966 1330 1072 1369 quae
1099 1318 1220 1356 motu
1246 1315 1451 1370 corporis,

109 1386 216 1425 quae
250 1375 387 1426 gestu,
424 1386 531 1425 quae
569 1373 709 1427 vultu,
741 1387 848 1426 quae
880 1373 996 1414 vocis
1029 1373 1367 1414 conformatione
1401 1387 1449 1414 ac

108 1430 314 1471 varietate
347 1431 666 1486 moderandast3
704 1445 810 1484 quae
849 1431 940 1472 sola
975 1446 1051 1485 per
1088 1446 1132 1472 se
1163 1431 1258 1484 ipsa
1290 1434 1451 1485 quanta

109 1488 166 1529 sit
184 1488 444 1529 histrionum
470 1489 574 1529 levis
601 1504 669 1530 ars
697 1492 739 1530 et
766 1504 918 1530 scaena
944 1489 1148 1544 declarat,
1172 1489 1218 1529 in
1244 1504 1327 1543 qua
1353 1504 1450 1530 cum

110 1561 256 1587 omnes
289 1547 334 1587 in
361 1547 445 1588 oris
473 1550 515 1588 et
540 1547 656 1588 vocis
684 1551 726 1588 et
752 1550 894 1588 motus
922 1548 1214 1588 moderatione
1240 1548 1450 1603 laborent,

55 1621 88 1647 25
109 1605 203 1659 quis
234 1605 406 1660 ignoret
439 1620 567 1659 quam
604 1606 729 1659 pauci
768 1606 854 1647 sint
885 1606 1128 1660 fuerintque
1168 1620 1274 1660 quos
1307 1606 1449 1647 animo

108 1677 243 1717 aequo
289 1666 482 1717 spectare
522 1664 768 1718 possimus?
821 1664 932 1713 Quid
973 1664 1111 1706 dicam
1156 1665 1206 1705 de
1246 1664 1449 1705 thesauro

107 1736 250 1762 rerum
289 1722 480 1763 omnium
517 1723 753 1763 memoria?
804 1737 911 1776 quae
951 1723 1034 1764 nisi
1077 1726 1221 1764 custos
1262 1722 1449 1763 inventis

109 1780 395 1835 cogitatisque
426 1781 553 1821 rebus
593 1784 636 1822 et
667 1781 808 1822 verbis
848 1781 1120 1835 adhibeatur,
1155 1781 1449 1836 intellegimus

109 1838 271 1892 omnia,
320 1838 449 1879 etiam
500 1839 535 1879 si
584 1839 927 1893 praeclarissima
975 1839 1135 1880 fuerint
1179 1839 1226 1880 in
1269 1842 1452 1893 oratore,

55 1913 90 1938 30
108 1896 311 1950 peritura.
356 1896 492 1945 Quam
525 1898 579 1938 ob
606 1912 696 1938 rem
728 1898 874 1938 mirari
906 1898 1148 1939 desinamus
1181 1912 1288 1951 quae
1322 1912 1449 1939 causa

110 1954 167 1995 sit
193 1955 484 2008 eloquentium
509 1956 753 2010 paucitatis,
779 1971 908 2010 quom
934 1971 985 1997 ex
1009 1956 1062 1997 iis
1088 1956 1215 1997 rebus
1242 1955 1450 1997 universis

109 2013 354 2067 eloquentia
386 2017 572 2069 constet,
607 2014 653 2054 in
691 2015 846 2068 quibus
884 2014 1066 2069 singulis
1105 2014 1324 2055 elaborare
1360 2029 1452 2068 per-

107 2085 314 2126 magnum
347 2074 424 2126 est,
454 2072 760 2127 hortemurque
786 2073 931 2126 potius
961 2073 1119 2114 liberos
1144 2076 1317 2114 nostros
1345 2076 1452 2114 cete-

107 2143 282 2184 rosque,
323 2144 504 2184 quorum
546 2131 683 2186 gloria
722 2131 848 2172 nobis
891 2134 934 2172 et
974 2131 1164 2186 dignitas
1206 2134 1364 2185 caiast,
1403 2133 1452 2171 ut

55 2203 88 2229 35
110 2187 252 2228 animo
286 2188 347 2228 rei
381 2189 723 2243 magnitudinem
756 2189 1097 2243 complectantur
1121 2204 1257 2243 neque
1290 2190 1349 2230 eis
1377 2191 1452 2229 aut

107 2246 349 2301 praeceptis
390 2224 482 2287 autU
503 2248 722 2302 magistris
762 2251 837 2288 aut
877 2248 1254 2289 exercitationibus
1297 2247 1451 2300 quibus

109 2306 291 2345 utuntur
315 2318 475 2360 omnes,
503 2306 575 2347 sed
595 2306 689 2347 aliis
711 2306 967 2360 quibusdam
987 2321 1031 2348 se
1051 2307 1095 2348 id
1115 2307 1228 2360 quod
1249 2308 1454 2359 expetunt

1474 565 1516 597 17

1476 1149 1517 1187 1‚8

1478 1908 1518 1938 19
