1643 2526
506 108 782 145 ADNOTATIO
810 107 1008 144 CRITICA.
1354 105 1436 140 LIX

92 218 261 263 yroniam
298 216 465 251 eduoeeris
503 215 528 251 C
555 226 646 249 corr.
673 214 702 248 E
730 214 914 248 Baehrens
953 233 996 238 —
1036 216 1089 247 33.
1128 216 1170 248 ut
1193 216 1234 247 tu
1270 209 1434 245 FBON

93 268 167 298 tute
193 262 327 307 Stangl
352 283 394 288 —
422 266 476 297 35.
503 263 711 304 facultatem
739 260 828 295 F³N
856 281 898 285 —
925 261 963 294 P.
986 263 1064 294 303.
1088 263 1141 293 14.
1168 263 1201 294 et
1225 269 1434 303 quanquam

94 310 164 344 ΕΠ.
198 330 241 334 -
275 313 330 344 15.
361 311 513 344 maiores
538 313 641 344 erant
665 312 698 343 et
722 307 803 341 Rau
829 311 932 342 erant
955 308 1107 342 maiores
1132 305 1266 340 Eberh.
1298 325 1342 330 -—
1380 308 1434 339 18.

93 358 207 392 invito
239 355 370 390 FB¹O
401 357 443 390 in
467 357 544 391 viro
577 354 714 389 B2DN
745 356 787 389 in
816 355 891 388 ullo
921 353 1011 388 Ven.
1036 358 1052 387 1
1084 354 1126 388 in
1149 353 1250 387 nullo
1276 353 1353 387 viro
1386 350 1434 385 Ο2

95 403 141 437 al'
168 414 260 447 mrg.
296 404 337 437 in
361 403 462 437 nullo
495 401 635 436 Manut.
676 422 717 426 -
756 405 812 436 22.
850 401 981 435 omnia.
1010 401 1133 434 omnia
1162 399 1280 433 FBN
1313 399 1436 433 omnia

94 451 253 485 omnium
279 449 411 493 Stangl
441 469 482 475 —-
517 452 572 483 23.
605 448 804 493 cupiditate
829 447 974 483 dicendi
1000 448 1107 490 Kays.
1143 467 1184 470 —
1217 449 1273 480 29.
1299 446 1433 480 coniec-

94 499 208 532 tiones
234 495 259 530 O
298 507 387 531 corr.
425 495 566 529 Manub.
606 516 648 520 —
686 505 816 529 memor
853 505 943 538 quae
981 493 1008 526 F
1046 503 1176 528 memor
1212 497 1245 527 et
1281 503 1371 536 quae
1409 489 1434 524 C

94 554 224 578 memor
249 554 369 578 eorum
393 554 482 587 quae
508 541 600 576 coni.
629 540 738 576 Orell.
765 552 886 576 eorum
912 551 1001 585 quae
1026 540 1125 574 Jahn
1155 560 1199 564 -
1229 538 1268 574 P.
1295 541 1374 572 304.
1402 542 1434 572 5.

95 590 149 624 M.
183 589 254 624 del.
286 589 356 623 ΕΠ.
397 609 440 614 -
479 593 509 624 6.
549 590 611 633 qui
645 587 669 621 C
707 589 767 622 cui
792 587 920 632 D('?)m
957 588 1058 631 (133,
1085 589 1145 628 253
1178 590 1262 628 257,
1294 587 1351 629 13)
1390 605 1434 609 --

96 641 128 671 9.
153 638 276 680 utique
294 635 392 670 Jahn
417 656 461 661 —
487 639 542 669 24.
569 636 724 670 oratoris
749 634 775 667 F
790 634 818 667 B
833 634 862 668 O
889 645 959 668 om.
979 633 1013 666 N
1034 654 1076 658 -
1103 636 1244 668 tantum
1264 631 1289 666 C
1316 636 1435 666 tamen

95 683 237 717 Manut.
273 703 317 708 —
350 686 404 717 26.
436 683 477 716 in
501 683 595 716 iuris
620 680 900 716 CFWMueller
925 701 969 705 —
994 681 1115 715 studio
1142 678 1178 723 C,
1205 690 1253 713 an
1277 680 1333 723 (ut
1358 679 1433 721 29):

95 730 300 764 studiosus?
326 748 370 754 —
397 733 452 763 27.
476 729 519 763 P.
538 728 584 764 F.
605 728 629 762 C
655 728 694 773 Q.
713 728 758 762 F.
780 726 972 761 Fabricius
997 748 1043 751 —
1069 729 1124 760 28.
1143 737 1179 761 se
1199 738 1268 760 om.
1290 724 1435 759 FBON

97 796 142 801 —
174 780 229 811 37.
268 776 362 821 quod
386 776 451 810 etsi
482 775 570 819 D(·?)
609 795 652 800 —
690 774 729 808 P.
757 778 835 809 305.
862 778 893 809 2.
926 774 987 809 sed
1019 773 1044 808 C
1076 774 1170 817 quod
1200 771 1355 815 Madvig
1391 792 1437 796 -—

98 828 129 858 6.
156 823 295 858 Eodem
321 851 328 857 .
344 850 374 857 ..
399 823 570 867 magistro
597 821 667 856 del.
694 821 796 855 Bake
827 842 871 846 ——
905 824 936 855 8.
965 821 1155 865 proposita
1184 820 1228 863 (ἲ)
1249 818 1280 852 D
1304 820 1392 852 Ven.
1416 822 1433 852 1

98 889 142 894 —
182 874 234 903 11.
273 870 350 904 eiue
374 869 419 902 F¹
450 870 483 903 ei
507 867 666 902 BOvet'
699 872 731 902 et
756 867 781 902 C
822 888 863 892 —-
902 871 959 902 21.
996 878 1142 911 cumque
1174 865 1199 900 C
1234 875 1436 909 mecumque

98 915 189 950 Ven.
212 921 229 949 1
263 937 300 941 —
337 919 394 950 24.
427 927 498 959 qua
523 914 653 948 FB¹O
680 934 724 939 —-
751 918 806 948 26.
837 915 1029 949 dilatatam
1054 924 1124 948 esse
1150 913 1240 946 Ven.
1263 916 1280 945 1
1302 911 1364 957 (N)
1392 931 1436 937 —

98 963 251 998 dilatam
270 963 296 996 F
311 962 340 995 B
356 961 383 996 O
399 961 462 1006 (N)
484 982 527 986 -
547 965 602 996 37.
618 972 757 1006 possem
783 960 828 995 Ο1
842 960 872 993 D
893 961 983 994 Ven.
1000 964 1017 993 1
1039 961 1175 1004 possim
1196 958 1221 993 C
1249 978 1290 984 —-
1317 969 1435 1003 recup.

99 1008 125 1043 C
146 1020 217 1053 pro
241 1020 360 1053 recup.
382 1022 408 1042 ω
434 1010 474 1042 in
498 1019 617 1052 recup.
640 1007 749 1042 OreH.
768 1006 854 1042 incl.
874 1007 985 1051 Kays.
1012 1006 1125 1051 (idem
1150 1017 1187 1040 re
1207 1006 1370 1050 publica)
1392 1025 1436 1030 —

98 1055 137 1090 P.
163 1059 241 1090 306.
270 1060 300 1090 7.
337 1056 482 1098 faciunt
507 1054 534 1089 O
575 1075 616 1079 ——
657 1058 709 1089 12.
747 1055 859 1088 habui
885 1053 909 1088 C
935 1054 1062 1088 habuit
1087 1052 1118 1085 D
1138 1052 1229 1086 Ven.
1253 1056 1269 1085 1
1304 1072 1346 1076 —
1383 1055 1436 1086 13.

97 1103 277 1137 nonnulla
313 1101 361 1145 lg.
388 1106 429 1135 53
462 1100 615 1146 Madvig
652 1121 695 1126 —-
732 1105 854 1136 nostro
891 1101 1006 1145 diqna
1042 1099 1119 1132 BN
1157 1119 1200 1124 —
1240 1102 1294 1133 15.
1330 1099 1438 1133 etiam

99 1160 207 1194 quam
232 1148 257 1183 C
283 1153 315 1184 et
338 1153 520 1192 tamquam
546 1161 573 1181 ω
613 1168 654 1172 -
694 1151 749 1182 22.
776 1148 910 1182 accidit
934 1147 1021 1180 F¹B
1037 1145 1065 1180 O
1104 1166 1147 1171 —
1184 1149 1238 1180 32.
1265 1146 1438 1180 mutarim

99 1196 170 1230 FB
190 1195 281 1230 Ven.
298 1199 314 1229 1
343 1215 386 1219 ——
412 1195 450 1228 P.
472 1198 550 1229 307.
572 1198 604 1228 6.
631 1205 710 1229 cum
735 1193 760 1228 C
788 1205 850 1227 an:
877 1194 1013 1236 referta
1037 1196 1136 1228 tum?
1163 1213 1204 1217 —
1234 1196 1288 1226 19.
1314 1193 1355 1226 in
1380 1193 1436 1226 in·
1493 1225 1500 1228 .

99 1243 279 1278 stituendo
304 1241 438 1275 Eberh.
464 1243 572 1285 pater
597 1261 640 1265 —
667 1244 722 1276 23.
758 1241 943 1285 diffluenti
967 1240 994 1273 F
1020 1240 1245 1283 diffluentem
1270 1238 1298 1272 B
1313 1238 1341 1272 O
1357 1237 1388 1271 D
1403 1238 1437 1271 N

100 1290 303 1333 diffluentis
327 1288 419 1322 Ven.
441 1292 458 1321 1
493 1308 535 1312 —
569 1291 623 1321 25.
653 1288 828 1322 reciderat
853 1287 878 1321 C
904 1287 1081 1322 resederat
1105 1286 1232 1319 Lamb.
1259 1305 1302 1310 —
1328 1286 1437 1327 refer-

100 1340 205 1371 uerat
230 1335 254 1369 C
281 1336 483 1377 deseruerat
506 1334 537 1367 D
569 1355 614 1359 —
646 1338 701 1369 26.
731 1335 890 1378 corporis
916 1333 941 1367 C
967 1334 1109 1377 corpori
1133 1332 1164 1365 D
1191 1353 1236 1357 —
1262 1336 1318 1366 34.
1344 1332 1439 1375 quod

102 1381 128 1416 C
153 1383 214 1416 cui
237 1381 335 1415 Jahn
371 1401 415 1406 -—
452 1380 490 1415 P.
517 1384 595 1415 308.
622 1384 677 1415 20.
711 1385 894 1415 oratorum
918 1380 1100 1414 Corradus
1135 1398 1180 1404 ——
1215 1383 1270 1414 23.
1302 1379 1440 1413 uiderit

102 1429 129 1462 F
143 1429 172 1462 Β
189 1428 217 1462 O
232 1428 265 1461 N
301 1449 344 1452 —
377 1432 432 1462 31.
465 1431 682 1463 aestumator
707 1428 733 1460 F
749 1427 794 1460 B‘-’
815 1426 906 1461 Ven.
928 1431 945 1460 1
973 1430 1174 1461 eoetumator
1200 1425 1245 1460 Β1
1260 1424 1288 1459 O
1315 1426 1438 1459 existi-

101 1480 218 1510 mator
241 1474 372 1520 D('?)co
411 1495 454 1499 -—
492 1478 547 1508 32.
586 1485 755 1519 magnum
786 1474 898 1508 scelus
931 1473 955 1507 C
987 1483 1190 1518 coqnoscere
1221 1471 1268 1506 F3
1292 1483 1384 1516 mrg.
1412 1485 1438 1505 ω

102 1532 290 1567 aquoscere
308 1520 441 1554 maluit
454 1520 565 1555 Orell.
590 1541 636 1545 —
662 1520 698 1554 Ρ.
714 1523 792 1554 309.
810 1524 838 1554 1.
860 1521 907 1554 iis
927 1520 952 1554 C
971 1520 1027 1553 liis
1047 1532 1072 1553 co
1093 1518 1222 1552 Rivius
1250 1539 1291 1542 —
1319 1521 1350 1551 3.
1372 1529 1439 1562 po-

97 1569 227 1614 pulari
252 1567 277 1601 C
298 1569 428 1612 populi
452 1567 580 1601 Lamb.
600 1568 731 1612 populi
756 1567 915 1601 Romani
941 1565 1051 1600 Orell.
1082 1586 1128 1590 -—
1159 1566 1284 1600 consul
1310 1563 1440 1598 addidi

102 1636 149 1640 ——
175 1618 229 1649 16.
254 1615 362 1649 illuso
389 1613 544 1648 Schuetz
573 1635 614 1638 —
640 1617 694 1647 20.
722 1615 770 1648 ad
789 1624 859 1648 om.
881 1612 906 1646 C
922 1612 1004 1655 (D‘?)
1033 1633 1074 1637 -
1102 1615 1157 1646 21.
1183 1610 1436 1657 traducerelllii

103 1666 136 1697 et
143 1676 156 1705 ;
180 1661 207 1694 F
231 1662 452 1704 traduceret;
475 1663 538 1703 (J.)
566 1660 590 1694 C
612 1670 701 1695 corr.
723 1673 750 1693 ω
778 1680 819 1685 -
847 1663 902 1694 26.
922 1660 1115 1703 impelleret
1140 1657 1166 1692 C
1186 1669 1276 1693 corr.
1298 1657 1439 1692 Manut.

105 1729 149 1734 —
175 1711 229 1742 30.
255 1709 419 1751 superior
443 1718 513 1742 esse
537 1708 676 1742 viderer
699 1706 797 1740 Jahn
823 1726 866 1731 —
892 1706 931 1740 P.
946 1709 1025 1740 310.
1042 1710 1073 1739 7.
1100 1706 1215 1740 decem
1241 1704 1266 1739 C
1291 1705 1442 1740 sedecim

104 1754 319 1798 Nipperdey
348 1775 386 1778 —
415 1756 447 1788 8.
472 1758 505 1789 et
528 1765 647 1798 seoeaq.
673 1755 755 1788 Asc,
781 1774 827 1778 —
854 1755 907 1786 19.
934 1754 1000 1787 etsi
1024 1753 1116 1787 reris
1141 1751 1356 1786 FBOVen.
1374 1756 1390 1785 1
1406 1751 1442 1785 N

104 1806 137 1836 et
159 1802 288 1836 severis
314 1800 344 1833 D
359 1813 385 1833 ω
412 1821 456 1826 -—
480 1812 676 1844 numquam
701 1799 727 1834 C
752 1811 859 1844 quam
884 1799 915 1832 D
931 1813 957 1832 ω
988 1820 1026 1824 —
1053 1802 1108 1833 23.
1135 1799 1288 1833 alterum
1307 1797 1441 1832 Eberh.

104 1849 211 1891 pater
242 1868 285 1871 —
321 1851 376 1882 25.
409 1848 511 1891 quale
537 1846 614 1880 BN
640 1847 741 1890 quali
766 1846 791 1880 C
818 1847 937 1890 qualis
963 1845 1018 1880 ed.
1044 1845 1151 1879 Rom.
1183 1866 1226 1869 —
1258 1847 1312 1878 27.
1346 1846 1442 1887 facto

105 1893 288 1928 Ruhnken
325 1913 368 1918 —
406 1897 461 1928 35.
499 1895 540 1928 iu
565 1894 693 1938 quibus
717 1892 774 1926 bis
802 1904 868 1926 scr.
895 1892 938 1925 Fl
977 1912 1020 1916 —
1059 1896 1114 1926 36.
1150 1892 1356 1926 sententiae.
1395 1892 1444 1925 In

105 1941 236 1985 quibus
259 1945 302 1975 ut
325 1941 366 1974 in
390 1940 454 1974 illo
478 1951 603 1985 yraeco
634 1941 685 1974 sic
713 1941 754 1974 in
777 1940 842 1974 lioc
867 1943 970 1974 erant
995 1939 1171 1983 quaedam
1195 1939 1310 1983 maqis
1336 1949 1443 1982 quam

106 1987 193 2020 F¹B
209 1986 237 2021 O
265 2007 306 2012 —
333 1988 374 2020 in
399 1987 527 2030 quibus
553 2014 583 2021 ..
599 2014 606 2020 .
632 1987 738 2021 utiles
762 1985 898 2019 inclusi
922 2006 969 2010 —
993 1985 1032 2020 P.
1048 1989 1126 2020 311.
1141 1989 1172 2019 2.
1190 1985 1444 2029 probabantur

107 2033 192 2068 Ern.
224 2053 268 2058 —-
299 2036 332 2067 4.
364 2034 591 2068 mirabantur
616 2032 641 2067 C
673 2034 856 2067 mirantur
881 2031 1013 2076 scripsi
1047 2053 1090 2057 —
1123 2035 1155 2065 5.
1186 2032 1393 2066 movebatur
1418 2030 1443 2065 C

107 2083 266 2115 movetur
291 2078 421 2123 scripsi
454 2100 494 2104 ——
526 2080 622 2114 Erat
728 2080 917 2114 videbatur
942 2078 1076 2112 inclusi
1107 2099 1153 2103 -—
1186 2082 1216 2112 9.
1249 2082 1393 2122 eratque
1418 2076 1443 2111 C

109 2137 172 2160 an:
198 2127 384 2161 exornatio
410 2130 535 2170 atque?
568 2145 611 2150 —-
645 2130 697 2160 11.
730 2126 949 2160 eaeercitabat
973 2125 1061 2158 F1B
1093 2145 1136 2150 —
1176 2129 1228 2158 14.
1260 2126 1446 2159 remiserat

108 2172 209 2207 Bake
242 2194 282 2197 —
315 2175 370 2207 29.
403 2183 422 2207 o
447 2174 534 2207 mire
559 2172 586 2205 F
613 2174 731 2207 omitte
756 2172 784 2205 B
800 2172 828 2206 O
867 2172 895 2217 o]
912 2173 1000 2206 mire
1026 2171 1141 2206 Oveiz'
1177 2191 1222 2196 ——
1256 2175 1310 2205 32.
1338 2182 1446 2215 prae-

108 2220 201 2255 vidit
224 2219 350 2253 Lamb.
389 2239 432 2243 —
470 2219 509 2253 P.
536 2223 614 2253 312.
643 2224 674 2254 6.
712 2222 934 2254 armatorum
967 2217 992 2252 C
1026 2223 1227 2253 amatorum
1253 2231 1280 2251 ω
1313 2238 1356 2242 -
1391 2221 1445 2250 13.

108 2269 313 2310 mortuoque
337 2266 493 2301 virerent
517 2278 543 2299 ω
565 2293 572 2300 .
594 2266 693 2300 Fort.
720 2270 858 2300 mortuo
885 2264 956 2299 del.
985 2285 1026 2290 —
1056 2269 1109 2299 14.
1143 2265 1255 2299 saluti
1281 2263 1306 2297 C
1333 2264 1448 2298 salute

109 2312 181 2345 Dm
210 2332 251 2337 —
281 2317 333 2347 19.
359 2314 462 2357 anqit
486 2311 667 2346 Corradus
693 2333 739 2337 —
764 2313 848 2347 haec
872 2323 925 2346 me
950 2311 978 2345 B
994 2311 1028 2345 N
1054 2332 1099 2337 —
1125 2311 1162 2346 P.
1179 2315 1257 2345 313.
1275 2314 1304 2344 1.
1332 2311 1395 2354 qui
1422 2308 1448 2343 C
