1643 2526
448 103 589 138 LIBER
613 103 641 139 Ι.
680 103 780 139 CAP.
806 107 909 139 2—3.
947 107 966 145 ξ
993 107 1118 138 4-12.
1428 101 1455 143 3

117 200 353 256 gubernare
385 213 475 240 rem
505 198 722 253 publicam
752 198 938 254 possint,
974 198 1099 240 multi
1130 201 1280 239 nostra
1309 197 1453 252 plures

114 262 287 313 patrum
307 257 513 299 memoria
532 260 659 311 atque
680 257 810 299 etiam
830 257 1040 298 maiorum
1060 256 1305 311 extiterunt,
1325 271 1455 310 quom

114 317 217 358 boni
248 316 398 371 perdiu
426 316 546 371 nulli,
576 316 647 357 vix
673 318 815 357 autem
840 315 1022 371 singulis
1049 315 1261 357 aetatibus
1295 315 1454 370 singuli

114 375 360 417 tolerabiles
387 378 579 416 oratores
605 373 907 415 inveniremur.
951 374 1016 415 Ac
1041 389 1093 415 ne
1120 373 1192 428 qui
1216 373 1329 415 forte
1356 388 1453 416 cum

79 451 95 476 5
116 434 209 475 aliis
242 433 408 488 studiis,
440 447 547 487 quae
580 432 811 474 reconditis
842 433 888 473 in
919 432 1083 473 artibus
1117 436 1244 486 atque
1276 432 1322 472 in
1354 446 1454 486 qua-

115 493 212 534 dam
238 492 444 533 varietate
470 491 713 533 litterarum
731 494 967 545 versentur,
986 491 1124 545 magis
1150 491 1260 532 hanc
1287 489 1453 532 dicendi

114 551 325 592 rationem
358 565 486 604 quam
517 565 613 592 cum
649 549 923 604 imperatoris
960 549 1084 590 laude
1117 553 1191 590 aut
1223 564 1320 590 cum
1349 548 1453 590 boni

117 609 326 650 senatoris
352 608 579 663 prudentia
605 608 934 663 comparandam
960 611 1094 662 putet,
1120 610 1342 649 convertat
1368 607 1455 648 ani-

116 683 234 709 mum
266 668 319 708 ad
350 681 399 708 ea
429 667 524 721 ipsa
561 666 718 708 artium
757 681 912 722 genera
949 666 1348 720 circumspiciatque
1381 665 1453 720 qui

63 743 97 768 10
115 726 160 767 in
190 726 243 767 iis
275 725 498 766 floruerint
530 739 742 779 quamque
774 725 916 766 multi:
955 725 1016 766 sic
1047 725 1262 766 facillume
1295 727 1455 777 quanta

117 787 336 826 oratorum
356 784 413 825 sit
433 787 475 825 et
497 798 662 837 semper
681 784 811 824 fuerit
830 783 1023 838 paucitas
1043 783 1261 824 iudicabit.
1304 781 1453 836 Neque

117 843 229 884 enim
255 845 297 884 te
316 842 429 897 fugit
450 842 641 883 omnium
660 842 929 883 laudatarum
949 842 1107 883 artium
1125 840 1455 895 procreatricem

117 902 330 955 quandam
369 904 411 941 et
449 901 571 954 quasi
608 903 830 955 parentem
868 915 978 954 eam,
1019 914 1147 953 quam
1184 902 1455 953 φιλοσοφίαν

120 960 272 1001 Graeci
303 962 476 1014 vocant,
514 959 566 1000 ab
598 958 845 999 hominibus
879 958 1138 999 doctissimis
1177 957 1372 1012 iudicari3
1409 957 1455 998 in

64 1036 97 1061 15
117 1032 201 1072 qua
237 1017 410 1059 difficile
449 1020 514 1058 est
548 1032 772 1058 numerare
812 1020 916 1070 quot
953 1017 1034 1058 viri
1075 1019 1234 1071 quanta
1275 1016 1455 1057 scientia

116 1079 359 1131 quantaque
396 1076 442 1116 in
480 1075 568 1117 suis
607 1075 760 1116 studiis
798 1075 1005 1116 varietate
1044 1078 1086 1115 et
1124 1074 1247 1128 copia
1283 1074 1454 1128 fuerint⁷

1480 815 1499 846 Φ

117 1135 188 1189 qui
219 1149 307 1176 non
337 1148 422 1175 una
453 1134 596 1188 aliqua
626 1134 672 1174 in
711 1148 756 1174 re
794 1133 1026 1188 separatim
1065 1132 1343 1187 elaborarint‚
1381 1133 1452 1174 sed
1491 1181 1499 1184 ¹

117 1193 280 1248 omnia,
311 1207 602 1247 quaecumque
633 1195 828 1246 possent,
860 1192 927 1233 vel
961 1191 1163 1233 scientiae
1194 1191 1454 1246 pervestiga-

116 1252 232 1292 tione
252 1252 318 1293 vel
340 1251 574 1292 disserendi
593 1250 759 1292 ratione
774 1250 1127 1304 comprenderint.
1162 1249 1266 1298 Quis
1280 1249 1453 1305 ignorat

63 1326 97 1351 20
115 1310 147 1351 ii
174 1310 246 1363 qui
277 1309 571 1350 mathematici
602 1311 811 1350 vocantur
843 1312 1003 1362 quanta
1033 1309 1078 1349 in
1105 1308 1367 1349 obscuritate
1393 1322 1454 1349 re-

116 1383 211 1409 rum
244 1370 286 1408 et
311 1382 439 1421 quam
464 1367 684 1408 recondita
708 1367 755 1407 in
781 1370 871 1407 arte
899 1370 941 1407 et
967 1366 1195 1420 multiplici
1223 1365 1454 1420 suptilique

116 1426 367 1472 versentur?
417 1424 509 1474 Quo
551 1428 696 1466 tamen
731 1424 777 1465 in
819 1439 971 1479 genere
1013 1424 1075 1465 ita
1114 1424 1239 1465 multi
1276 1424 1455 1478 perfecti

116 1484 310 1525 homines
338 1484 585 1537 extiterunt,
610 1486 657 1524 ut
681 1497 806 1524 nemo
833 1483 920 1523 fere
947 1482 1161 1524 studuisse
1188 1482 1226 1523 ei
1252 1482 1454 1523 scientiae

116 1542 409 1584 vehementius
440 1542 652 1595 videatur,
690 1541 792 1595 quin
829 1541 943 1595 quod
979 1541 1161 1582 voluerit
1198 1544 1452 1582 consecutus

65 1615 98 1643 25
118 1600 186 1642 sit.
248 1600 350 1649 Quis
383 1600 575 1655 musicis,
608 1599 702 1653 quis
733 1599 833 1641 huic
867 1600 1008 1640 studio
1045 1599 1305 1653 litterarum,
1342 1599 1454 1652 quod

115 1659 371 1714 profitentur
391 1659 429 1699 ei
450 1659 522 1712 qui
543 1658 813 1713 grammatici
832 1662 1053 1711 vocantur,
1071 1658 1240 1712 penitus
1263 1672 1306 1698 se
1327 1657 1455 1711 dedit7

117 1717 220 1771 quin
258 1731 426 1758 omnem
463 1717 635 1758 illarum
673 1716 831 1757 artium
867 1731 1001 1770 paene
1038 1716 1253 1756 infinitam
1293 1716 1380 1757 vim
1412 1718 1454 1756 et

117 1775 339 1816 materiem
377 1775 556 1816 scientia
593 1778 636 1816 et
673 1775 918 1829 cognitione
951 1774 1292 1829 comprenderit?
1341 1773 1453 1815 Vere

117 1833 223 1874 mihi
253 1833 335 1874 hoc
366 1833 511 1874 videor
542 1848 634 1874 esse
660 1832 863 1888 dicturus,
895 1847 945 1874 ex
978 1833 1175 1874 omnibus
1206 1832 1272 1886 iis,
1306 1832 1378 1885 qui
1409 1832 1455 1872 in

65 1908 99 1934 30
117 1892 269 1933 harum
307 1891 462 1932 artium
499 1891 809 1932 liberalissimis
849 1891 1001 1932 studiis
1041 1891 1127 1932 sint
1164 1890 1454 1944 doctrinisque

117 1950 287 2003 versati,
305 1949 525 1991 minimam
539 1949 706 2004 copiam
719 1953 944 2003 poetarum
964 1949 1235 2005 egregiorum
1249 1948 1453 1989 extitisse.

116 2007 259 2061 Atque
289 2007 336 2048 in
366 2007 447 2049 hoc
483 2008 578 2062 ipso
615 2022 811 2062 numero⁷
847 2008 893 2048 in
931 2022 1014 2061 quo
1052 2021 1225 2062 perraro
1265 2007 1455 2048 exoritur

119 2065 273 2119 aliquis
305 2066 531 2121 excellens,
568 2066 604 2107 si
637 2066 863 2121 diligenter
895 2068 937 2106 et
968 2081 1019 2107 ex
1049 2068 1298 2107 nostrorum
1330 2068 1373 2106 et
1404 2079 1455 2105 ex

120 2123 380 2165 Graecorum
412 2124 535 2178 copia
566 2138 812 2178 comparare
844 2123 979 2179 voles,
1011 2124 1146 2165 multo
1179 2127 1325 2164 tamen
1355 2138 1455 2177 pau-

67 2197 100 2223 35
121 2181 255 2223 ciores
288 2185 478 2223 oratores
512 2197 640 2236 quam
676 2186 828 2236 poetae
860 2182 963 2223 boni
994 2183 1269 2237 reperientur.
1332 2180 1455 2229 Quod

118 2240 199 2281 hoc
231 2241 361 2281 etiam
392 2240 629 2281 mirabilius
662 2241 787 2282 debet
818 2240 964 2295 videri,
996 2241 1096 2294 quia
1128 2243 1365 2282 ceterarum
1392 2253 1454 2279 ar-

119 2298 228 2339 tium
265 2298 405 2340 studia
441 2299 528 2340 fere
564 2299 795 2341 reconditis
835 2301 961 2353 atque
1000 2299 1156 2340 abditis
1199 2313 1220 2339 e
1260 2296 1454 2338 fontibus

1126 2367 1174 2399 1ss

854 2461 869 2477 θ

1482 1259 1523 1290 10

1484 1783 1522 1814 11

1484 2190 1523 2220 12
