1643 2526
379 92 522 128 LIBER
546 93 572 127 I.
623 91 723 127 CAP.
749 96 899 128 21—22.
949 97 968 136 ξ
995 96 1144 128 92—99.
1381 93 1438 134 23

103 203 225 242 quem
257 188 504 243 aliquando,
537 188 608 243 qui
641 191 682 229 et
714 188 856 229 studio
889 188 1070 243 acriore,
1102 203 1230 242 quam
1261 202 1339 229 nos
1373 203 1440 229 su-

102 261 194 288 mus
221 250 347 301 atque
373 246 545 301 fuimus,
571 250 614 288 et
641 246 729 287 otio
757 261 805 287 ac
831 247 1036 288 facultate
1064 246 1252 288 discendi
1278 246 1438 288 maiore

101 319 149 346 ac
171 305 399 346 maturiore
426 308 468 346 et
492 305 638 346 labore
664 307 791 358 atque
816 304 1027 346 industria
1053 305 1282 359 superiore,
1308 319 1438 358 quom

102 377 145 404 se
189 363 241 404 ad
289 363 545 404 audiendum
593 363 820 418 legendum
865 363 1218 417 scribendumque
1263 363 1439 418 dederit,

65 437 82 462 5
101 421 257 462 existat
288 421 386 462 talis
421 424 582 476 orator,
620 421 789 474 qualem
828 421 1088 476 quaerimus,
1126 421 1197 476 qui
1228 421 1320 462 iure
1351 436 1439 462 non

101 480 239 521 solum
265 480 446 520 disertus
474 480 546 520 sed
577 479 707 520 etiam
739 479 939 533 eloquens
972 480 1054 520 dici
1086 480 1241 534 possit,
1274 480 1346 534 qui
1377 483 1439 521 ta-

100 552 198 579 men
224 552 318 579 mea
344 537 555 579 sententia
582 541 656 579 aut
680 537 749 579 hic
776 541 841 579 est
865 538 952 579 iam
973 536 1151 579 Crassus
1173 541 1259 591 aut,
1286 538 1322 578 si
1342 537 1437 591 quis

99 596 191 650 pari
226 596 356 637 fuerit
391 596 564 651 ingenio
602 596 808 650 pluraque
846 610 974 649 quam
1004 596 1074 637 hic
1106 599 1149 637 et
1181 595 1363 637 audierit
1395 599 1438 637 et

99 654 305 696 lectitarit
325 657 367 695 et
381 654 611 708 scripserit,
628 654 804 708 paulum
822 654 905 696 huc
921 654 1082 708 aliquid
1100 654 1261 709 poterit
1275 654 1436 696 addere.

48 730 81 754 10
216 712 310 754 Hoc
346 712 441 754 loco
481 711 714 767 Sulpicius,
750 713 1010 767 Insperanti,
1049 713 1208 767 inquit,
1248 712 1372 753 mihi·
1395 715 1438 754 et

101 770 253 812 Cottae
285 771 358 812 sed
388 771 509 812 valde
542 771 709 825 optanti
740 771 909 824 utrique
946 774 1143 812 nostrum
1183 771 1352 825 cecidit,
1389 774 1438 812 ut

99 829 144 870 in
168 829 301 870 istum
327 843 578 883 sermonem,
605 829 769 883 Crasse,
794 829 1107 870 delaberemini.
1158 828 1296 870 Nobis
1323 829 1438 870 enim

1463 723 1507 754 96

99 888 183 928 huc
226 887 495 928 venientibus
540 887 645 928 satis
688 887 921 928 iucundum
963 887 1054 928 fore
1103 887 1346 942 videbatur,
1390 887 1439 941 si,
1500 932 1503 934 ,

102 960 231 1000 quom
262 960 337 986 vos
370 945 419 986 de
450 945 577 986 rebus
610 945 705 986 aliis
736 945 1035 1000 loqueremini,
1072 948 1217 986 tamen
1253 960 1332 986 nos
1365 945 1439 986 ali—

49 1020 82 1045 15
103 1003 204 1057 quid
250 1018 300 1044 ex
347 1017 540 1044 sermone
584 1006 726 1044 vestro
771 1004 977 1044 memoria
1025 1003 1201 1059 dignum
1246 1003 1437 1057 excipere

99 1076 340 1116 possemus3
371 1065 419 1102 ut
449 1076 549 1102 vero
581 1061 751 1115 penitus
783 1062 829 1102 in
860 1076 954 1102 eam
985 1062 1123 1116 ipsam
1148 1062 1284 1102 totius
1310 1062 1437 1103 huius

100 1120 167 1161 vel
211 1120 342 1161 studii
384 1120 451 1161 vel
501 1120 672 1161 artificii
720 1120 787 1160 vel
830 1119 1050 1161 facultatis
1101 1120 1438 1174 disputationem
1498 1161 1505 1164 ,

99 1193 231 1233 paene
251 1178 462 1219 intumam
481 1178 695 1232 veniretis,
713 1178 785 1219 vix
805 1179 1039 1232 optandum
1057 1178 1182 1220 nobis
1203 1178 1438 1219 videbatur.

100 1237 196 1292 Ego
223 1237 348 1291 enim,
374 1236 446 1289 qui
467 1237 519 1277 ab
544 1236 717 1277 ineunte
744 1239 884 1277 aetate
909 1236 1107 1278 incensus
1134 1251 1271 1277 essem
1297 1237 1437 1278 studio

49 1310 83 1335 20
101 1294 323 1347 utriusque
355 1297 557 1348 vestrum,
588 1292 731 1335 Crassi
756 1309 856 1335 vero
884 1294 1014 1335 etiam
1040 1308 1196 1348 amore,
1228 1309 1357 1348 quom
1384 1295 1436 1336 ab

101 1366 150 1394 eo
170 1367 380 1406 nusquam
400 1352 671 1407 discederem,
694 1353 872 1393 verbum
898 1367 949 1393 ex
974 1367 1023 1393 eo
1048 1367 1268 1406 nunquam
1288 1353 1437 1394 elicere

100 1411 223 1465 potui
256 1411 305 1451 de
330 1411 372 1451 vi
399 1425 447 1452 ac
472 1410 638 1451 ratione
670 1410 848 1465 dicendi,
880 1425 1009 1464 quom
1035 1414 1078 1451 et
1101 1425 1177 1464 per
1203 1426 1269 1451 me
1295 1411 1438 1464 ipsum

101 1469 284 1524 egissem
327 1472 369 1510 et
413 1483 488 1523 per
528 1468 719 1509 Drusum
760 1483 883 1522 saepe
924 1471 1220 1523 temptassem3
1268 1483 1350 1522 quo
1391 1469 1438 1509 in

102 1542 254 1583 genere
285 1530 350 1578 tu,
382 1527 564 1581 Antoni,
600 1551 647 1555 ——
683 1541 780 1567 vere
811 1527 963 1580 loquar
996 1551 1048 1555 ——
1079 1541 1300 1580 nunquam
1331 1526 1438 1567 mihi

51 1601 84 1626 25
102 1585 371 1640 percontanti
403 1587 477 1626 aut
509 1584 729 1638 quaerenti
760 1584 920 1638 aliquid
952 1584 1124 1626 defuisti
1163 1588 1204 1625 et
1235 1599 1437 1639 persaepe
1463 1625 1465 1627 .

102 1658 168 1684 me
201 1658 308 1697 quae
341 1644 498 1684 soleres
529 1643 575 1683 in
602 1643 778 1684 dicendo
806 1644 1030 1684 observare
1057 1643 1253 1684 docuisti.
1297 1642 1437 1697 Nunc,

102 1702 304 1756 quoniam
346 1704 525 1755 uterque
571 1704 762 1742 vestrum
804 1701 1008 1755 patefecit
1057 1716 1203 1742 earum
1246 1701 1438 1755 ipsarum

100 1774 243 1801 rerum
284 1759 447 1801 aditum
487 1774 592 1814 quas
633 1759 873 1813 quaerimus
918 1763 960 1800 et
998 1759 1199 1813 quoniam
1238 1759 1437 1814 princeps

102 1816 280 1859 Crassus
313 1817 403 1858 eius
435 1817 642 1858 sermonis
676 1817 865 1858 ordiendi
896 1817 996 1868 fuit,
1034 1818 1130 1858 date
1170 1818 1295 1858 nobis
1328 1818 1437 1859 hanc

49 1892 83 1918 30
101 1876 286 1930 veniam,
322 1878 370 1916 ut
406 1889 456 1916 ea
493 1890 599 1929 quae
637 1875 805 1916 sentitis
844 1876 894 1916 de
933 1875 1049 1916 omni
1087 1889 1239 1930 genere
1272 1875 1439 1916 dicendi

102 1934 317 1988 suptiliter
347 1933 670 1987 persequamini.
722 1933 844 1982 Quod
876 1933 1046 1986 quidem
1078 1933 1114 1974 si
1146 1933 1227 1974 erit
1259 1948 1283 1974 a
1313 1934 1436 1975 vobis

100 1992 390 2046 impetratum,
420 2006 620 2046 magnam
650 1991 836 2046 habebo,
868 1990 1038 2044 Crasse,
1068 1991 1167 2032 huic
1198 1991 1436 2045 palaestrae

103 2053 145 2091 et
175 2050 417 2091 Tusculano
448 2052 524 2090 tuo
558 2050 741 2104 gratiam
773 2052 816 2090 et
845 2049 972 2104 longe
1005 2049 1259 2090 Academiae
1290 2050 1355 2090 illi
1388 2065 1436 2090 ac

1462 1654 1506 1685 98

101 2107 234 2162 Lycio
265 2111 387 2148 tuum
424 2108 506 2149 hoc
537 2108 830 2148 suburbanum
861 2107 1131 2161 gymnasium
1166 2111 1435 2162 anteponam.
1449 2132 1505 2172 22

12 2167 21 2175 ‘
51 2182 84 2207 35
103 2166 211 2207 Tum
241 2165 326 2219 ille,
356 2165 493 2206 Immo
524 2180 642 2217 vero,
672 2165 831 2219 inquit,
863 2164 1038 2219 Sulpici,
1068 2180 1268 2220 rogemus
1301 2166 1435 2206 Anto-

102 2224 233 2278 nium,
265 2223 336 2277 qui
368 2226 411 2264 et
441 2226 584 2277 potest
613 2223 753 2264 facere
785 2223 898 2278 quod
928 2223 1108 2278 requiris
1135 2226 1177 2265 et
1204 2223 1436 2277 consuevit,

103 2285 151 2322 ut
181 2284 223 2323 te
255 2281 380 2322 audio
414 2281 561 2323 dicere.
615 2280 729 2322 Nam
760 2296 827 2322 me
860 2281 1029 2335 quidem
1063 2282 1218 2334 [fateor
1249 2282 1433 2334 semper]

1461 2200 1504 2230 99
