1643 2526
185 111 271 153 366
757 109 952 144 ORATOR

187 209 230 247 et
255 221 363 260 quae
390 208 608 259 secuntur3
640 218 758 258 quae,
788 205 872 245 nisi
899 219 997 245 cum
1026 203 1187 245 tibicen
1212 203 1404 258 accessit,
1435 218 1525 245 ora-

186 264 317 306 tionis
351 266 449 305 sunt
481 263 646 304 solutae
685 263 912 304 simillima.
975 262 1034 303 At
1071 262 1332 303 comicorum
1369 262 1524 303 senarii

186 326 361 377 propter
393 322 717 363 similitudinem
750 321 957 362 sermonis
991 321 1050 361 sic
1079 334 1203 374 saepe
1231 323 1330 361 sunt
1356 320 1525 375 abiecti,

187 384 236 422 ut
275 395 362 421 non
398 394 631 434 numquam
670 379 740 420 vix
779 379 825 420 in
865 379 925 420 eis
962 393 1168 419 numerusv
1203 381 1245 419 et
1281 393 1427 419 versus
1463 378 1526 419 in-

187 439 334 494 tellegi
364 438 514 493 possit.
576 437 668 486 Quo
708 440 773 479 est
815 438 866 478 ad
903 436 1204 478 inveniendum
1236 436 1451 478 difficilior
1479 436 1525 477 in
1561 454 1577 478 5

119 497 381 540 185oratione
406 511 608 538 numerus
636 511 763 550 quam
788 496 834 536 in
853 495 1057 537 versibus.
1101 493 1285 535 Omnino
1311 495 1394 535 duo
1416 498 1527 549 sunt,

189 570 295 610 quae
322 555 523 596 condiant
549 555 799 609 orationem,
830 554 1056 595 verborum
1080 567 1438 606 numerorumque
1465 553 1527 594 iu-

189 614 396 655 cunditas.
458 613 509 654 In
540 613 680 654 verbis
712 613 824 653 inest
857 612 979 666 quasi
1010 611 1189 652 materia
1222 611 1446 665 quaedam,
1481 611 1527 651 in

186 686 364 713 numero
397 674 541 712 autem
572 671 788 725 expolitio.
851 669 932 711 Sed
963 673 1011 711 ut
1044 669 1194 710 ceteris
1225 670 1270 709 in
1301 669 1427 710 rebus
1457 683 1526 710 ne-

121 729 403 772 18sscessitatis
422 730 596 770 inventa
616 729 858 784 antiquiora
879 731 978 769 sunt
998 743 1124 781 quam
1143 727 1410 781 voluptatis[.
1441 727 1524 768 Ita·
1548 745 1580 769 10

190 803 270 843 que
303 791 345 829 et
370 787 616 828 Herodotus
650 790 692 828 et
721 788 866 827 eadem
899 786 1173 840 superiorque
1206 788 1322 826 aetas
1348 799 1524 826 numero

190 846 327 887 caruit
364 846 447 886 nisi
487 846 654 899 quando
692 848 850 886 temere
889 859 937 885 ac
974 844 1174 898 fortuito,
1217 847 1260 884 et
1297 843 1525 897 scriptores

188 908 429 959 perveteres
462 904 511 944 de
542 918 719 945 numero
751 903 859 944 nihil
891 902 1077 956 omnino,
1109 902 1158 943 de
1191 902 1382 942 oratione
1410 916 1527 955 prae-

190 966 314 1017 cepta
332 962 470 1003 multa
488 962 614 1003 nobis
639 961 931 1015 reliquerunt]
959 985 1007 990 —
1031 975 1131 1001 nam
1151 960 1264 1013 quod
1290 962 1332 1000 et
1357 959 1525 1000 facilius

190 1026 255 1062 est
275 1024 318 1062 et
336 1021 473 1075 magis
493 1020 791 1074 necessarium,
810 1019 853 1060 id
868 1034 1032 1073 semper
1052 1022 1149 1059 ante
1171 1018 1446 1073 cognoscitur
1461 1042 1525 1069 —‚
1546 1034 1580 1059 15

120 1080 174 1121 56
188 1080 251 1120 ita
276 1079 485 1120 translata
517 1081 591 1119 aut
622 1079 736 1119 facta
768 1081 840 1118 aut
873 1077 1100 1118 coniuncta
1124 1077 1253 1117 verba
1276 1076 1400 1117 facile
1427 1079 1527 1116 sunt

191 1137 375 1192 cognita,
407 1137 507 1190 quia
538 1137 815 1178 sumebantur
843 1151 864 1176 e
891 1135 1195 1176 consuetudine
1228 1134 1526 1187 cotidianoque

191 1210 395 1236 sermone.
463 1194 677 1235 Numerus
719 1197 862 1234 autem
902 1207 988 1234 non
1028 1194 1153 1233 domo
1198 1192 1526 1246 depromebatur

190 1268 325 1307 neque
362 1253 551 1294 habebat
589 1253 774 1306 aliquam
806 1251 1160 1293 necessitudinem
1198 1254 1271 1291 aut
1307 1250 1524 1305 cognatio-

190 1327 287 1353 nem
326 1326 422 1353 cum
461 1311 664 1351 oratione.
726 1310 876 1364 Itaque
915 1309 1048 1350 serius
1091 1309 1310 1362 aliquanto
1349 1311 1525 1349 notatus
1546 1325 1581 1349 20

191 1373 233 1410 et
260 1370 459 1425 cognitus
481 1369 602 1422 quasi
626 1369 838 1422 quandam
863 1368 1121 1421 palaestram
1148 1369 1190 1407 et
1209 1369 1384 1407 externa
1407 1366 1527 1407 linia-

124 1431 335 1469 187menta
374 1427 558 1468 orationi
591 1427 748 1468 attulit.
811 1426 931 1474 Quod
964 1426 1000 1466 si
1032 1428 1075 1466 et
1106 1428 1289 1479 angusta
1321 1424 1527 1478 quaedam

191 1490 318 1540 atque
339 1486 509 1527 concisa
529 1488 570 1526 et
591 1485 674 1526 alia
697 1488 761 1526 est
787 1484 967 1525 dilatata
992 1487 1035 1524 et
1059 1484 1155 1524 fusa
1181 1483 1331 1536 oratio,
1355 1496 1526 1523 necesse

191 1547 257 1585 est
275 1545 319 1585 id
338 1558 425 1584 non
443 1544 684 1585 litterarum
710 1543 897 1584 accidere
917 1545 1082 1595 natura,
1108 1541 1180 1582 sed
1204 1541 1527 1581 intervallorum

190 1603 418 1657 longorum
444 1605 486 1643 et
514 1602 704 1643 brevium
730 1601 953 1655 varietate,
979 1600 1133 1653 quibus
1158 1599 1378 1652 implicata
1399 1602 1526 1651 atque
1546 1614 1579 1640 25

190 1661 401 1714 permixta
440 1660 577 1700 oratio
617 1659 819 1712 quoniam
855 1662 947 1699 tum
984 1657 1150 1698 stabilis
1189 1660 1254 1697 est
1289 1660 1381 1697 tum
1411 1656 1528 1696 volu-

191 1717 302 1772 bilis,
326 1732 498 1759 necesse
524 1720 589 1758 est
614 1717 704 1758 eius
731 1716 845 1757 modi
870 1719 1067 1756 naturam
1092 1714 1279 1755 numeris
1306 1713 1526 1755 contineri.

192 1776 305 1817 Nam
337 1776 585 1817 circumitus
616 1775 700 1828 ille,
732 1789 857 1827 quem
884 1788 1008 1828 saepe
1035 1773 1121 1813 iam
1154 1772 1349 1826 diximus,
1378 1772 1527 1813 incita-

191 1835 277 1875 tior
318 1848 495 1875 numero
532 1834 625 1887 ipso
663 1833 799 1873 fertur
837 1835 879 1872 et
915 1831 1093 1885 labitur,
1133 1831 1271 1884 quoad
1308 1830 1528 1884 perveniat

193 1893 245 1934 ad
275 1893 404 1933 finem
436 1895 478 1933 et
508 1892 692 1932 insistat.
753 1890 1029 1944 Perspicuum
1067 1892 1132 1929 est
1168 1888 1303 1943 igitur
1339 1887 1526 1929 numeris
1546 1904 1580 1930 30

193 1951 413 1992 astrictam
447 1950 683 1991 orationem
714 1963 805 1990 esse
838 1948 1000 2001 debere,
1032 1961 1173 1988 carere
1205 1946 1409 1987 versibus.

124 2020 189 2050 188
312 2008 394 2049 Sed
430 2008 475 2049 hi
513 2007 678 2048 numeri
715 2006 926 2062 poeticine
965 2006 1051 2046 sint
1089 2019 1142 2046 an
1177 2019 1227 2046 ex
1259 2004 1342 2045 alio
1375 2017 1527 2059 genere

193 2067 377 2120 quodam
426 2066 622 2120 deinceps
667 2069 732 2106 est
779 2064 1014 2105 videndum.
1087 2062 1243 2104 Nullus
1287 2065 1352 2103 est
1394 2061 1528 2117 igitur

130 2143 135 2146 ·
191 2139 392 2166 numerus
426 2128 545 2165 extra
575 2124 785 2178 poeticos,
824 2125 1050 2176 propterea
1081 2121 1193 2175 quod
1225 2120 1528 2161 definita-sunt

194 2197 349 2238 genera
378 2196 663 2223 numerorum.
725 2181 837 2222 Nam
867 2180 1003 2221 omnis
1030 2180 1129 2220 talis
1156 2182 1232 2232 est,
1263 2181 1311 2218 ut
1336 2192 1446 2219 unus
1471 2177 1527 2218 sit
1547 2194 1580 2219 35

193 2255 214 2282 e
246 2241 395 2281 tribus.
457 2239 538 2280 Pes
570 2240 700 2293 enim,
738 2239 809 2293 qui
842 2238 1067 2279 adhibetur
1098 2237 1150 2278 ad
1180 2249 1396 2288 numeros,
1435 2249 1527 2289 par-

193 2299 299 2340 titur
324 2299 369 2339 in
394 2298 490 2353 tria,
521 2300 569 2338 ut
594 2311 764 2338 necesse
792 2296 848 2338 sit
872 2299 1037 2350 partem
1063 2295 1181 2349 pedis
1210 2297 1283 2334 aut
1309 2293 1527 2347 aequalem

429 2395 444 2409 Ὦ
