1643 2526
81 732 114 756 10

84 1023 116 1048 15

83 1315 114 1340 20

84 1606 118 1632 25

82 1897 116 1922 30

83 2188 117 2213 35

518 94 621 130 CAP.
648 98 797 131 81—82.
848 99 867 138 ἓ
894 99 1089 132 277—283.
1387 97 1471 139 297

252 188 296 232 C.
329 188 558 232 Curionem
599 194 661 245 te,
702 190 843 244 inquit
879 190 1058 243 Brutus,
1102 194 1146 233 et
1183 190 1227 234 C.
1259 191 1545 235 Licinium28o

135 247 312 291 Calvum
356 249 543 290 arbitror
587 249 735 291 dicere.
802 248 955 304 Recte,
995 250 1190 306 inquam,
1234 251 1474 307 arbitraris,

135 321 315 362 quorum
353 307 523 362 quidem
561 308 669 349 alter
704 307 768 348 ita
804 307 929 349 facile
962 308 1184 364 soluteque
1216 309 1357 350 verbis
1389 310 1475 351 vol-

134 366 261 407 vebat
287 366 391 407 satis
417 366 632 407 interdum
659 369 818 420 acutas,
850 367 1019 408 crebras
1047 367 1217 421 quidem
1243 371 1356 409 certe
1384 383 1475 409 sen-

134 424 303 478 tentias,
334 427 383 465 ut
412 424 522 465 nihil
552 427 699 479 posset
725 424 917 466 ornatius
950 440 1054 480 esse,
1083 426 1193 466 nihil
1224 427 1473 481 expeditius.

132 482 275 537 Atque
306 482 376 524 hic
406 498 558 537 parum
591 498 614 524 a
646 482 865 537 magistris
902 483 1129 525 institutus
1166 488 1365 526 naturam
1402 485 1475 527 ha-

133 541 228 582 buit
266 541 560 582 admirabilem
599 542 651 583 ad
688 541 929 597 dicendum3
971 542 1230 584 industriam
1260 558 1348 584 non
1379 559 1473 585 sum

133 602 352 654 expertus,
396 600 584 641 studium
623 603 734 641 certe
771 599 866 641 fuit.
928 599 1008 649 Qui
1047 601 1083 642 si
1121 616 1188 642 me
1227 602 1372 643 audire
1404 617 1474 643 vo-

133 658 296 712 luisset,
327 661 375 699 ut
401 661 610 712 coeperat,
641 658 824 700 honores
858 673 986 713 quam
1019 673 1120 714 opes
1154 660 1356 714 consequi
1389 676 1474 701 ma-

133 717 296 757 luisset.
343 716 552 765 Quidnam
573 719 650 770 est,
668 716 821 771 inquit,
849 718 990 759 istuc?
1017 722 1059 759 et
1080 733 1206 772 quem
1226 719 1278 759 ad
1300 719 1473 760 modum

134 775 393 830 distinguis?
427 775 522 816 Hoc
548 775 687 829 modo,
716 775 903 829 inquam.
960 774 1067 817 Cum
1099 776 1236 818 honos
1269 777 1326 818 sit
1356 788 1543 832 prae-281

133 833 268 874 mium
310 833 482 874 virtutis
525 833 682 875 iudicio
727 834 952 888 studioque
994 834 1151 876 civium
1193 835 1381 876 delatum
1423 837 1475 877 ad

134 892 331 946 aliquem,
364 892 436 946 qui
462 906 558 932 eum
584 892 820 946 sententiiS,
852 893 924 946 qui
951 893 1165 948 suffragiis
1192 894 1370 948 adeptus
1397 898 1475 948 est,

132 951 170 991 is
202 950 308 990 mihi
341 953 383 991 et
413 950 618 991 honestus
651 953 693 991 et
725 950 960 991 honoratus
992 951 1171 993 videtur.
1222 951 1303 1000 Qui
1331 955 1475 994 autem

137 1008 359 1050 occasione
391 1008 533 1062 aliqua
568 1008 698 1049 etiam
728 1008 875 1050 invitis
910 1009 996 1050 suis
1030 1010 1192 1051 civibus
1224 1013 1376 1052 nactus
1409 1014 1475 1052 est

134 1067 374 1121 imperium,
404 1070 453 1107 ut
483 1067 556 1107 ille
582 1066 794 1120 cupiebat,
824 1067 938 1108 hunc
967 1082 1123 1108 nomen
1148 1068 1324 1109 honoris
1351 1069 1474 1124 adep-

135 1128 240 1179 tum,
264 1139 351 1166 non
376 1125 584 1166 honorem
609 1128 724 1178 puto.
780 1124 895 1173 Quae
923 1126 959 1167 si
984 1126 1056 1167 ille
1084 1127 1228 1168 audire
1254 1127 1474 1182 voluisset,

135 1198 335 1225 maxuma
372 1198 469 1225 cum
507 1184 648 1238 gratia
685 1186 728 1224 et
761 1184 897 1238 gloria
935 1185 987 1225 ad
1026 1199 1237 1226 summam
1278 1186 1473 1240 amplitu-
1499 1208 1507 1211 -

135 1242 276 1283 dinem
306 1242 588 1296 pervenisset,
626 1242 856 1283 ascendens
896 1243 1098 1297 gradibus
1131 1243 1475 1299 magistiatuum,

135 1304 183 1341 ut
213 1303 335 1354 pater
367 1300 456 1341 eius
488 1299 665 1353 fecerat
702 1303 750 1340 ut
788 1300 940 1354 reliqui
972 1301 1172 1342 clariores
1205 1303 1296 1343 viri
1358 1303 1474 1352 Quae

136 1358 306 1412 quidem
338 1358 467 1399 etiam
499 1372 595 1399 cum
626 1334 672 1398 P.
694 1356 847 1400 Crasso
874 1358 929 1399 Μ.
949 1359 1008 1414 F,
1040 1375 1136 1401 cum
1168 1360 1292 1401 initio
1320 1361 1473 1402 aetatis

136 1417 187 1458 ad
226 1416 459 1458 amicitiam
499 1430 542 1457 se
580 1431 718 1457 meam
757 1417 1026 1472 contulisset,
1069 1433 1193 1472 saepe
1231 1419 1370 1474 egisse
1407 1434 1475 1460 me

135 1475 333 1529 arbitror,
365 1490 460 1516 cum
493 1489 588 1515 eum
614 1474 886 1516 vehementer
910 1475 1118 1530 hortarer,
1142 1479 1191 1516 ut
1217 1491 1311 1517 eam
1336 1477 1474 1518 laudis

134 1534 248 1574 viam
279 1533 562 1574 rectissimam
595 1547 686 1574 esse
718 1534 902 1588 duceret,
940 1549 1067 1588 quam
1099 1534 1281 1575 maiores
1314 1535 1404 1576 eius
1437 1536 1475 1576 ei

137 1591 285 1633 tritam
316 1591 599 1645 reliquissent.
656 1591 762 1632 Erat
789 1592 901 1632 enim
928 1607 1024 1633 cum
1048 1593 1273 1634 institutus
1302 1597 1546 1648 optume282

135 1653 228 1692 tum
259 1649 389 1691 etiam
420 1649 606 1704 perfecte
631 1649 840 1704 planeque
867 1651 1070 1705 eruditus,
1100 1651 1322 1705 ineratque
1349 1655 1391 1692 et
1415 1653 1476 1693 in-

137 1708 309 1763 genium
346 1708 450 1749 satis
489 1722 584 1749 acre
622 1711 664 1749 et
703 1708 909 1750 orationis
949 1723 1038 1750 non
1077 1709 1296 1764 inelegans
1336 1711 1476 1766 copia,

134 1769 436 1820 praetereaque
470 1766 559 1807 sine
596 1767 843 1822 arrogantia
879 1767 1021 1822 gravis
1054 1782 1145 1809 esse
1177 1768 1402 1809 videbatur
1434 1772 1476 1810 et

137 1824 227 1865 sine
259 1824 442 1879 segnitia
472 1825 744 1866 verecundus.
807 1824 889 1866 Sed
920 1825 1032 1867 hunc
1058 1841 1225 1880 quoque
1253 1827 1477 1868 absorbuit

137 1885 279 1923 aestus
307 1859 496 1936 ²3quidam
537 1883 737 1924 insolitae
788 1883 1129 1925 adulescentibus
1175 1884 1354 1939 gloiiae3
1404 1885 1475 1939 qui

137 1940 237 1994 quia
272 1943 452 1982 navarat
488 1940 609 1982 miles
649 1955 821 1995 operam
861 1941 1129 2007 imperatoii,
1171 1943 1476 2008 imperatorem

137 2013 180 2039 se
222 1998 370 2039 statim
413 2013 504 2039 esse
548 1999 764 2054 cupiebat,
808 2000 875 2041 cui
920 2000 1084 2041 muneri
1128 2015 1220 2042 mos
1265 2001 1476 2042 maiorum

137 2059 322 2097 aetatem
367 2059 544 2111 certam,
588 2061 747 2099 sortem
786 2058 994 2099 inceitam
1031 2058 1214 2112 reliquit.
1277 2059 1346 2100 Ita
1384 2074 1477 2115 gra-

136 2114 326 2156 vissumo
360 2129 436 2156 suo
470 2129 582 2169 casu,
613 2116 713 2157 dum
740 2115 841 2170 Cyri
873 2119 916 2157 et
939 2116 1172 2158 Alexandri
1204 2117 1356 2158 similis
1384 2132 1475 2158 esse

135 2173 290 2224 voluit,
322 2173 395 2226 qui
427 2187 550 2214 suum
581 2188 751 2215 cursum
782 2177 1142 2229 transcuimrerant
1180 2178 1222 2216 et
1252 2175 1298 2215 L.
1333 2175 1475 2217 Crassi

136 2234 179 2272 et
201 2231 436 2272 multorum
456 2230 708 2273 Crassorum
726 2232 925 2274 inventus
946 2236 1012 2274 est
1031 2233 1354 2274 dissimillimus.
1393 2232 1498 2274 Sed

136 2289 189 2330 ad
221 2287 400 2331 Calvum
440 2313 489 2318 —
531 2288 568 2330 is
607 2289 720 2331 enim
755 2290 880 2332 nobis
919 2294 1010 2332 eiat
1046 2291 1295 2345 propositus
1327 2315 1381 2320 -
1414 2305 1476 2332 re-

1490 2209 1545 2250 82

1479 2277 1545 2308 283
