1643 2526
113 384 157 414 85

182 102 269 143 244
758 103 945 139 BRUTUS

183 198 362 251 denique
403 197 484 238 etsi
524 198 693 252 utrique
729 199 909 254 primas,
948 199 1111 253 priores
1154 201 1298 240 tamen
1338 199 1521 241 libenter

184 255 378 297 deferunt
416 255 574 297 Laelio.
637 256 726 298 Nec
765 257 870 298 mihi
910 260 1149 298 ceterorum
1185 258 1343 299 iudicio
1382 258 1521 299 solum

183 315 361 368 videtur,
402 315 475 355 sed
516 315 645 356 etiam
684 315 876 369 ipsorum
913 316 1026 356 inter
1062 315 1179 369 ipsos
1220 331 1424 357 concessu
1459 317 1522 357 ita

185 373 397 413 tributum
422 372 566 413 fuisse.
611 373 718 414 Erat
745 374 918 414 omnino
946 377 1038 414 tum
1064 388 1169 428 mos,
1200 378 1248 415 ut
1273 374 1318 415 in
1343 375 1519 429 reliquis

184 431 311 472 rebus
332 430 495 485 melior,
515 431 575 472 sic
595 431 640 472 in
659 431 740 473 hoc
759 432 852 486 ipso
873 432 1112 485 humanior,
1136 435 1185 472 ut
1204 432 1351 474 faciles
1379 437 1520 474 essent

112 491 169 531 22
183 489 229 530 in
248 504 371 530 suum
392 489 542 543 cuique
568 489 805 530 tribuendo.
855 489 1063 531 Memoria
1082 493 1206 531 teneo
1229 490 1433 545 Smyrnae
1453 506 1520 532 me

116 1026 160 1056 Sss

119 1783 162 1813 87

184 563 235 588 ex
258 547 304 588 P.
324 547 489 588 Rutilio
509 548 623 588 Rufo
645 548 869 603 audivisse,
894 563 990 589 cum
1017 549 1175 590 diceret
1202 549 1520 591 adulescentulo

185 621 228 647 se
268 606 490 661 accidisse,
527 610 574 647 ut
613 621 663 647 ex
702 610 872 647 senatus
912 608 1108 648 consulto
1141 607 1185 648 P.
1220 606 1363 661 Scipio
1396 611 1438 649 et
1469 608 1520 649 D.

184 664 362 719 Brutus,
406 667 454 705 ut
496 664 665 719 opinor,
703 665 898 706 consules
937 666 986 706 de
1025 680 1069 706 re
1109 666 1244 707 atroci
1281 681 1521 721 magnaque

184 726 446 776 quaererent.
491 722 604 763 Nam
631 738 726 764 cum
756 723 803 763 in
834 723 941 764 silva
970 722 1058 764 Sila
1089 724 1203 765 facta
1234 725 1381 766 caedes
1408 728 1520 766 esset

184 781 360 834 notique
403 780 597 821 homines
642 781 857 822 interfecti
899 782 1303 836 insimulareturque
1347 783 1522 837 familia,

186 839 343 893 partim
375 839 505 879 etiam
540 839 663 879 liberi
703 839 921 880 societatis
960 840 1069 893 eius,
1108 856 1213 895 quae
1250 841 1433 895 picarias
1471 842 1521 882 de

186 898 232 938 P.
266 895 464 938 Cornelio
496 897 542 937 L.
569 897 778 938 Mummio
812 899 1059 939 censoribus
1092 899 1354 953 redemisset,
1385 899 1523 941 decre-

186 955 297 996 visse
331 959 538 1010 senatum,
569 959 617 996 ut
650 956 699 997 de
732 971 780 997 ea
811 971 855 997 re
883 960 1190 1011 cognoscerent
1216 961 1258 998 et
1285 961 1522 999 statuerent

188 1014 394 1055 consules.
457 1012 640 1055 Causam
670 1029 748 1068 pro
774 1015 1014 1068 publicanis
1040 1019 1249 1070 accurate,
1279 1019 1327 1056 ut
1358 1031 1523 1070 semper

187 1072 339 1113 solitus
373 1075 497 1126 esset,
529 1072 829 1127 eleganterque
856 1073 1012 1114 dixisse
1038 1073 1242 1114 Laelium.
1294 1072 1407 1115 Cum
1428 1089 1524 1116 con-

185 1131 299 1171 sules
337 1145 381 1171 re
419 1130 565 1171 audita
601 1130 853 1172 AMPLIUS
893 1132 941 1172 (16
981 1132 1147 1172 consilii
1187 1133 1400 1173 sententia
1430 1147 1524 1186 pro-

186 1189 514 1243 nuntiavissent,
529 1189 675 1242 paucis
695 1189 962 1243 interpositis
984 1190 1132 1230 diebus
1152 1190 1309 1231 iterum
1328 1190 1523 1231 Laelium

188 1248 324 1288 multo
357 1247 605 1302 diligentius
637 1247 872 1301 meliusque
905 1248 1060 1289 dixisse
1098 1248 1338 1302 iterumque
1377 1249 1524 1290 eodem

189 1306 314 1346 modo
348 1321 372 1346 a
403 1305 650 1346 consulibus
681 1320 772 1346 rem
798 1320 889 1347 esse
914 1306 1138 1360 prolatam.
1182 1306 1291 1347 Tum
1316 1306 1522 1362 Laelium,
1544 1326 1558 1349 2

187 1379 285 1406 cum
317 1378 413 1404 eum
441 1363 546 1405 socii
573 1364 745 1405 domum
771 1365 1038 1405 reduxissent
1065 1365 1336 1420 egissentque
1363 1366 1524 1420 gratias

189 1426 230 1463 et
261 1437 313 1463 ne
353 1422 660 1477 defatigaretur
698 1423 953 1476 oravissent,
990 1423 1184 1464 locutum
1222 1438 1312 1464 esse
1356 1424 1436 1464 ita:
1482 1438 1525 1465 se

190 1495 296 1534 quae
326 1480 498 1522 fecisset
523 1480 699 1522 honoris
720 1496 867 1522 eorum
888 1496 1016 1522 causa
1036 1482 1225 1522 studiose
1246 1485 1525 1535 accurateque

188 1539 358 1593 fecisse,
395 1539 468 1579 sed
505 1553 548 1579 se
587 1539 788 1580 arbitrari
827 1554 999 1581 causam
1036 1540 1155 1580 illam
1194 1555 1218 1581 a
1256 1539 1343 1581 Ser.
1377 1539 1526 1594 Galba,

190 1598 303 1652 quod
334 1598 371 1637 is
403 1597 448 1637 in
485 1597 661 1638 dicendo
701 1598 887 1638 atrocior
926 1597 1146 1651 acriorque
1184 1600 1314 1652 esset,
1353 1599 1524 1653 gravius

189 1659 232 1696 et
281 1655 573 1696 vehementius
629 1669 755 1708 posse
805 1655 983 1696 defendi.
1063 1655 1215 1709 ltaque
1272 1657 1525 1697 auctoritate

191 1712 234 1754 C.
279 1713 398 1753 Laeli
446 1713 699 1767 publicanos
750 1728 922 1754 causam
972 1713 1174 1754 detulisse
1225 1714 1277 1754 ad
1328 1713 1527 1769 Galbam3

190 1772 312 1812 illum
352 1774 512 1825 autem,
551 1771 663 1824 quod
702 1771 740 1811 ei
777 1771 867 1811 viro
901 1771 1211 1812 succedendum
1249 1775 1378 1826 esset,
1415 1787 1527 1814 vere-

191 1830 324 1871 cunde
357 1832 399 1870 et
425 1829 671 1870 dubitanter
696 1829 916 1882 recepisse.
967 1829 1112 1871 Unum
1139 1830 1260 1884 quasi
1287 1845 1528 1885 comperen-

192 1889 362 1929 dinatus
395 1887 581 1928 medium
613 1887 725 1928 diem
756 1887 906 1941 fuisse,
938 1903 1063 1942 quem
1095 1891 1237 1929 totum
1270 1888 1452 1930 Galbam
1482 1889 1528 1930 in

192 1946 497 1988 consideranda
529 1960 658 1987 causa
689 1946 1063 2000 componendaque
1101 1947 1313 2002 posuisse,
1352 1950 1394 1988 et
1433 1962 1529 1989 cum

193 2004 452 2059 cognitionis
480 2004 568 2044 dies
596 2007 708 2045 esset
735 2007 777 2044 et
803 2005 891 2057 ipse
917 2004 1107 2045 Rutilius
1134 2008 1289 2060 rogatu
1316 2006 1528 2047 sociorum

194 2063 366 2103 domum
399 2062 451 2102 ad
484 2061 665 2103 Galbam
697 2077 820 2102 mane
852 2062 1050 2117 venisset,
1081 2066 1129 2103 ut
1161 2078 1257 2104 eum
1283 2064 1530 2105 admoneret

195 2124 237 2162 et
265 2121 316 2161 ad
343 2120 508 2160 dicendi
535 2123 703 2174 tempus
731 2121 969 2174 adduceret,
1000 2136 1133 2174 usque
1159 2122 1294 2176 illum,
1326 2123 1465 2176 quoad
1492 2123 1530 2163 ei

193 2179 439 2220 nuntiatum
466 2181 578 2219 esset
598 2179 792 2219 consules
820 2178 1096 2233 descendisse,
1123 2180 1321 2221 omnibus
1348 2181 1529 2222 exclusis

195 2239 529 2279 commentatum
549 2237 593 2276 in
614 2237 795 2290 quadam
815 2237 1026 2278 testudine
1048 2252 1144 2278 cum
1171 2238 1301 2279 servis
1326 2238 1530 2280 litteratis

195 2296 340 2350 fuisse,
366 2309 546 2349 quorum
567 2295 639 2335 alii
660 2294 774 2335 aliud
800 2295 959 2336 dictare
986 2296 1134 2337 eodem
1160 2299 1350 2351 tempore
1377 2297 1530 2338 solitus

1542 744 1574 768 10

1545 1034 1575 1058 15

1546 1616 1579 1641 25

1547 1907 1581 1931 30

1550 2196 1582 2221 35
