1643 2526
159 116 312 150 LXVIII
581 116 860 152 ADNOTATIO
887 116 1084 152 CRITICA.

154 222 298 265 poetica
322 225 354 256 et
378 221 405 255 L
425 223 587 266 poeticae
613 221 770 265 Goeller,
796 221 882 256 incl.
902 221 1000 256 Jahn
1027 242 1068 246 —
1097 225 1151 256 17.
1172 222 1410 266 prudentium
1433 231 1496 256 no-

160 271 258 302 tatus
282 267 411 302 malim
437 268 558 303 Fleck.
588 272 664 311 111,
685 272 752 303 858
791 289 834 294 —
873 273 928 304 31.
960 269 1065 303 nulla
1090 268 1122 301 A
1154 289 1198 293 —
1229 273 1284 302 33.
1311 272 1345 302 et
1369 278 1439 302 om.
1464 267 1499 301 A

160 335 205 339 —
231 315 290 349 illi
312 314 345 348 A
370 316 442 359 ipsi
466 316 494 349 L
519 316 578 350 illi
602 316 675 360 ipsi
700 315 832 360 Stangl
862 336 907 341 -—
939 316 1127 358 affirmant
1151 314 1184 348 A
1215 335 1258 340 —
1292 314 1330 350 P.
1358 317 1436 349 365.
1463 319 1496 349 3.

161 363 275 395 omnis
292 363 432 406 9eneris
451 363 610 396 orationi
626 362 660 396 A
678 364 776 397 omni
793 374 917 408 qenere
935 363 1111 397 orationis
1135 361 1162 395 L
1176 360 1234 406 (E)
1261 381 1304 386 —
1331 365 1362 396 6.
1383 362 1498 396 omnis

159 407 193 441 A
217 419 335 442 omnes
359 408 387 441 L
413 419 610 444 communes
635 408 775 444 Manui.
814 429 855 434 —
897 413 949 444 10.
989 413 1039 443 est
1064 408 1089 442 C
1121 410 1168 443 sit
1192 407 1318 442 Lamb.
1359 428 1402 433 —
1443 411 1495 442 12.

159 465 283 499 genere
309 456 385 499 ipso
412 455 568 489 Schuetz
606 476 650 480 -—-
687 458 729 490 in
753 457 910 500 quadam
940 456 1044 490 Bake
1075 456 1231 500 quadani
1263 454 1422 489 Schenkl
1453 474 1497 479 —

162 502 294 536 lumine
318 501 420 536 Bake
447 504 688 537 concinnitate
715 502 876 537 Schenkl
913 523 954 527 —
992 506 1043 537 13.
1075 503 1163 537 siti-e
1189 500 1344 535 Schuetz
1372 522 1413 526 —
1443 505 1496 535 16.

161 559 211 582 an
235 559 308 583 non
334 548 365 581 A
403 569 446 574 -
487 553 538 584 18.
578 561 684 594 quam
708 549 741 582 A
770 570 817 574 —
848 550 888 584 id
912 550 1053 594 quidem
1080 549 1274 591 finitimum
1299 559 1370 582 om.
1395 547 1429 581 A
1455 568 1496 572 —

162 598 217 628 24.
255 595 404 630 Indicat
433 595 462 628 P
500 616 543 622 —
581 597 746 640 iniquum
784 597 935 639 (inicum
972 596 999 629 F
1038 597 1187 630 inicium
1223 594 1265 637 P)
1302 599 1353 629 est
1387 594 1415 629 L
1453 614 1497 619 —

162 644 218 674 25.
245 643 387 677 accidat
405 641 470 676 Af
491 643 626 678 accidit
644 642 671 675 L
698 663 741 668 -
768 647 823 677 31.
850 647 983 677 remota
1001 642 1090 686 L(f)
1117 662 1160 666 —
1185 642 1328 677 videtur
1345 641 1498 675 Wesen-
1536 663 1538 665 -

161 687 253 731 berg
279 709 321 713 —
349 693 403 723 33.
430 700 486 723 eos
510 689 543 723 A
579 709 623 714 -
659 693 714 724 35.
741 690 841 734 apud
865 691 946 724 illos
969 689 1003 722 A
1027 709 1072 714 —-
1099 689 1158 723 ille
1183 688 1210 722 L
1250 709 1291 713 —
1327 692 1382 723 36.
1410 689 1498 732 quin

160 733 188 767 L
205 734 251 778 (f)
279 755 322 759 —
347 740 521 770 senectute
546 735 571 770 C
597 740 736 771 senecta
760 735 879 770 Bothe
905 757 949 761 —-
976 735 1015 770 P.
1042 739 1120 770 366.
1149 739 1179 769 5.
1206 735 1300 779 quod
1317 735 1351 768 A
1375 746 1443 779 quo
1472 735 1496 768 L

161 801 206 806 -
235 781 313 826 Quo
420 783 578 817 versibus
603 793 672 817 om.
699 782 859 817 Florent.
881 782 992 827 Magl.
1013 782 1065 815 VI
1086 786 1163 824 185,
1189 781 1274 815 incl.
1296 780 1430 826 Stangl
1454 801 1497 806 ——

163 831 194 862 7.
227 829 383 863 condant
407 829 440 862 A
476 849 520 854 —
561 832 611 863 10.
655 830 852 873 uoluptatis
885 828 910 863 C
943 828 1026 863 add.
1062 828 1140 863 cod.
1172 827 1296 862 mutili
1326 827 1497 872 interpol.

164 873 380 918 aliquotque
412 874 566 919 integri:
605 877 656 909 ita
683 880 715 910 et
739 878 779 910 in
804 877 871 910 liae
901 887 938 910 re
969 876 1102 910 accidit
1125 879 1167 909 ut
1195 876 1318 910 multis
1347 875 1500 910 saeculis

162 925 244 955 ante
264 923 381 957 oratio
399 922 501 956 nuda
523 934 565 957 ac
584 923 687 957 rudis
707 923 755 957 ad
774 923 865 957 solos
884 923 1087 957 animorum
1110 932 1234 956 sensus
1254 922 1500 965 exprimendos

162 968 275 1009 fuerit
293 973 433 1013 reperta
453 980 559 1013 quam¹
584 970 679 1003 ratio
704 980 931 1004 numerorum
957 980 1069 1004 causa
1093 969 1336 1003 delectationis
1354 969 1500 1003 aurium

163 1016 366 1060 excoqitata
395 1036 432 1040 —
461 1017 515 1050 ita
539 1015 757 1059 Heerdegen
786 1037 830 1040 —
859 1020 911 1050 12.
937 1016 1077 1060 placuit
1100 1014 1133 1048 A
1159 1036 1199 1040 —
1228 1015 1376 1059 quanda
1398 1014 1432 1048 A
1455 1035 1499 1040 ——

163 1062 292 1106 Itaque
320 1090 327 1096 .
344 1089 371 1097 ..
398 1063 620 1106 reliquerunt
644 1061 728 1096 inc-1.
757 1061 888 1106 Stangl
921 1083 962 1087 —
998 1065 1049 1096 15.
1081 1062 1184 1096 semel
1208 1061 1240 1094 A
1272 1082 1315 1086 —
1352 1065 1405 1096 16.
1430 1062 1499 1096 ita-

164 1119 229 1153 que
257 1107 281 1142 C
308 1110 361 1143 ita
387 1108 517 1152 scripsi
554 1129 599 1134 —
637 1110 761 1143 iuncta
787 1109 830 1151 L;
865 1108 926 1143 cfr.
955 1108 1000 1142 de
1026 1119 1075 1142 or.
1102 1108 1154 1141 ΙΙΙ
1181 1111 1257 1150 154,
1283 1109 1359 1151 top.
1386 1111 1430 1143 38
1456 1129 1499 1133 —

168 1158 219 1189 18.
260 1156 363 1189 modo
402 1154 426 1189 C
463 1156 565 1190 domo
602 1155 733 1189 Petrus
765 1154 962 1189 Victorius.
1012 1154 1115 1189 Idem
1152 1165 1251 1188 error
1289 1158 1349 1196 16,
1375 1158 1415 1189 31
1444 1154 1498 1196 M;

166 1204 221 1243 67,
244 1204 262 1235 7
285 1201 325 1241 C;
354 1205 433 1245 213,
455 1205 498 1236 30
519 1203 546 1236 Ε
574 1222 617 1226 -
644 1206 698 1236 21.
726 1206 880 1237 eaetrema
903 1202 927 1236 C
954 1206 1100 1236 eJterna
1120 1200 1266 1245 seripsi3
1293 1200 1357 1235 cfr.
1377 1200 1499 1236 Fleck.

167 1253 244 1291 121,
270 1253 333 1283 146
360 1248 420 1292 (de
447 1248 517 1283 inv.
545 1249 560 1282 Ι
587 1253 630 1283 32
665 1251 846 1284 extraneis
877 1249 1107 1292 ornamentis)
1145 1268 1188 1272 —
1226 1251 1280 1282 23.
1313 1248 1448 1290 diffusa
1473 1247 1500 1281 L

164 1315 211 1320 —
237 1299 292 1330 24.
318 1297 477 1340 accipere
502 1295 534 1329 A
559 1296 721 1331 accedere
746 1295 772 1328 L
798 1297 980 1331 accredere
1000 1294 1045 1329 Ο1
1071 1295 1231 1330 accidere
1250 1293 1305 1328 ed.
1325 1293 1429 1329 Rom.
1456 1315 1500 1320 —

164 1346 319 1376 naturae
338 1342 365 1375 L
392 1362 435 1366 ——
462 1346 516 1376 25.
545 1343 746 1388 longiorum
764 1342 797 1375 A
816 1362 861 1367 -—
879 1346 912 1377 et
931 1343 1060 1386 quibus
1077 1341 1111 1374 A
1138 1361 1177 1366 —-
1206 1344 1261 1375 26.
1276 1342 1452 1385 permissa
1469 1341 1502 1375 A

161 1390 335 1433 permista
362 1388 390 1423 O
430 1408 473 1414 —
512 1392 567 1423 27.
605 1394 647 1424 ut
676 1393 847 1423 naturam
879 1388 912 1422 A
947 1409 992 1414 —-
1030 1392 1085 1422 32.
1122 1388 1153 1422 ii
1176 1386 1210 1420 A
1233 1388 1266 1422 ei
1289 1387 1316 1420 L
1340 1388 1379 1422 hi·
1404 1401 1431 1421 ω
1458 1408 1500 1413 -

166 1440 219 1469 37.
248 1437 289 1470 in
315 1437 387 1470 tria
414 1446 483 1470 om.
509 1435 542 1469 A
573 1456 616 1460 ——
649 1435 687 1470 P.
715 1440 792 1470 367.
821 1440 851 1470 2.
883 1445 1029 1479 sequens
1052 1434 1085 1468 A
1109 1435 1226 1478 sesqui
1249 1433 1277 1468 L
1302 1435 1502 1479 sesquiplex

164 1482 314 1516 Ascens.
349 1503 391 1507 —
424 1486 456 1516 8.
489 1483 584 1527 quod
608 1483 828 1517 uehementer
851 1486 901 1517 est
925 1482 952 1514 L
979 1502 1020 1506 —
1052 1485 1104 1515 13.
1131 1482 1309 1525 coynoscit
1332 1480 1436 1515 POf
1458 1501 1500 1506 —

167 1534 220 1563 15.
247 1530 350 1574 lonye
374 1529 537 1562 Kraffert
562 1549 606 1554 —-
636 1532 687 1563 18.
715 1530 881 1573 anapesti
904 1528 936 1562 A
963 1527 1016 1571 (in
1034 1538 1125 1571 mrg.
1152 1528 1347 1570 anapertc)‚
1372 1527 1390 1560 f
1411 1538 1500 1562 ana-

159 1580 289 1620 paesta
309 1577 335 1609 L
363 1576 595 1620 anapaestica
616 1575 644 1608 E
672 1576 895 1619 anapesticos
914 1574 987 1608 Erl.
1015 1577 1229 1617 anapaestos
1254 1583 1343 1607 corr.
1364 1572 1383 1606 f
1402 1584 1499 1608 man.

165 1621 352 1656 recentiss.
381 1642 424 1646 --
454 1625 506 1655 19.
535 1622 676 1666 lcqendo
702 1621 791 1654 APl
817 1621 977 1666 eliqendo
1003 1619 1028 1654 C
1055 1640 1098 1644 —-
1133 1622 1187 1653 20.
1215 1630 1257 1654 ea:
1282 1619 1315 1653 A
1339 1621 1380 1654 in
1403 1619 1431 1653 L
1457 1641 1501 1645 —

166 1673 220 1703 22.
247 1670 452 1713 insequente
471 1668 503 1701 A
521 1688 563 1692 --
583 1669 780 1702 sentcntiae
800 1678 869 1702 om.
884 1667 911 1700 L
932 1687 976 1691 —
995 1668 1116 1711 itaque
1135 1665 1162 1699 L
1189 1686 1232 1690 —
1259 1669 1314 1700 26.
1341 1668 1503 1701 animum

165 1716 339 1750 aduersus
357 1715 391 1748 A
409 1715 703 1749 animaduersum
722 1714 749 1747 L
773 1735 814 1739 —
841 1718 894 1748 31.
917 1714 1124 1758 anzbz‘yuum
1143 1712 1175 1746 A
1193 1713 1351 1747 iambum
1371 1713 1503 1757 Stangl

167 1783 210 1787 —
236 1765 291 1796 32.
324 1762 483 1797 orationi
507 1760 535 1794 L
565 1761 711 1796 Oratori
734 1761 763 1794 P
795 1781 840 1786 —
872 1764 926 1795 33.
958 1761 1099 1802 ratione
1123 1759 1156 1792 A
1179 1760 1259 1801 sieri
1283 1764 1324 1794 ut
1348 1761 1380 1794 is
1404 1759 1432 1793 L
1459 1781 1501 1785 —

165 1810 326 1844 veritatis
346 1819 416 1842 om.
430 1808 463 1841 A
481 1829 525 1832 —
546 1811 601 1842 34.
622 1809 716 1852 quod
736 1806 761 1841 C
777 1807 868 1842 Non.
889 1818 968 1842 cum
988 1805 1072 1840 Ern.
1096 1827 1136 1830 —
1158 1806 1323 1851 dactylus
1347 1805 1394 1840 0¹
1408 1806 1500 1841 Non.

168 1876 211 1880 —
238 1859 292 1890 36.
318 1855 378 1890 sed
399 1855 494 1899 prof.
521 1855 548 1888 L
582 1875 623 1879 ——
656 1854 695 1889 P.
722 1857 799 1889 368.
830 1859 859 1888 1.
893 1864 960 1898 quo
985 1854 1079 1887 enim
1102 1852 1144 1887 A.
1180 1852 1273 1885 Tum
1298 1852 1431 1888 deficit.
1460 1873 1501 1878 -—

167 1907 197 1937 4.
226 1913 375 1947 quorum
396 1902 490 1946 quod
514 1901 734 1945 Heerdegen
758 1900 866 1934 malit
891 1921 934 1925 —
962 1904 992 1934 5.
1020 1903 1195 1934 constaret
1214 1898 1241 1932 L
1267 1903 1398 1934 constet
1415 1899 1501 1934 Ern.

166 1970 210 1974 -—
236 1950 333 1992 fieret
357 1948 384 1981 L
409 1949 489 1991 fieri
514 1947 598 1982 Ern.
625 1968 670 1973 —-
696 1952 726 1982 8.
754 1949 868 1992 etqui
891 1947 918 1980 L
945 1947 978 1981 ei
997 1947 1059 1990 qui
1083 1945 1179 1979 Jahn
1206 1947 1269 1990 qui
1293 1945 1434 1980 Manut.
1458 1966 1502 1971 -

169 2000 221 2030 13.
248 2007 311 2030 nec
337 1997 509 2030 abiectam
535 1994 562 2028 L
593 1999 625 2029 et
650 1995 821 2029 abiectam
847 1993 970 2027 Lamb.
997 2013 1042 2017 —
1074 1996 1127 2027 21.
1160 1993 1221 2026 sed
1246 1991 1273 2025 L
1297 1997 1330 2027 et
1356 1992 1502 2036 Sauppe

168 2063 210 2067 —
243 2044 283 2076 in
309 2043 358 2076 eis
382 2042 409 2075 L
442 2043 482 2076 in
506 2041 592 2076 Ern.
619 2042 776 2076 numeris
802 2039 932 2083 Stangl
971 2059 1014 2064 -—
1051 2043 1105 2074 34.
1144 2040 1298 2073 uitiosus
1321 2038 1366 2072 P¹
1392 2040 1502 2074 icitia-

166 2091 243 2124 sius
264 2088 291 2121 L
318 2108 362 2114 —
387 2088 426 2122 P.
447 2091 526 2123 369.
548 2091 580 2121 5.
606 2092 656 2123 est
673 2087 700 2121 L
727 2098 796 2122 esse
821 2087 876 2122 ed.
897 2087 1001 2121 Rom.
1028 2106 1071 2110 —
1101 2090 1152 2120 10.
1178 2096 1368 2120 numerosa
1385 2087 1503 2121 oratio

166 2135 385 2180 Heerdegen
412 2156 453 2159 —
484 2138 535 2168 18.
562 2136 616 2169 ita
641 2135 667 2168 L
696 2136 815 2178 itaque
841 2134 868 2167 E
890 2133 1007 2167 Rufin.
1034 2152 1078 2156 —
1105 2135 1159 2167 27.
1186 2132 1264 2167 Nec
1281 2143 1366 2167 uero
1383 2133 1503 2167 minus

167 2184 194 2217 L
222 2185 351 2218 minus.
379 2182 455 2216 Nec
477 2192 562 2216 uero
587 2180 806 2225 Heerdegen
832 2201 873 2205 —
901 2184 955 2214 30.
983 2183 1016 2214 et
1039 2179 1067 2212 L
1093 2179 1153 2213 sed
1177 2178 1278 2213 Bake
1305 2198 1347 2203 —
1373 2189 1502 2223 aequa-

169 2231 249 2265 liter
273 2229 300 2262 L
326 2229 562 2273 aequabiliter
588 2227 680 2262 coni.
709 2227 863 2261 Schuetz
895 2247 933 2251 —
961 2229 1015 2260 34.
1049 2227 1089 2259 in
1114 2226 1275 2260 oratione
1301 2226 1339 2259 ei:
1362 2226 1403 2259 in
1427 2236 1502 2260 ver-

167 2278 265 2312 sibus
290 2276 427 2310 malim.
456 2278 534 2318 366,
557 2278 592 2317 6;
626 2273 747 2316 Quint.
775 2274 825 2307 IX
850 2277 882 2316 4,
905 2276 947 2307 60
980 2293 1023 2297 —
1057 2275 1112 2306 37.
1144 2276 1184 2306 ut
1208 2282 1252 2306 ne
1277 2271 1433 2306 Schuetz
1460 2292 1502 2296 —

168 2323 206 2358 P.
234 2327 312 2358 370.
342 2328 371 2357 1.
398 2333 440 2357 ac
463 2323 578 2366 fluens
603 2320 821 2365 Heerdegen
849 2341 892 2345 —
925 2323 956 2354 2.
983 2320 1147 2354 tibicinis
1172 2318 1190 2351 f
1211 2319 1368 2353 tibicinii
1393 2317 1501 2352 Orell.
