1643 2526
162 107 248 148 236
740 107 928 142 BRUTUS

161 202 341 257 imperio
375 202 659 257 abrogaverit,
690 206 738 244 ut
765 218 786 244 e
813 203 984 245 civitate
1016 203 1173 258 regalis
1204 204 1390 245 nominis
1415 219 1500 246 me·

162 261 344 302 moriam
375 261 563 302 tolleret:
607 262 720 314 quod
752 265 865 303 certe
898 261 1010 302 effici
1040 276 1128 302 non
1160 262 1382 317 potuisset,
1418 262 1502 304 nisi

93 330 137 360 54
165 322 278 360 esset
309 319 501 360 oratione
532 333 795 373 persuasum.
847 320 1051 361 Videmus
1076 319 1182 361 item
1206 320 1354 374 paucis
1381 321 1502 362 annis

162 381 262 432 post
292 391 414 432 reges
447 380 636 432 exactos,
674 393 770 420 cum
807 378 950 432 plebes
988 392 1120 432 prope
1152 378 1290 433 ripam
1319 378 1501 420 Anionis

164 436 216 476 ad
241 436 417 477 tertium
443 435 673 477 miliarium
700 436 961 478 consedisset
986 451 1166 490 eumque
1195 439 1398 491 montem,
1428 437 1500 491 qui
1537 454 1555 480 5

165 493 292 535 Sacer
324 494 561 548 appellatus
594 497 671 548 est,
709 495 1013 549 occupavisset,
1043 494 1099 535 M.
1120 494 1341 536 Valerium
1372 495 1503 537 dicta-

164 555 303 593 torem
334 552 510 593 dicendo
545 553 755 594 sedavisse
788 554 1021 595 discordias
1054 553 1175 607 eique
1209 554 1262 594 ob
1290 568 1383 595 eam
1413 568 1504 594 rem

163 610 347 652 honores
381 611 681 664 amplissumos
713 611 885 653 habitos
918 615 961 653 et
994 627 1090 652 eum
1114 611 1303 666 primum
1329 612 1383 653 ob
1411 626 1503 653 eam

162 669 301 722 ipsam
333 684 505 710 causam
530 668 780 710 Maxumum
812 685 902 711 esse
936 670 1207 724 appellatum.
1257 669 1323 711 Ne
1354 669 1400 710 L.
1420 670 1504 711 Va-

163 727 317 768 lerium
349 727 519 781 quidem
549 727 743 769 Potitum
777 729 961 770 arbitror
999 743 1085 769 non
1120 729 1279 782 aliquid
1311 728 1502 782 potuisse
1523 745 1557 770 10

165 786 359 839 dicendo,
399 786 471 839 qui
511 789 611 839 post
652 786 973 827 decemviralem
1010 787 1213 827 invidiam
1252 787 1419 840 plebem
1458 787 1504 827 in

163 847 305 898 patres
342 844 567 885 incitatam
604 844 771 899 legibus
811 848 852 886 et
893 845 1164 887 contionibus
1206 845 1292 885 suis
1334 845 1503 900 mitiga-

94 911 136 942 55
163 902 282 942 verit.
332 901 566 943 Possumus
586 903 775 956 Appium
801 902 1026 945 Claudium
1053 903 1259 958 suspicari
1286 903 1504 957 disertum,

165 960 265 1014 quia
296 963 490 1001 senatum
521 960 695 1001 iamiam
726 961 978 1002 inclinatum
1011 977 1036 1002 a
1066 961 1220 1015 Pyrrhi
1252 976 1355 1015 pace
1386 976 1503 1002 revo-

165 1019 341 1072 caverit3
372 1033 600 1072 possumus
633 1017 677 1060 G.
703 1019 961 1073 Fabricium,
993 1019 1092 1073 quia
1125 1020 1181 1060 sit
1212 1020 1265 1060 ad
1289 1019 1503 1074 Pyrrhum
1524 1035 1556 1061 15

165 1077 213 1118 de
253 1077 432 1131 captivis
471 1077 769 1131 recuperandis
805 1078 960 1118 missus
994 1082 1155 1132 orator,
1200 1078 1261 1118 Ti.
1295 1076 1505 1119 Corunca-

163 1135 301 1189 nium,
342 1135 455 1188 quod
487 1150 537 1176 ex
568 1136 820 1189 pontificum
852 1136 1170 1177 commentariis
1201 1136 1328 1191 longe
1360 1136 1502 1190 pluru-

164 1208 281 1233 mum
317 1193 490 1248 ingenio
523 1194 705 1234 valuisse
738 1195 948 1248 videatur,
991 1193 1058 1234 M'.
1087 1193 1280 1248 Curium,
1318 1195 1430 1248 quod
1466 1194 1503 1235 is

164 1252 361 1292 tribunus
393 1252 529 1305 plebis
562 1252 774 1307 interrege
801 1252 942 1306 Appio
970 1251 1106 1293 Caeco
1139 1252 1298 1293 diserto
1330 1252 1503 1293 homine

166 1309 341 1351 comitia
372 1313 522 1350 contra
552 1310 667 1365 leges
700 1311 896 1364 habente,
928 1325 1024 1352 cum
1056 1311 1105 1352 de
1136 1311 1259 1365 plebe
1287 1311 1504 1352 consulem
1524 1328 1558 1352 20

164 1382 251 1408 non
295 1368 549 1422 accipiebat,
597 1372 739 1422 patres
785 1372 882 1409 ante
926 1372 1121 1410 auctores
1164 1368 1257 1410 fieri
1300 1369 1504 1424 coegerit:

95 1436 138 1465 56
166 1427 278 1480 quod
303 1425 386 1466 fuit
410 1440 690 1481 permagnum
714 1427 904 1468 nondum
929 1427 1022 1482 lege
1043 1427 1212 1468 Maenia
1237 1427 1335 1468 lata.
1382 1427 1506 1468 Licet

165 1484 326 1538 aliquid
358 1484 486 1525 etiam
513 1485 563 1525 de
588 1484 643 1525 M.
664 1484 820 1539 Popilii
850 1486 1024 1540 ingenio
1058 1485 1276 1539 suspicari,
1308 1485 1380 1539 qm·
1407 1500 1504 1526 cum

165 1543 313 1584 consul
351 1546 464 1583 esset
502 1543 731 1597 eodemque
770 1547 962 1598 tempore
998 1544 1253 1585 sacrificium
1283 1543 1503 1597 publicum

164 1615 261 1642 cum
285 1601 408 1641 laena
432 1601 604 1655 faceret,
627 1602 740 1654 quod
760 1606 850 1642 erat
868 1602 1023 1642 flamen
1045 1600 1339 1655 Carmentalis,
1362 1601 1502 1655 plebei
1522 1619 1555 1644 25

164 1662 314 1700 contra
354 1663 496 1712 patres
536 1659 820 1700 concitatione
862 1663 903 1700 et
945 1660 1151 1700 seditione
1194 1659 1411 1714 nuntiata,
1454 1663 1503 1700 ut

164 1720 255 1757 erat
287 1716 410 1757 laena
442 1717 622 1758 amictus
647 1717 709 1758 ita
735 1717 851 1758 venit
882 1718 928 1757 in
959 1718 1202 1758 contionem
1234 1717 1503 1758 seditionem-

165 1789 244 1828 que
283 1789 379 1816 cum
417 1775 672 1816 auctoritate
710 1778 803 1816 tum
841 1775 1033 1816 oratione
1073 1776 1246 1817 sedavit.
1310 1775 1391 1816 Sed
1430 1790 1500 1816 eos

165 1835 354 1874 oratores
386 1833 558 1874 habitos
592 1848 683 1874 esse
709 1836 783 1874 aut
810 1834 981 1874 omnino
1014 1837 1106 1874 tum
1137 1834 1273 1874 ullum
1305 1834 1502 1887 eloquen-

163 1891 248 1932 tiae
288 1891 525 1945 praemium
565 1892 696 1933 fuisse
734 1891 841 1932 nihil
881 1906 980 1932 sane
1013 1892 1119 1932 mihi
1150 1892 1306 1947 legisse
1338 1891 1500 1933 videor:
1520 1910 1554 1934 30

93 1958 136 1988 57
163 1950 461 1990 tantummodo
488 1950 732 1991 coniectura
752 1950 882 1991 ducor
902 1951 954 1990 ad
975 1951 1286 2004 suspicandum.
1331 1950 1501 1991 Dicitur

163 2007 292 2048 etiam
325 2007 368 2049 C.
400 2008 656 2063 Flaminius,
691 2008 728 2049 is
767 2008 838 2062 qui
876 2008 1074 2049 tribunus
1109 2009 1246 2062 plebis
1277 2009 1417 2064 legem
1449 2008 1499 2049 de

163 2079 266 2120 agro
300 2064 464 2107 Gallico
497 2069 538 2107 et
570 2066 726 2107 Piceno
758 2066 919 2107 viritim
958 2067 1185 2108 dividundo
1224 2066 1390 2121 tulerit,
1428 2065 1500 2120 qui

162 2124 310 2165 consul
336 2125 446 2178 apud
472 2123 810 2165 Tarsumennum
837 2125 893 2165 sit
918 2125 1181 2180 interfectus,
1213 2126 1264 2166 ad
1291 2125 1497 2179 populum

160 2181 344 2223 valuisse
376 2181 563 2223 dicendo.
625 2182 671 2231 Q.
704 2183 833 2223 etiam
864 2182 1088 2224 Maxumus
1109 2183 1374 2224 Verrucosus
1407 2197 1497 2223 ora·
1516 2199 1551 2224 35

161 2243 230 2281 tor
260 2240 433 2281 habitus
466 2243 531 2281 est
562 2240 826 2294 temporibus
857 2241 943 2281 illis
976 2245 1018 2282 et
1048 2241 1093 2289 Q.
1114 2241 1325 2295 Metellus,
1357 2241 1392 2281 is
1425 2241 1497 2294 qui

160 2298 273 2339 bello
306 2298 467 2340 Punico
507 2299 689 2340 secundo
728 2314 823 2340 cum
854 2299 900 2339 L.
925 2298 1106 2340 Veturio
1138 2299 1317 2340 Philone
1349 2299 1497 2340 consul
