1643 2526
515 71 614 106 CAP.
643 74 790 105 10-11,
842 74 860 112 g
887 73 1036 104 41-49.
1358 69 1474 110 4352>

109 181 199 208 eam
233 181 322 208 rem
355 181 399 207 se
431 166 519 207 ulla
550 180 594 206 re
628 164 865 220 obligavit?
915 164 966 206 In
1003 165 1085 206 hoc
1125 179 1276 220 genere
1310 167 1448 205 orato-

108 225 226 265 ribus
271 228 314 266 et
350 224 618 279 philosophis
660 237 907 264 concessum
952 226 1034 277 est,
1076 226 1124 264 ut
1161 226 1280 264 muta
1317 223 1447 264 etiam

107 283 349 337 loquantur,
380 285 427 323 ut
459 282 619 323 mortui
651 282 703 322 ab
736 281 882 322 inferis
916 281 1164 334 excitentur,
1196 284 1244 322 ut
1276 281 1449 335 aliquid,

109 342 222 395 quod
264 341 355 381 fieri
404 341 522 381 nullo
566 340 691 381 modo
735 340 889 394 possit,
940 340 1168 395 augendae·
1201 340 1263 380 rei
1308 340 1448 394 gratia

109 400 277 441 dicatur
309 402 383 440 aut
414 399 683 452 minuendae,
715 413 821 451 quae
853 398 1074 452 ὑπερβολὴ
1107 397 1280 452 dicitur,
1311 398 1449 438 multa

109 458 193 499 alia
224 457 448 498 mirabilia.
494 455 575 498 Sed
600 456 728 497 latior
754 459 818 497 est
845 471 1018 510 campus
1045 457 1228 497 illorum.
1272 456 1448 497 Eisdem

108 519 252 557 tamen
283 530 333 556 ex
363 515 482 569 locis,
513 518 561 556 ut
587 518 683 555 ante
710 514 808 569 dixi,
840 518 881 555 et
916 515 996 567 [in]
1029 515 1225 556 maximis
1253 518 1295 556 et
1327 514 1448 555 mini-

109 575 189 615 mis
223 574 302 626 [in]
337 573 659 627 quaestionibus
693 576 944 628 argumenta
976 574 1199 621 ducuntur.

59 707 90 731 10

58 998 90 1021 15

58 1869 91 1893 30

229 631 430 685 Sequitur
480 631 803 672 similitudinem
853 631 1109 685 differentia,
1158 631 1219 672 rei
1264 631 1447 672 maxime

110 690 326 732 contraria
352 690 577 744 superiori3
610 690 682 730 sed
708 692 772 730 est
799 690 986 730 eiusdem
1007 690 1212 730 dissimile
1240 693 1282 730 et
1310 689 1447 730 simile

108 749 308 790 invenire.
369 748 475 789 Eius
503 748 669 803 generis
696 748 799 789 haec
827 752 942 789 sunt:
975 748 1087 802 Non,
1120 763 1245 801 quem
1278 748 1331 788 ad
1362 763 1450 788 mo-

109 807 209 848 dum
230 806 343 860 quod
369 806 536 847 mulieri
563 807 728 860 debeas,
758 809 872 847 recte
897 806 980 860 ipsi
1007 806 1176 847 mulieri
1196 806 1285 847 sine
1306 809 1448 847 tutore

110 868 282 906 auctore
310 865 462 918 solvas,
493 865 610 918 item,
643 864 754 918 quod
779 865 942 919 pupillo
971 868 1044 906 aut
1070 865 1256 919 pupillae
1283 865 1450 919 debeas,

108 926 222 965 recte
253 923 392 977 possis
426 923 574 963 eodem
600 923 725 963 modo
753 923 926 963 solvere.
988 923 1200 977 Deinceps
1226 923 1345 964 locus
1372 925 1449 978 est,

110 981 183 1035 qui
215 996 236 1022 e
269 981 483 1022 contrario
522 981 688 1021 dicitur.
751 980 1073 1022 Contrariorum
1112 984 1255 1022 autem
1294 995 1450 1036 genera

108 1040 250 1094 plura;
282 1054 413 1080 unum
446 1053 605 1092 eorum,
638 1053 744 1092 quae
775 1039 820 1079 in
853 1040 1000 1080 eodem
1032 1054 1185 1094 genere
1216 1040 1450 1094 plurimum

109 1098 322 1151 differunt,
352 1100 400 1137 ut
432 1097 640 1151 sapientia
673 1097 869 1138 stultitia.
931 1098 1094 1139 Eodem
1121 1101 1263 1138 autem
1296 1112 1449 1153 genere

109 1156 324 1209 dicuntur,
362 1155 516 1208 quibus
553 1155 785 1209 propositis
825 1159 1053 1197 occurrunt
1084 1159 1304 1209 tamquam
1336 1171 1357 1197 e
1389 1171 1450 1197 re-

1464 607 1515 648 11

1473 675 1519 707 46

1474 934 1518 964 47

111 1214 236 1268 gione
275 1214 481 1266 quaedam
519 1213 752 1268 contraria,
793 1216 841 1254 ut
880 1214 1088 1255 celeritati
1126 1215 1326 1268 tarditas,
1362 1229 1450 1255 non
1501 1211 1509 1215 ’

58 1291 72 1313 21
111 1271 319 1312 debilitas.
386 1271 453 1311 Ex
491 1271 644 1324 quibus
683 1272 908 1312 contrariis
948 1276 1200 1327 argumenta
1237 1272 1341 1313 talia
1379 1288 1449 1313 ex-

110 1330 260 1370 istunt:
295 1328 340 1370 Si
369 1329 601 1370 stultitiam
626 1329 829 1384 fugimus,
861 1330 1116 1384 sapientiam
1149 1345 1376 1384 sequamur
1407 1333 1450 1371 et

110 1388 367 1441 bonitatem,
398 1387 434 1427 si
465 1387 685 1428 malitiam.
745 1387 875 1441 Haec,
907 1403 1013 1442 quae
1039 1403 1089 1429 ex
1116 1389 1262 1429 eodem
1296 1403 1448 1443 genere

111 1445 325 1487 contraria
364 1448 479 1500 sunt,
517 1446 785 1499 appellantur
824 1447 1009 1488 adversa.
1073 1445 1181 1487 Sunt
1220 1447 1332 1488 enim
1366 1447 1449 1488 alia

112 1503 337 1557 contraria,
356 1518 462 1557 quae
482 1504 696 1557 privantia
716 1504 816 1545 licet
836 1505 1096 1558 appellemus
1110 1504 1275 1559 Latine,
1297 1504 1449 1547 Graeci

112 1562 328 1616 appellant
359 1562 596 1614 στερητικοὲ.
652 1562 903 1627 Praeposito
930 1563 1043 1603 enim
1070 1576 1117 1604 IN
1143 1563 1336 1617 privatur
1360 1578 1450 1604 ver-

111 1621 212 1661 bum
233 1635 282 1661 ea
301 1620 354 1674 vi,
381 1634 507 1673 quam
527 1620 716 1674 haberet,
743 1620 778 1661 si
801 1633 845 1661 JN
864 1622 1159 1675 praepositum
1178 1636 1265 1662 non
1284 1621 1449 1677 fuisset,

111 1678 339 1733 dignitas
366 1678 670 1733 indignitaS,
696 1678 986 1720 humanitas
1013 1679 1380 1734 inhumanitaS,
1407 1684 1449 1721 et

112 1739 253 1777 cetera
285 1737 450 1791 generis
484 1737 689 1791 eiusdem,
728 1751 908 1790 quorum
946 1738 1171 1779 tractactio
1205 1741 1269 1779 est
1302 1715 1448 1779 eadem

112 1808 219 1848 quae
247 1794 524 1847 superiorum,
550 1809 656 1848 quae
684 1795 859 1836 adversa
885 1795 982 1836 dixi.
1030 1796 1140 1836 Nam
1169 1796 1252 1837 alia
1279 1811 1447 1850 quoque

112 1855 211 1892 sunt
243 1851 555 1893 contrariorum
587 1867 752 1906 genera,
790 1853 906 1893 velut
938 1868 998 1907 ea,
1036 1868 1142 1907 quae
1175 1869 1271 1895 cum
1304 1855 1447 1908 aliquo

112 1910 400 1963 conferuntur,
425 1913 473 1950 ut
499 1910 674 1964 duplum
702 1911 914 1965 simplum,
940 1911 1075 1952 multa
1099 1927 1246 1966 pauca,
1271 1913 1448 1967 longum

110 1968 250 2022 breve,
281 1967 417 2008 maius
450 1968 601 2009 minus.
665 1967 773 2009 Sunt
802 1969 930 2009 etiam
962 1969 1038 2010 illa
1068 1970 1188 2011 valde
1222 1971 1448 2025 contraria,

76 2063 79 2065 ,
111 2040 218 2080 quae
251 2026 518 2079 appellantur
548 2026 768 2082 negantia3
801 2042 849 2067 ea
874 2026 1120 2081 ἀποφατικὰ
1148 2027 1319 2083 Graece,
1351 2044 1447 2070 con—

58 2159 91 2184 35

110 2084 243 2125 traria
287 2083 514 2124 aientibus:
566 2083 612 2125 Si
655 2085 735 2126 hoc
779 2088 861 2139 est,
910 2085 1016 2126 illud
1059 2100 1146 2126 non
1189 2090 1263 2127 est.
1335 2086 1445 2135 Quid

112 2142 223 2183 enim
257 2156 361 2195 opus
395 2141 585 2195 exemplo
618 2142 710 2183 est?
759 2143 943 2183 Tantum
974 2144 1266 2199 intellegatur,
1306 2145 1350 2184 in
1382 2160 1445 2185 ar-

111 2203 315 2254 gumento
348 2201 585 2253 quaerendo
624 2201 847 2241 contrariis
882 2202 1080 2243 omnibus
1114 2203 1326 2243 contraria
1356 2217 1444 2243 non

111 2272 344 2299 convenire.

1089 2329 1159 2361 28ss

1474 1458 1520 1489 48

1474 1808 1518 1838 49
