1643 2526
484 97 583 133 CAP.
612 101 761 132 56—57.
811 101 831 139 §
859 100 1054 132 185—191.
1352 96 1435 138 367

101 208 192 235 esse
224 193 348 234 alteri
378 193 491 248 parti
523 195 596 234 aut
628 192 763 233 altero
795 194 917 233 tanto
951 195 1025 233 aut
1057 191 1197 245 sesqui
1229 206 1321 232 esse
1352 206 1440 232 ma-

99 252 246 293 iorem.
308 251 376 292 Ita
406 251 456 292 fit
488 251 675 305 aequalis
708 250 920 304 dactylus,
952 250 1106 304 duplex
1135 250 1323 304 iambus,
1355 265 1438 291 ses-

101 310 272 364 quiplex
303 324 457 364 paean3
489 310 562 363 qui
591 309 718 363 pedes
745 309 789 349 in
816 309 1053 350 orationem
1078 323 1165 349 non
1191 309 1338 350 cadere
1365 308 1438 363 qui

99 368 309 422 possunt?
342 368 497 421 quibus
529 367 673 408 ordine
704 367 856 408 locatis
886 367 998 420 quod
1030 367 1214 408 efficitur
1244 381 1438 408 numero-

64 442 80 467 5
101 441 196 467 sum
228 426 284 466 sit
314 440 485 467 11606336
518 428 593 467 631.
656 424 739 466 Sed
769 426 987 479 quaeritur
1025 439 1108 479 quo
1145 439 1322 466 numero
1362 428 1507 466 aut189

101 485 254 538 quibus
284 484 559 538 potissimum
591 484 647 524 sit
678 484 894 524 utendum.
955 483 1146 525 Incidere
1170 498 1271 524 vero
1299 484 1437 524 omnis

99 542 144 583 in
171 542 408 583 orationem
434 542 563 584 etiam
589 557 639 583 ex
658 542 739 583 hoc
758 542 951 596 intellegi
976 545 1132 596 potest,
1158 543 1270 596 quod
1290 557 1438 583 versus

101 615 226 655 saepe
257 600 303 641 in
334 601 526 642 oratione
557 615 632 654 per
668 600 998 655 imprudentiam
1031 600 1221 642 dicimus.
1283 600 1364 641 Est
1394 600 1438 641 id

99 659 372 700 vehementer
409 659 629 713 vitiosum,
667 659 740 699 sed
776 673 863 699 non
901 659 1159 700 attendimus
1197 673 1333 712 neque
1372 673 1439 699 ex-

50 734 81 758 ιο
102 717 296 758 audimus
328 720 497 758 nosmet
526 717 661 771 ipsos3
693 717 881 758 senarios
913 731 1012 758 vero
1045 720 1088 758 et
1115 717 1438 771 Hipponacteos

100 776 285 830 effugere
305 775 375 816 vix
395 790 639 830 possumus3
671 789 872 830 magnam
893 775 1004 816 enim
1024 778 1191 829 partem
1211 789 1261 816 ex
1280 775 1436 816 iambis

99 837 248 875 nostra
285 837 456 875 constat
494 834 643 874 oratio.
712 832 794 874 Sed
830 836 974 874 tamen
1012 848 1084 874 eos
1124 848 1271 874 versus
1311 834 1438 874 facile

101 892 297 947 agnoscit
329 892 515 946 auditor3
559 895 659 932 sunt
696 892 808 933 enim
842 891 1132 946 usitatissimi3
1173 892 1436 933 inculcamus

101 953 243 991 autem
274 965 349 1004 per
379 950 710 1004 imprudentiam
749 964 874 1004 saepe
907 950 1036 990 etiam
1068 950 1208 990 minus
1241 950 1438 1004 usitatos,

47 1024 80 1049 15
101 1009 173 1049 sed
204 1012 350 1049 tamen
379 1023 542 1049 versus:
575 1008 778 1049 vitiosum
805 1022 938 1063 genus
965 1011 1007 1048 et
1032 1008 1163 1062 longa
1189 1008 1319 1049 animi
1344 1023 1438 1062 pro—

98 1067 261 1108 visione
299 1066 560 1121 fugiendum.
621 1066 767 1121 Elegit
811 1081 862 1106 ex
904 1066 1051 1106 multis
1096 1066 1276 1107 Isocrati
1314 1066 1509 1107 librisl90

99 1125 280 1180 triginta
321 1124 503 1165 fortasse
541 1139 687 1165 versus
724 1124 1013 1178 Hieronymus
1045 1124 1354 1178 Peripateticus
1393 1125 1438 1165 in

98 1183 248 1237 primis
268 1183 438 1236 nobilis,
457 1183 682 1236 plerosque
703 1183 905 1236 senarios,
926 1183 998 1223 sed
1019 1182 1147 1223 etiam
1166 1186 1438 1237 anapaestos3

101 1256 184 1294 quo
223 1241 323 1294 quid
360 1243 505 1294 potest
542 1255 633 1282 esse
671 1241 868 1294 turpius?
917 1240 1013 1281 Etsi
1048 1240 1093 1281 in
1123 1241 1303 1295 legendo
1335 1241 1438 1282 fecit

47 1316 80 1340 20
100 1299 330 1353 malitiose3
360 1299 500 1353 prima
530 1299 643 1339 enim
676 1299 840 1352 syllaba
871 1299 1042 1353 dempta
1068 1314 1118 1339 ex
1142 1299 1281 1353 primo
1307 1300 1437 1340 verbo

101 1357 336 1398 sententiae
367 1359 632 1410 postremum
665 1357 717 1397 ad
750 1357 923 1397 verbum
960 1357 1143 1410 primam
1178 1372 1324 1397 rursus
1358 1357 1439 1411 syl-

99 1415 241 1455 labam
281 1415 474 1455 adiunxit
508 1415 773 1468 insequentis
813 1415 1064 1455 sententiae:
1108 1415 1170 1455 ita
1200 1415 1339 1456 factus
1373 1419 1441 1456 est

101 1476 355 1527 anapaestus
386 1473 424 1513 is
457 1472 529 1526 qui
560 1473 901 1527 Aristophaneus
933 1473 1196 1528 nominatur3
1241 1474 1354 1527 quod
1384 1489 1437 1515 ne

101 1531 264 1572 accidat
309 1531 525 1572 observari
568 1545 645 1572 nec
688 1534 832 1585 potest
874 1545 951 1572 1160
994 1545 1165 1572 11606336
1210 1535 1286 1572 631.
1356 1530 1440 1572 Sed

47 1605 80 1631 25
99 1592 244 1630 tamen
278 1589 349 1630 hic
387 1592 600 1630 corrector
636 1589 681 1629 in
712 1603 761 1630 eo
793 1589 887 1643 ipso
919 1589 1014 1630 loeo
1047 1604 1129 1643 quo
1167 1590 1441 1643 reprehendit

99 1650 148 1688 ut
179 1663 203 1689 a
228 1662 295 1688 me
327 1647 516 1688 animum
549 1647 772 1688 adversum
804 1651 869 1688 est
901 1648 1090 1689 studiose
1120 1647 1361 1701 inquirente
1392 1649 1437 1689 in

101 1720 215 1760 eum,
257 1705 455 1746 immittit
496 1705 742 1759 imprudens
786 1707 877 1760 ipse
918 1706 1143 1746 senarium.
1207 1705 1272 1747 Sit
1303 1706 1437 1761 igitur

99 1764 181 1805 1100
213 1763 432 1818 cognitum
462 1763 507 1804 in
539 1763 691 1804 solutis
724 1764 853 1805 etiam
885 1764 1025 1805 verbis
1062 1764 1202 1805 inesse
1236 1779 1436 1805 numeros

101 1822 353 1874 eosdemque
385 1836 476 1862 esse
509 1822 719 1862 oratorios
753 1822 825 1876 qui
857 1822 943 1863 sint
974 1822 1142 1876 poetici.

49 1896 83 1921 30
221 1878 421 1933 Sequitur
447 1893 548 1934 ergo
568 1882 616 1920 ut
637 1880 709 1933 qui
740 1881 922 1921 maxime
950 1881 1102 1921 cadant
1127 1881 1173 1921 in
1199 1881 1437 1922 orationem

102 1940 248 1991 aptam
272 1937 438 1977 numeri
463 1937 690 1978 videndum
716 1938 783 1978 sit.
835 1937 942 1979 Sunt
968 1939 1081 1979 enim
1109 1938 1180 1992 qui
1205 1939 1437 1980 iambicum

101 1998 270 2048 putent,
311 1995 424 2048 quod
465 1995 520 2036 sit
559 1996 763 2037 orationis
803 1996 1063 2049 simillimus⁷
1108 2012 1190 2050 qua
1228 1997 1277 2037 de
1311 2012 1437 2038 causa

102 2053 267 2094 ratione
322 2053 594 2106 potissimum
642 2057 818 2108 propter
868 2054 1192 2095 similitudinem
1241 2055 1436 2096 veritatis

103 2111 355 2151 adhibeatur
396 2110 443 2150 in
484 2111 659 2164 fabulis,
704 2113 816 2165 quod
854 2112 924 2153 ille
963 2112 1197 2166 dactylicus
1235 2127 1436 2153 numerus

49 2186 82 2210 35
101 2169 445 2210 hexametrorum
500 2170 889 2224 magniloquentiae
952 2171 1008 2211 sit
1064 2171 1435 2212 accommodatior.

102 2227 300 2281 Ephorus
334 2229 494 2280 autem,
529 2226 633 2267 levis
664 2228 756 2282 ipse
789 2231 932 2269 orator
963 2232 1006 2269 et
1037 2229 1252 2282 profectus
1284 2243 1335 2268 ex
1367 2242 1439 2281 op-

102 2285 210 2325 tima
241 2284 483 2339 disciplina,
518 2299 680 2338 paeana
718 2286 909 2339 sequitur
946 2290 1020 2327 aut
1052 2286 1285 2340 dactylum,
1323 2285 1436 2339 fugit

1451 1858 1508 1899 57

1443 1927 1504 1956 191
