1643 2526
161 117 181 155 1
189 115 244 156 36
669 115 732 149 DE
760 114 986 149 ORATORE

155 209 238 251 hoc
271 224 404 265 genus
437 209 701 251 ascribamus
734 209 864 250 etiam
902 208 1170 249 narrationes
1203 209 1494 265 apologorum.

84 268 361 311 265Trahitur
387 267 516 309 etiam
537 267 697 322 aliquid
723 282 774 308 ex
799 267 994 320 historia,
1019 269 1067 308 ut
1092 281 1221 320 quom
1243 266 1335 308 Sex.
1355 268 1494 310 Titius

156 341 201 367 se
229 324 512 367 Cassandram
544 340 634 367 esse
661 325 830 379 diceret,
861 324 1071 378 Multos,
1101 325 1242 380 inquit
1266 325 1495 382 Antonius,

155 399 363 439 possum
391 387 506 425 tuos
533 383 715 425 Aiaces
743 382 915 424 Oileos
940 383 1212 424 nominare.
1257 384 1338 425 Est
1365 385 1494 426 etiam

156 457 207 483 ex
240 442 536 496 similitudine,
574 457 680 496 quae
712 445 786 483 aut
819 441 1105 482 conlationem
1136 442 1266 483 habet
1299 446 1373 483 aut
1403 446 1530 486 tan-5

157 515 284 554 quam
314 500 558 555 imaginem.
620 498 887 541 Conlationis
920 503 984 540 est
1016 502 1065 540 ut
1095 499 1166 540 ille
1201 499 1364 542 Gallius
1391 501 1494 543 olim

156 559 280 600 testis
299 559 346 599 in
364 558 578 612 Pisonem,
603 573 700 599 cum
724 557 1079 599 innumerabilem
1106 557 1251 612 Magio
1277 559 1493 612 praefecto

155 617 381 671 pecuniam
408 617 584 657 dixisset
611 617 753 657 datam
773 616 899 670 idque
921 614 1104 657 Scaurus
1131 616 1340 658 tenuitate
1360 617 1494 673 Magii

156 675 447 730 redargueret:
479 675 654 729 Erras,
684 675 841 729 inquit,
874 673 1076 729 Scauro,
1109 688 1200 729 ego
1234 675 1365 716 enim
1395 675 1494 717 Ma-

157 734 293 787 gium
317 747 416 774 non
443 747 772 774 conservasse
799 732 930 787 dico,
956 733 1040 773 sed
1066 735 1305 786 tanquam
1330 734 1493 775 nudus
1515 752 1549 777 ιο

156 806 310 832 nuces
360 791 574 846 legeret,
622 791 674 831 in
722 794 898 831 ventre
949 790 1247 845 abstulisse3
1296 794 1344 831 ut
1387 792 1494 833 illud

157 849 212 890 M.
253 848 400 890 Cicero
441 864 585 902 senex,
622 848 749 889 huius
787 848 867 889 viri
906 848 1058 902 optimi
1094 849 1232 889 nostri
1269 848 1493 891 familiaris

156 910 295 962 pater,
337 910 544 948 nostros
583 907 812 947 homines
858 906 1052 947 similes
1098 920 1207 947 esse
1253 905 1494 961 Syrorum

156 965 428 1006 venalium:
460 969 514 1006 ut
547 965 758 1018 quisque
787 965 977 1018 optime
1005 963 1194 1006 Graece
1222 965 1397 1020 sciret,
1420 966 1495 1007 ita

85 1033 267 1065 266esse
310 1024 689 1077 nequissimum.
756 1022 892 1064 Valde
937 1026 1080 1063 autem
1129 1023 1322 1064 ridentur
1365 1025 1493 1065 etiam
1515 1042 1547 1068 15

155 1082 383 1136 imagines,
425 1096 531 1135 quae
563 1081 650 1122 fere
688 1081 733 1121 in
766 1080 1082 1121 deformitatem
1124 1084 1197 1122 aut
1238 1081 1284 1121 in
1323 1082 1495 1136 aliquod

156 1140 309 1180 vitium
347 1140 537 1193 corporis
576 1140 788 1180 ducuntur
826 1154 922 1180 cum
962 1139 1239 1180 similitudine
1277 1141 1495 1195 turpioris,

156 1201 205 1238 ut
236 1212 378 1238 meum
414 1198 520 1238 illud
556 1197 602 1237 in
632 1197 833 1238 Helvium
864 1196 1095 1238 Manciam:
1136 1197 1285 1249 [Iam]
1326 1201 1494 1239 osten-

157 1256 265 1297 dam
298 1256 440 1297 cuius
472 1255 605 1296 modi
639 1255 726 1309 sis,
766 1270 862 1296 cum
892 1255 982 1296 ille:
1016 1255 1255 1308 Ostende,
1288 1269 1495 1312 quaeso,

157 1314 445 1355 demonstravi
483 1314 618 1368 digito
655 1314 818 1368 pictum
857 1312 1027 1354 Gallum
1063 1313 1110 1354 in
1140 1313 1333 1355 Mariano
1372 1318 1492 1356 scuto
1513 1333 1547 1359 20

158 1371 372 1413 Cimbrico
405 1372 483 1413 sub
516 1372 651 1413 Novis
690 1372 938 1426 distortum,
975 1372 1110 1413 eiecta
1146 1372 1312 1427 lingua,
1347 1373 1492 1414 buccis

156 1430 408 1485 fluentibus3
451 1430 562 1471 risus
607 1433 672 1471 est
716 1434 972 1471 commotus:
1016 1430 1124 1470 nihil
1168 1433 1257 1471 tam
1300 1430 1493 1472 Manciae

158 1488 295 1529 simile
336 1489 475 1529 visum
516 1491 598 1543 est,
641 1491 689 1529 ut
730 1503 825 1530 cum
865 1488 963 1529 Tito
1004 1488 1176 1528 Pinario
1217 1492 1409 1529 mentum
1448 1489 1494 1530 in

157 1547 333 1588 dicendo
383 1547 666 1600 intorquenti:
718 1546 884 1598 [Tum]
936 1549 990 1587 ut
1039 1546 1231 1587 diceret
1281 1546 1323 1587 si
1374 1547 1493 1600 quid

85 1605 332 1658 267vellet,
370 1604 411 1645 si
447 1619 623 1646 nucem
655 1604 912 1659 fregisset.
973 1604 1118 1644 Etiam
1150 1604 1241 1657 illa,
1279 1619 1385 1657 quae
1417 1605 1492 1646 mi·
1511 1623 1544 1650 25

156 1662 311 1703 nuendi
334 1665 407 1703 aut
428 1663 610 1716 augendi
631 1677 759 1703 causa
779 1662 831 1702 ad
849 1662 1144 1703 incredibilem
1165 1662 1492 1704 admirationem

157 1720 417 1761 ecferuntur:
460 1720 576 1760 velut
620 1723 684 1773 tu,
729 1718 898 1773 Crasse,
937 1719 983 1760 in
1022 1720 1238 1774 contione,
1279 1720 1354 1761 ita
1392 1721 1491 1762 sibi

156 1778 320 1832 ipsum
353 1792 586 1833 magnum
616 1778 780 1818 videri
811 1777 1113 1830 Memmium,
1149 1781 1203 1819 ut
1240 1778 1292 1819 in
1327 1778 1492 1820 forum

157 1836 464 1877 descendens
508 1839 656 1890 caput
700 1836 758 1876 ad
801 1835 1047 1877 fornicem
1090 1836 1370 1878 Fabianum
1414 1837 1492 1878 de-

156 1894 403 1935 mitteret.
476 1895 542 1934 Ex
593 1908 676 1947 quo
721 1908 873 1948 genere
923 1894 1052 1935 etiam
1094 1894 1201 1934 illud
1246 1898 1330 1948 est,
1375 1895 1488 1949 quod
1507 1912 1544 1938 30

157 1951 300 2006 Scipio
345 1952 457 2005 apud
499 1952 796 2005 Numantiam,
838 1966 967 2006 quom
1012 1952 1351 1994 stomacharetur
1394 1968 1491 1995 cum

158 2008 202 2050 C.
245 2009 437 2064 Metello,
487 2010 642 2051 dixisse
694 2010 863 2051 dicitur:
914 2008 965 2051 Si
1010 2010 1241 2063 quintum
1284 2013 1491 2065 pareret

85 2071 316 2109 268mater
361 2068 486 2122 eius,
529 2068 724 2109 asinum
766 2068 926 2108 fuisse
964 2068 1260 2122 parituram.
1322 2069 1491 2124 Arguta

155 2126 286 2166 etiam
312 2126 568 2180 significatio
596 2129 672 2180 est,
698 2141 793 2167 cum
817 2141 949 2180 parva
978 2141 1022 2167 re
1049 2130 1091 2167 et
1117 2141 1241 2181 saepe
1266 2127 1396 2168 verbo
1421 2141 1489 2168 res

155 2184 337 2224 obscura
368 2187 410 2224 et
441 2184 579 2225 latens
610 2184 884 2238 inlustratur,
921 2186 969 2224 ut
1008 2199 1103 2225 cum
1136 2183 1178 2225 C.
1211 2185 1410 2226 Fabricio
1441 2184 1487 2225 P.
1509 2201 1542 2228 35

155 2240 378 2283 Cornelius
404 2241 547 2296 homo,
572 2245 620 2283 ut
646 2242 983 2297 existimabatur,
1010 2257 1160 2283 avarus
1188 2246 1230 2284 et
1255 2243 1390 2298 furax,
1416 2243 1490 2284 sed

154 2300 326 2355 egregie
351 2299 477 2341 fortis
504 2303 547 2341 et
571 2300 708 2342 bonus
735 2300 980 2355 imperator,
1005 2301 1165 2355 gratias
1193 2304 1351 2356 ageret,
1376 2301 1488 2355 quod
