1600 2522
140 98 185 132 Vl
554 94 833 131 ADNOTATIO
860 94 1059 131 CRITICA.

140 202 288 237 Oratore
326 200 545 245 inscriptam
583 199 717 243 coegit.
774 199 845 234 Cfr.
878 198 1012 234 Philol.
1049 198 1214 252 Gotting.
1248 198 1367 250 suppl.
1393 198 1426 232 V
1452 201 1472 231 3

137 250 182 292 (a.
206 250 321 292 1886).
370 248 493 291 Atque
519 247 558 281 hi
583 248 759 291 quattuor
784 246 906 280 fontes
933 245 1186 290 antiquissimi
1205 247 1242 280 et
1259 244 1473 280 verissimae

136 294 309 329 lectionis
342 296 438 329 sunt.
493 293 590 328 Nam
620 293 788 335 mutilos,
825 303 916 336 quos
954 294 1121 345 recentes
1153 292 1363 337 appellant,
1399 302 1475 326 non

137 341 247 375 nimis
281 351 407 375 curare
440 341 627 376 debemus,
684 339 927 374 Confidebant
962 339 1051 374 olim
1084 339 1130 374 iis
1163 338 1331 374 homines
1362 338 1474 380 docti,

139 388 237 431 quod
268 387 440 422 meliores
472 387 586 421 libros
620 388 684 421 aut
716 397 790 421 non
820 386 1010 420 habebant
1036 387 1102 420 aut
1125 385 1360 431 ignorabant.
1409 384 1474 418 Er-

138 435 341 468 furtensem
374 434 472 469 enim
504 445 547 468 ex
578 433 612 467 H
643 435 806 468 correcto
844 433 1109 478 transcriptum
1141 434 1180 467 et
1209 432 1476 476 Erlangensem

140 482 299 515 alterum
334 485 400 516 303
435 483 482 526 (e)
517 481 564 515 ad
595 481 628 514 A
658 479 906 515 revocandum
941 490 1021 514 esse
1058 480 1177 514 multa
1212 479 1353 513 indicia
1390 479 1476 512 sunt

139 527 323 573 (Stroebel
349 527 372 562 1
394 539 423 562 0.
449 540 484 572 p.
507 531 552 562 54
577 529 672 571 etc).
729 526 872 561 Deinde
904 537 986 560 cum
1018 526 1098 561 cod.
1123 526 1156 560 A
1181 526 1311 560 charta
1335 525 1352 559 I
1385 525 1475 560 Tum

142 575 292 610 Catulus
312 595 354 599 —
377 576 448 619 (30)
474 579 561 617 ar,te
587 574 716 608 charta
741 574 774 607 11
801 574 986 609 mediocris
1006 594 1049 599 —
1071 574 1143 617 (39)
1169 574 1322 618 quidem,
1347 572 1476 606 charta

139 621 189 655 111
215 623 429 666 eloquentem
455 643 496 646 —
525 622 597 666 (50)
620 622 828 664 cohortatio,
853 621 983 654 charta
1002 620 1093 653 IV
1077 624 1200 655 serunt
1223 621 1414 655 wolueount
1432 639 1475 644 —

141 670 215 712 (69)
241 670 438 704 tnwadantm
463 667 696 710 contineant,
729 667 858 701 charta
883 667 915 701 V
940 666 1063 702 verbis
1098 668 1159 702 sed
1184 668 1247 712 qui
1272 667 1477 711 pri-marma

139 715 311 760 incipiat:
351 715 442 759 quid
472 715 554 749 luce
587 714 723 749 clarius
756 717 811 748 est
842 725 952 757 quam
978 725 1104 748 omnes
1131 725 1193 748 eos
1219 713 1382 756 codices,
1413 712 1477 756 qui

140 762 207 797 has
235 762 399 807 singulas
434 761 590 806 singulis
623 760 761 795 chartis
794 760 1080 805 comprehensas
1111 762 1236 805 partes
1263 760 1336 794 alio
1365 760 1476 803 atque

140 809 360 853 perturbato
381 808 509 843 ordine
533 808 751 843 continuent
775 807 862 852 (vid.
883 807 1043 843 Ellendt.
1065 808 1119 842 ed
1141 820 1176 852 p.
1200 811 1276 851 133,
1298 809 1376 850 190,
1396 810 1476 849 211,

141 859 228 898 2173
253 855 444 890 Detlefsen
469 855 508 889 in
535 857 604 890 act.
627 866 730 889 conv.
750 854 880 899 philol.
900 854 1054 890 Kiliens.
1077 858 1166 889 1869
1186 866 1221 898 p.
1242 854 1299 898 95)
1326 864 1370 888 ex
1394 853 1476 898 ipso

140 902 189 943 A,
222 913 293 946 quo
324 904 491 946 tempore
522 902 666 947 plenior
697 901 761 936 ille
787 901 936 945 quidem
962 903 1043 936 erat
1068 901 1134 935 sed
1159 900 1380 943 dissolutus,
1414 904 1478 934 aut

142 951 240 983 certe
267 960 311 983 ex
335 948 444 983 huius
471 949 637 983 eiusdem
661 948 717 982 ita
742 948 865 982 affecti
891 948 1029 982 codicis
1050 947 1274 992 quibusdam
1294 946 1477 991 exempla-

142 995 243 1030 ribus
263 996 506 1040 transcriptos
527 999 629 1030 esse?
666 995 707 1029 In
731 995 801 1029 hoc
826 1006 978 1029 numero
1006 996 1092 1029 sunt
1116 994 1206 1039 Lag.
1233 998 1318 1038 2,4‚
1341 997 1394 1036 13,
1415 997 1476 1036 323

143 1041 235 1077 Gud.
268 1047 288 1077 2
322 1044 387 1087 (γ);
424 1042 549 1077 Ambr.
584 1043 611 1076 E
640 1047 682 1076 14
715 1044 752 1076 et
785 1045 868 1083 127ς
907 1041 1010 1077 Bodl.
1050 1041 1187 1076 Canon.
1228 1045 1313 1084 252;
1352 1040 1477 1075 Ottob.

145 1092 233 1123 1259
261 1092 322 1134 (o),
354 1089 433 1124 Pal.
461 1093 551 1123 1476
578 1090 617 1123 et
643 1093 730 1123 1531
758 1088 921 1133 (Giuteri
946 1089 1004 1133 II),
1030 1089 1114 1123 Vat.
1144 1091 1233 1123 1706
1261 1089 1298 1122 et
1325 1090 1414 1122 1707
1441 1088 1479 1122 et

145 1139 246 1171 1697.
296 1136 374 1170 Nec
400 1147 443 1170 ex
471 1135 543 1170 alio
570 1136 672 1170 fonte
697 1135 786 1179 Lag.
807 1140 852 1170 36
876 1135 1024 1170 videtur
1047 1134 1208 1178 fluxisse,
1234 1145 1318 1168 cum
1336 1136 1374 1168 et
1393 1133 1478 1168 aliis

143 1182 236 1217 10013
263 1182 480 1227 saepissime
512 1194 594 1217 cum
623 1183 693 1217 1100
719 1181 845 1217 codiee
870 1182 986 1217 faciat
1011 1183 1049 1217 et
1073 1181 1167 1216 vitio
1193 1181 1341 1224 eodem,
1373 1180 1477 1215 cuius

143 1229 247 1274 origo
286 1240 330 1264 ex
366 1230 398 1263 A
437 1229 516 1263 solo
562 1230 652 1264 satis
695 1229 920 1273 illustretur,
963 1228 1028 1263 ille
1072 1228 1186 1263 etiam
1229 1228 1320 1262 affec
1323 1209 1382 1262 tius
1430 1227 1479 1262 sit

143 1278 191 1321 (p.
216 1280 292 1320 110,
319 1278 388 1319 35).
439 1275 615 1310 Eiusdem
640 1276 788 1320 generis
813 1275 914 1310 Leid.
942 1275 1051 1311 127Β
1078 1275 1131 1321 (l),
1157 1275 1236 1310 Pal.
1259 1278 1347 1309 1473
1373 1274 1478 1319 (Gru-

143 1323 215 1357 teri
233 1323 274 1367 1),
294 1323 424 1367 Regin.
447 1326 536 1358 1516
557 1324 652 1357 sunt.
691 1322 957 1357 Abrincensem
976 1322 1092 1367 igitur
1109 1323 1302 1367 parentem
1319 1332 1478 1366 magnae

143 1381 223 1404 esse
249 1369 414 1404 familiae
434 1369 611 1404 videmus
663 1369 735 1404 Sed
757 1369 787 1403 si
807 1369 998 1413 quaeritur
1017 1369 1115 1404 unde
1134 1371 1209 1404 tres
1234 1368 1323 1403 illae
1349 1367 1430 1403 libr.
1446 1368 1479 1402 Il

142 1419 267 1460 partes
299 1416 486 1460 fluxerint,
525 1420 679 1459 13—18,
712 1421 867 1459 50—60,
900 1420 1103 1460 245-287,
1142 1426 1299 1460 quarum
1330 1415 1478 1450 tertiam

142 1464 192 1507 lg.
214 1467 246 1506 2,
272 1463 356 1497 illas
383 1464 473 1498 duas
499 1463 612 1498 Ρ31.Ι
639 1465 676 1497 et
700 1463 831 1507 Regin.
859 1467 960 1506 1516,
988 1473 1114 1497 omnes
1139 1463 1186 1497 le
1211 1462 1260 1506 lg.
1283 1465 1327 1496 36
1352 1462 1476 1496 Ambr.

144 1511 172 1544 E
189 1514 254 1545 127
280 1512 443 1553 tuentur,
469 1509 583 1544 ceteri
607 1521 689 1544 cum
709 1510 742 1543 A
761 1509 954 1544 omittunt:
981 1512 1023 1543 ut
1047 1509 1134 1544 libri
1159 1509 1176 1542 I
1200 1508 1378 1552 reliquias
1404 1508 1479 1543 alia

143 1557 327 1600 quaedam
359 1556 585 1601 exemplaria
614 1557 669 1591 ita
698 1556 766 1590 has
800 1556 951 1590 easdem
984 1556 1141 1591 alterum
1167 1555 1353 1600 quoddam
1379 1565 1423 1589 ex
1446 1555 1479 1589 A

144 1614 310 1638 servasse
334 1602 536 1637 verisimile
563 1604 629 1645 est,
657 1604 857 1646 antequam
876 1602 936 1637 hic
955 1614 1066 1637 unam
1086 1604 1172 1637 ante
1198 1602 1260 1637 fol.
1282 1602 1298 1636 I
1322 1602 1478 1636 alteram

145 1652 230 1684 ante
249 1649 378 1685 f01.1V
398 1650 490 1684 duas
511 1651 597 1684 ante
616 1650 678 1684 fol.
700 1649 818 1684 XXIV
841 1650 989 1684 chartas
1010 1649 1201 1684 dimittens
1221 1648 1381 1694 priorem
1405 1649 1478 1685 iac-

143 1700 265 1731 turam
290 1698 440 1739 faceret,
466 1698 504 1730 et
529 1696 615 1731 inde
641 1696 724 1731 illos
751 1696 895 1731 codices
923 1697 1101 1731 deductos
1130 1698 1205 1739 aut,
1238 1695 1338 1739 quod
1361 1695 1478 1730 liben-

143 1744 217 1778 tius
242 1744 344 1788 puto,
372 1743 563 1788 suppletos
590 1754 679 1778 esse.
730 1742 827 1777 Nam
851 1743 891 1777 in
917 1754 936 1778 e
963 1746 1000 1778 et
1024 1743 1150 1778 Ambr.
1177 1744 1205 1778 E
1222 1747 1286 1777 127
1315 1744 1478 1777 extremo

142 1790 238 1825 libro
265 1790 313 1825 Ill
341 1790 483 1824 adfixae
509 1792 595 1824 sunt
620 1792 657 1824 et
682 1790 720 1824 in
744 1791 758 1824 1
782 1801 1008 1834 quamquam
1035 1791 1165 1825 eadem
1189 1800 1320 1824 manus
1346 1789 1477 1833 infixit,

142 1839 269 1871 tamen
307 1848 505 1882 compages
541 1836 704 1871 dilucide
736 1837 994 1880 dinoscuntur,
1033 1838 1165 1881 quibus
1197 1836 1316 1871 altera
1346 1847 1477 1870 manus

143 1884 200 1918 bis
215 1884 329 1918 verba
348 1888 400 1919 tea
408 1888 466 1919 tus
478 1896 594 1929 nuper
608 1888 766 1928 repertus
787 1884 995 1929 adscripsit.
1028 1884 1126 1918 Illud
1146 1883 1335 1928 exemplar
1354 1885 1479 1917 autem

142 1930 251 1965 nobis
278 1930 388 1965 hodie
414 1930 586 1975 ignotum
611 1931 840 1974 Florentiae,
879 1931 918 1965 id
950 1931 1048 1975 quod
1073 1932 1184 1966 notae
1210 1930 1259 1965 ad
1283 1931 1478 1966 consolatio

143 1977 269 2022 (1150)
293 1978 480 2013 mediocris
506 1979 579 2022 (30)
607 1998 648 2003 —
675 1978 746 2012 hae
771 1980 897 2022 partes
924 1988 962 2012 se
982 1977 1173 2022 excipiunt
1199 1998 1241 2003 -
1268 1975 1478 2021 adscriptae

142 2023 182 2058 in
207 2024 291 2058 Vat.
321 2028 409 2059 1706
437 2025 474 2058 et
500 2028 589 2059 1707
618 2025 765 2066 docent,
798 2024 944 2059 circiter
976 2035 1069 2059 saec.
1096 2025 1181 2059 XIV
1206 2023 1255 2058 in.
1288 2023 1328 2057 in
1357 2023 1478 2057 lucem

141 2070 289 2106 videtur
313 2070 494 2115 prodisse.
544 2071 599 2105 De
624 2071 775 2115 reliquis
801 2071 955 2115 mutilis,
982 2082 1076 2116 quae
1097 2072 1182 2106 ante
1202 2069 1368 2105 Ellendti
1386 2071 1478 2104 tem-

141 2128 233 2162 pora
265 2117 428 2152 editores
460 2118 706 2161 adhibebant,
745 2120 811 2153 aut
849 2118 942 2153 adeo
982 2128 1102 2170 pauca
1138 2117 1398 2162 comperimus,
1437 2118 1478 2150 ut

141 2163 308 2199 iudicare
334 2164 487 2199 difficile
515 2165 573 2207 sit,
601 2167 665 2199 aut
691 2165 794 2208 talia,
820 2167 862 2200 ut
887 2176 1035 2210 prorsus
1062 2164 1107 2199 iis
1133 2175 1257 2217 supers
1242 2163 1368 2198 sedere
1396 2174 1479 2207 pos-

143 2211 268 2246 simus.
318 2211 447 2254 Neque
469 2222 550 2246 cum
566 2192 837 2256 Hieronymum
854 2211 1111 2256 Lagomarsini
1136 2211 1257 2245 minus
1280 2209 1479 2254 diligenter

143 2269 315 2293 exarasse
341 2268 425 2292 suos
453 2268 497 2292 ex
522 2259 601 2294 cod.
624 2263 667 2293 32
695 2269 739 2293 03
764 2258 978 2302 collatione,
1006 2269 1118 2302 quam
1137 2257 1337 2301 Σπυριδὼν
1357 2259 1478 2301 Βασῆς

141 2304 298 2350 (Vassis)
323 2315 441 2350 nuper
465 2304 504 2339 in
530 2305 589 2340 off.
615 2305 698 2340 libr.
721 2304 889 2350 Ἀνδρέου
909 2304 1116 2350 Καραμήλοι
1140 2303 1297 2339 Athenis
1326 2307 1415 2339 1884
1441 2306 1480 2338 et
