1643 2526
191 137 277 178 254
760 138 949 173 BRUTUS

188 235 349 288 potest:
377 235 477 273 sunt
502 232 615 274 enim
635 235 678 274 et
698 233 804 274 aliae
831 235 874 273 et
898 246 976 286 pro
998 230 1085 273 Ser.
1104 231 1258 273 Fulvio
1286 233 1336 274 de
1361 232 1528 275 incestu

188 291 346 332 nobilis
388 290 537 332 oratio.
606 290 743 332 Nobis
786 291 954 344 quidem
998 290 1141 344 pueris
1184 290 1290 332 haec
1337 291 1527 333 omnium

191 349 354 403 optima
377 349 623 404 putabatur,
649 364 756 403 quae
776 349 845 389 vix
870 349 956 390 iam
983 351 1201 403 comparet
1224 348 1270 389 in
1294 348 1375 391 hac
1400 350 1525 391 turba

123 417 399 449 123novorum
430 407 705 448 voluminum.
760 407 993 461 Praeclare,
1023 407 1165 461 inquit
1197 406 1370 462 Brutus,
1400 410 1525 449 teneo

191 466 263 519 qui
282 466 412 507 istam
425 466 597 507 turbam
610 466 873 507 voluminum
889 465 1085 506 effecerit.
1124 465 1182 506 Et
1196 480 1275 520 ego
1297 465 1525 519 [inquamk
1563 484 1579 509 5

190 524 413 578 Intellego,
444 524 588 578 Brute,
621 539 746 578 quem
779 524 911 579 dicas,
949 527 1062 565 certe
1101 523 1213 564 enim
1245 526 1288 565 et
1318 524 1422 565 boni
1454 524 1527 565 ali-

191 582 291 637 quid
317 583 546 626 adtulimus
576 583 808 636 iuventuti,
845 582 1189 637 magnificentius
1223 596 1350 636 quam
1386 582 1527 624 fuerat

192 655 325 695 genus
357 641 521 682 dicendi
554 644 596 682 et
629 641 838 694 ornatius,
871 644 913 681 et
938 640 1162 682 nocuimus
1187 640 1382 694 fortasse,
1414 641 1527 695 quod

190 702 353 741 veteres
387 699 602 740 orationes
634 702 733 753 post
765 702 953 753 nostras,
989 713 1076 740 non
1114 714 1139 740 a
1169 713 1234 740 me
1268 699 1439 753 quidem
1473 723 1521 728 —-

191 757 296 799 meis
329 758 441 798 enim
467 757 564 798 illas
592 761 804 812 antepono
834 782 899 812 —,
931 758 1003 798 sed
1029 772 1053 798 a
1078 757 1289 811 plerisque
1315 757 1401 812 legi
1428 761 1527 798 sunt
1549 776 1582 801 10

193 816 363 857 desitae.
425 815 494 856 Me
525 830 713 870 numera,
743 815 901 870 inquit,
931 815 977 856 in
1007 815 1238 870 plerisque,
1270 829 1527 869 quamquam

192 874 314 914 video
347 874 452 914 mihi
484 874 620 915 multa
650 874 830 928 legenda
859 874 946 914 iam
977 877 1020 914 te
1047 877 1232 926 auctore,
1263 888 1370 927 quae
1403 877 1528 915 antea

124 932 528 974 124eontemnebam.
578 932 713 986 Atqui
738 933 855 986 haec,
878 932 1065 986 inquam,
1090 932 1139 973 de
1164 932 1331 973 incestu
1356 932 1528 973 laudata

194 991 331 1032 oratio
352 990 528 1045 puerilis
549 993 614 1032 est
632 990 738 1032 locis
765 990 929 1031 multis:
956 991 1005 1031 de
1033 1004 1189 1045 amore,
1213 990 1262 1032 de
1288 990 1527 1045 tormentis,

193 1049 242 1090 de
284 1063 453 1090 rumore
492 1049 577 1090 loci
618 1064 717 1090 sane
758 1048 922 1103 inanes,
964 1063 1112 1090 verum
1155 1052 1299 1090 tamen
1338 1049 1526 1090 nondum
1548 1067 1580 1093 15

192 1107 306 1148 tritis
338 1111 585 1148 nostrorum
611 1107 835 1148 hominum
862 1107 1035 1147 auribus
1060 1121 1138 1148 nec
1165 1107 1330 1148 erudita
1355 1107 1527 1148 civitate

191 1165 446 1207 tolerabiles.
494 1164 674 1219 Scripsit
700 1165 830 1206 etiam
851 1165 933 1206 alia
959 1165 1165 1206 nonnulla
1191 1168 1233 1206 et
1259 1165 1395 1206 multa
1421 1165 1528 1206 dixit

192 1227 235 1265 et
276 1224 462 1265 illustria
500 1227 542 1265 et
584 1224 630 1264 in
672 1238 848 1265 numero
886 1226 1166 1278 patronorum
1204 1223 1307 1277 fuit,
1346 1226 1394 1264 ut
1431 1238 1527 1264 eum

121 1305 176 1346 33
192 1283 333 1336 mirer,
363 1297 459 1324 eum
492 1285 534 1323 et
560 1282 649 1323 vita
675 1282 1032 1336 suppeditavisset
1064 1285 1107 1323 et
1139 1281 1338 1335 splendor
1369 1281 1409 1323 ei
1440 1296 1527 1322 non

124 1340 407 1404 105defuisset,
439 1340 656 1382 consulem
687 1354 774 1381 non
804 1340 946 1381 fuisse.
1011 1339 1092 1381 Sed
1125 1354 1219 1381 eece
1251 1340 1296 1381 in
1327 1340 1526 1381 manibus
1546 1359 1580 1384 20

148 1394 163 1403 “
190 1398 255 1440 vir
286 1402 329 1440 et
364 1398 735 1453 praestantissimo
773 1398 945 1454 ingenio
985 1401 1027 1439 et
1064 1398 1265 1453 flagranti
1304 1398 1446 1439 studio
1485 1401 1527 1439 et

191 1457 341 1499 doetus
375 1472 399 1498 a
430 1472 560 1512 puero
588 1455 631 1498 C.
660 1456 887 1498 Gracchus.
931 1456 1033 1497 Noli
1060 1456 1172 1498 enim
1203 1459 1354 1510 putare
1386 1470 1528 1511 quem—

192 1530 338 1569 quam,
374 1515 526 1569 Brute,
562 1515 796 1569 pleniorem
835 1518 908 1556 aut
945 1514 1186 1556 uberiorem
1219 1515 1271 1556 ad
1303 1515 1526 1556 dicendum

191 1573 333 1615 fuisse.
395 1574 453 1614 Et
489 1574 579 1614 ille:
618 1572 687 1615 Sic
725 1588 919 1627 prorsus,
954 1573 1111 1627 inquit,
1150 1572 1360 1614 existumo
1399 1576 1525 1626 atque

190 1632 323 1673 istum
355 1631 404 1672 de
437 1631 726 1685 superioribus
752 1645 884 1686 paene
912 1631 1049 1672 solum
1074 1631 1181 1685 lego.
1226 1631 1363 1672 Immo
1390 1631 1526 1685 plane,
1545 1651 1577 1675 25

190 1690 383 1743 inquam,
419 1689 569 1743 Brute,
611 1690 729 1744 legas
767 1703 928 1730 censeo.
1002 1689 1217 1730 Damnum
1261 1689 1373 1730 enim
1410 1689 1525 1730 illius

190 1748 421 1789 immaturo
461 1747 638 1788 interitu
685 1761 751 1788 res
793 1747 1011 1788 Romanae
1051 1746 1313 1801 Latinaeque
1356 1747 1524 1788 litterae

124 1805 394 1847 126fecerunt.
438 1804 616 1847 Utinam
634 1819 722 1846 non
741 1808 829 1846 tam
848 1805 971 1846 fratri
990 1805 1195 1859 pietatem
1216 1820 1342 1859 quam
1361 1805 1524 1859 patriae

190 1867 406 1919 praestare
426 1863 647 1905 voluisset!
675 1862 811 1912 Quam
829 1863 900 1904 ille
919 1863 1044 1904 facile
1064 1864 1141 1905 tali
1159 1864 1345 1919 ingenio,
1365 1863 1523 1904 diutius

192 1922 227 1963 si
252 1922 440 1973 vixisset,
467 1923 532 1963 vel
557 1925 780 1976 paternam
807 1924 918 1962 esset
943 1921 1008 1962 vel
1035 1922 1193 1963 avitam
1220 1921 1402 1977 gloriam
1428 1936 1524 1963 oon·
1542 1939 1577 1964 30

191 1982 375 2022 secutus!
409 1980 669 2034 Eloquentia
694 1980 863 2034 quidem
888 1979 1031 2021 nescio
1060 1994 1113 2021 an
1138 1980 1360 2021 habuisset
1378 1994 1523 2034 parem

188 2038 411 2080 neminem.
458 2038 639 2080 Grandis
666 2042 730 2080 est
750 2038 903 2091 verbis,
930 2038 1098 2092 sapiens
1119 2038 1341 2079 sententiis
1370 2052 1522 2093 genere

188 2100 282 2138 toto
327 2096 480 2152 gravis.
542 2096 694 2138 Manus
738 2100 927 2138 extrema
969 2111 1055 2137 non
1099 2096 1276 2138 accessit
1322 2096 1521 2150 operibus

189 2154 297 2210 eius3
339 2155 553 2209 praeclare
596 2155 799 2196 inchoata
842 2155 995 2209 multa,
1038 2155 1226 2209 perfecta
1262 2168 1347 2195 non
1384 2154 1520 2208 plane.

187 2213 424 2268 Legendus,
453 2213 641 2267 inquam,
674 2215 738 2254 est
768 2212 838 2254 hic
864 2216 1021 2267 orator,
1051 2213 1197 2268 Brute,
1229 2213 1263 2253 si
1296 2212 1520 2266 quisquam
1541 2228 1573 2254 35

189 2272 315 2327 alius,
351 2271 584 2327 iuventuti,
626 2285 712 2312 non
749 2271 862 2312 enim
900 2270 1038 2312 solum
1077 2285 1244 2325 acuere,
1282 2270 1354 2312 sed
1392 2270 1521 2311 etiam

189 2330 300 2371 alere
330 2329 551 2385 ingenium
582 2332 736 2384 potest.
