<?xml version="1.0" encoding="UTF-8"?>
<!DOCTYPE html PUBLIC "-//W3C//DTD XHTML 1.0 Transitional//EN"
    "http://www.w3.org/TR/xhtml1/DTD/xhtml1-transitional.dtd">
<html xmlns="http://www.w3.org/1999/xhtml" xml:lang="en" lang="en">
 <head>
  <title>
</title>
<meta http-equiv="Content-Type" content="text/html;charset=utf-8" />
  <meta name='ocr-system' content='tesseract 3.04.00' />
  <meta name='ocr-capabilities' content='ocr_page ocr_carea ocr_par ocr_line ocrx_word'/>
</head>
<body>
  <div class='ocr_page' id='page_1' title='image "./p2scriptaquaemanse01ciceuoft_0341.png"; bbox 0 0 1643 2526; ppageno 0'>
   <div class='ocr_carea' id='block_1_1' title="bbox 531 95 1455 139">
    <p class='ocr_par' dir='ltr' id='par_1_1' title="bbox 531 95 1455 139">
     <span class='ocr_line' id='line_1_1' title="bbox 531 95 1455 139; baseline 0.01 -9"><span class='ocrx_word' id='word_1_1' title='bbox 531 95 631 131; x_wconf 84' lang='lat' dir='ltr'>CAP.</span> <span class='ocrx_word' id='word_1_2' title='bbox 659 99 808 132; x_wconf 82' lang='lat'>16—17.</span> <span class='ocrx_word' id='word_1_3' title='bbox 848 100 866 139; x_wconf 64' lang='grc' dir='ltr'><strong>ς</strong></span> <span class='ocrx_word' id='word_1_4' title='bbox 893 100 1043 132; x_wconf 83' lang='lat'>61-69.</span> <span class='ocrx_word' id='word_1_5' title='bbox 1371 98 1455 139; x_wconf 77' lang='lat'>239</span> 
     </span>
    </p>
   </div>
   <div class='ocr_carea' id='block_1_2' title="bbox 64 190 1456 1178">
    <p class='ocr_par' dir='ltr' id='par_1_2' title="bbox 64 190 1456 1178">
     <span class='ocr_line' id='line_1_2' title="bbox 116 190 1455 248; baseline 0.003 -17"><span class='ocrx_word' id='word_1_6' title='bbox 116 191 211 245; x_wconf 88' lang='lat' dir='ltr'>ipsa</span> <span class='ocrx_word' id='word_1_7' title='bbox 235 190 418 232; x_wconf 87' lang='lat' dir='ltr'>delectat</span> <span class='ocrx_word' id='word_1_8' title='bbox 444 215 497 220; x_wconf 88' lang='lat'>—-</span> <span class='ocrx_word' id='word_1_9' title='bbox 525 205 782 245; x_wconf 89' lang='lat' dir='ltr'>quamquam</span> <span class='ocrx_word' id='word_1_10' title='bbox 806 191 852 232; x_wconf 95' lang='lat' dir='ltr'>in</span> <span class='ocrx_word' id='word_1_11' title='bbox 876 191 1007 247; x_wconf 81' lang='lat' dir='ltr'>Lysia</span> <span class='ocrx_word' id='word_1_12' title='bbox 1039 195 1138 234; x_wconf 89' lang='lat' dir='ltr'>sunt</span> <span class='ocrx_word' id='word_1_13' title='bbox 1170 207 1294 248; x_wconf 84' lang='lat' dir='ltr'>saepe</span> <span class='ocrx_word' id='word_1_14' title='bbox 1324 193 1455 235; x_wconf 89' lang='lat' dir='ltr'>etiam</span> 
     </span>
     <span class='ocr_line' id='line_1_3' title="bbox 116 249 1455 306; baseline 0.002 -16"><span class='ocrx_word' id='word_1_15' title='bbox 116 249 284 303; x_wconf 88' lang='lat' dir='ltr'>lacerti,</span> <span class='ocrx_word' id='word_1_16' title='bbox 321 249 381 291; x_wconf 89' lang='lat' dir='ltr'>sic</span> <span class='ocrx_word' id='word_1_17' title='bbox 418 252 467 290; x_wconf 89' lang='lat' dir='ltr'>ut</span> <span class='ocrx_word' id='word_1_18' title='bbox 503 250 595 291; x_wconf 91' lang='lat' dir='ltr'>fieri</span> <span class='ocrx_word' id='word_1_19' title='bbox 625 250 733 290; x_wconf 82' lang='lat' dir='ltr'>nihil</span> <span class='ocrx_word' id='word_1_20' title='bbox 764 250 902 304; x_wconf 90' lang='lat' dir='ltr'>possit</span> <span class='ocrx_word' id='word_1_21' title='bbox 932 251 1162 306; x_wconf 73' lang='lat' dir='ltr'>valentius,</span> <span class='ocrx_word' id='word_1_22' title='bbox 1206 266 1353 293; x_wconf 87' lang='lat' dir='ltr'>verum</span> <span class='ocrx_word' id='word_1_23' title='bbox 1391 254 1455 293; x_wconf 89' lang='lat' dir='ltr'>est</span> 
     </span>
     <span class='ocr_line' id='line_1_4' title="bbox 117 308 1453 363; baseline 0.002 -15"><span class='ocrx_word' id='word_1_24' title='bbox 117 311 230 349; x_wconf 88' lang='lat' dir='ltr'>certe</span> <span class='ocrx_word' id='word_1_25' title='bbox 257 322 409 362; x_wconf 79' lang='lat' dir='ltr'>genere</span> <span class='ocrx_word' id='word_1_26' title='bbox 439 310 533 349; x_wconf 91' lang='lat' dir='ltr'>toto</span> <span class='ocrx_word' id='word_1_27' title='bbox 561 308 786 363; x_wconf 88' lang='lat' dir='ltr'>strigosior</span> <span class='ocrx_word' id='word_1_28' title='bbox 815 333 880 363; x_wconf 85' lang='lat'>—,</span> <span class='ocrx_word' id='word_1_29' title='bbox 912 309 985 350; x_wconf 90' lang='lat' dir='ltr'>sed</span> <span class='ocrx_word' id='word_1_30' title='bbox 1016 310 1146 350; x_wconf 85' lang='lat' dir='ltr'>habet</span> <span class='ocrx_word' id='word_1_31' title='bbox 1177 312 1322 351; x_wconf 88' lang='lat' dir='ltr'>tamen</span> <span class='ocrx_word' id='word_1_32' title='bbox 1353 324 1453 351; x_wconf 88' lang='lat' dir='ltr'>suos</span> 
     </span>
     <span class='ocr_line' id='line_1_5' title="bbox 117 366 1455 424; baseline 0.003 -18"><span class='ocrx_word' id='word_1_33' title='bbox 117 366 373 420; x_wconf 71' lang='lat' dir='ltr'>laudatores,</span> <span class='ocrx_word' id='word_1_34' title='bbox 399 366 470 420; x_wconf 91' lang='lat' dir='ltr'>qui</span> <span class='ocrx_word' id='word_1_35' title='bbox 496 367 575 408; x_wconf 92' lang='lat' dir='ltr'>hac</span> <span class='ocrx_word' id='word_1_36' title='bbox 599 367 694 421; x_wconf 89' lang='lat' dir='ltr'>ipsa</span> <span class='ocrx_word' id='word_1_37' title='bbox 719 367 808 408; x_wconf 88' lang='lat' dir='ltr'>eius</span> <span class='ocrx_word' id='word_1_38' title='bbox 835 367 1074 409; x_wconf 88' lang='lat' dir='ltr'>subtilitate</span> <span class='ocrx_word' id='word_1_39' title='bbox 1101 368 1330 410; x_wconf 81' lang='lat' dir='ltr'>admodum</span> <span class='ocrx_word' id='word_1_40' title='bbox 1356 383 1455 424; x_wconf 89' lang='lat' dir='ltr'>gau-</span> 
     </span>
     <span class='ocr_line' id='line_1_6' title="bbox 81 424 1454 481; baseline 0.002 -16"><span class='ocrx_word' id='word_1_41' title='bbox 81 425 256 465; x_wconf 83' lang='lat' dir='ltr'>5deant.</span> <span class='ocrx_word' id='word_1_42' title='bbox 318 424 525 466; x_wconf 85' lang='lat' dir='ltr'>Catonem</span> <span class='ocrx_word' id='word_1_43' title='bbox 556 439 655 466; x_wconf 88' lang='lat' dir='ltr'>vero</span> <span class='ocrx_word' id='word_1_44' title='bbox 689 425 782 479; x_wconf 92' lang='lat' dir='ltr'>quis</span> <span class='ocrx_word' id='word_1_45' title='bbox 819 429 1066 467; x_wconf 86' lang='lat' dir='ltr'>nostrorum</span> <span class='ocrx_word' id='word_1_46' title='bbox 1105 430 1342 481; x_wconf 89' lang='lat' dir='ltr'>oratorum,</span> <span class='ocrx_word' id='word_1_47' title='bbox 1382 427 1454 481; x_wconf 88' lang='lat' dir='ltr'>qui</span> 
     </span>
     <span class='ocr_line' id='line_1_7' title="bbox 118 482 1455 539; baseline 0.002 -16"><span class='ocrx_word' id='word_1_48' title='bbox 118 482 288 537; x_wconf 89' lang='lat' dir='ltr'>quidem</span> <span class='ocrx_word' id='word_1_49' title='bbox 318 497 430 524; x_wconf 90' lang='lat' dir='ltr'>nunc</span> <span class='ocrx_word' id='word_1_50' title='bbox 463 486 575 537; x_wconf 90' lang='lat' dir='ltr'>sunt,</span> <span class='ocrx_word' id='word_1_51' title='bbox 605 483 740 539; x_wconf 79' lang='lat' dir='ltr'>legit?</span> <span class='ocrx_word' id='word_1_52' title='bbox 772 487 844 525; x_wconf 87' lang='lat' dir='ltr'>aut</span> <span class='ocrx_word' id='word_1_53' title='bbox 876 484 970 538; x_wconf 90' lang='lat' dir='ltr'>quis</span> <span class='ocrx_word' id='word_1_54' title='bbox 1001 485 1123 526; x_wconf 80' lang='lat' dir='ltr'>novit</span> <span class='ocrx_word' id='word_1_55' title='bbox 1155 485 1357 526; x_wconf 80' lang='lat' dir='ltr'>omnino?</span> <span class='ocrx_word' id='word_1_56' title='bbox 1395 485 1455 526; x_wconf 88' lang='lat' dir='ltr'>At</span> 
     </span>
     <span class='ocr_line' id='line_1_8' title="bbox 117 541 1455 595; baseline 0.002 -14"><span class='ocrx_word' id='word_1_57' title='bbox 117 555 242 595; x_wconf 87' lang='lat' dir='ltr'>quem</span> <span class='ocrx_word' id='word_1_58' title='bbox 269 541 418 595; x_wconf 86' lang='lat' dir='ltr'>virum,</span> <span class='ocrx_word' id='word_1_59' title='bbox 449 541 491 582; x_wconf 83' lang='lat' dir='ltr'>di</span> <span class='ocrx_word' id='word_1_60' title='bbox 517 541 634 582; x_wconf 87' lang='lat' dir='ltr'>boni!</span> <span class='ocrx_word' id='word_1_61' title='bbox 676 542 801 583; x_wconf 88' lang='lat' dir='ltr'>mitto</span> <span class='ocrx_word' id='word_1_62' title='bbox 834 542 969 584; x_wconf 88' lang='lat' dir='ltr'>civem</span> <span class='ocrx_word' id='word_1_63' title='bbox 1002 546 1075 584; x_wconf 88' lang='lat' dir='ltr'>aut</span> <span class='ocrx_word' id='word_1_64' title='bbox 1107 546 1349 585; x_wconf 72' lang='lat' dir='ltr'>senatorem</span> <span class='ocrx_word' id='word_1_65' title='bbox 1380 546 1455 584; x_wconf 88' lang='lat' dir='ltr'>aut</span> 
     </span>
     <span class='ocr_line' id='line_1_9' title="bbox 115 599 1454 656; baseline 0.002 -16"><span class='ocrx_word' id='word_1_66' title='bbox 115 599 435 654; x_wconf 78' lang='lat' dir='ltr'>imperatorem3</span> <span class='ocrx_word' id='word_1_67' title='bbox 468 603 681 641; x_wconf 89' lang='lat' dir='ltr'>oratorem</span> <span class='ocrx_word' id='word_1_68' title='bbox 707 600 819 642; x_wconf 86' lang='lat' dir='ltr'>enim</span> <span class='ocrx_word' id='word_1_69' title='bbox 843 601 925 642; x_wconf 88' lang='lat' dir='ltr'>hoc</span> <span class='ocrx_word' id='word_1_70' title='bbox 950 602 1044 643; x_wconf 94' lang='lat' dir='ltr'>loco</span> <span class='ocrx_word' id='word_1_71' title='bbox 1067 602 1326 655; x_wconf 82' lang='lat' dir='ltr'>quaerimus:</span> <span class='ocrx_word' id='word_1_72' title='bbox 1359 602 1454 656; x_wconf 86' lang='lat' dir='ltr'>quis</span> 
     </span>
     <span class='ocr_line' id='line_1_10' title="bbox 115 657 1456 715; baseline 0.002 -17"><span class='ocrx_word' id='word_1_73' title='bbox 115 657 190 698; x_wconf 92' lang='lat' dir='ltr'>illo</span> <span class='ocrx_word' id='word_1_74' title='bbox 224 657 393 713; x_wconf 82' lang='lat' dir='ltr'>gravior</span> <span class='ocrx_word' id='word_1_75' title='bbox 423 658 468 698; x_wconf 89' lang='lat' dir='ltr'>in</span> <span class='ocrx_word' id='word_1_76' title='bbox 499 659 739 700; x_wconf 78' lang='lat' dir='ltr'>laudando?</span> <span class='ocrx_word' id='word_1_77' title='bbox 771 660 963 701; x_wconf 81' lang='lat' dir='ltr'>acerbior</span> <span class='ocrx_word' id='word_1_78' title='bbox 993 660 1039 700; x_wconf 92' lang='lat' dir='ltr'>in</span> <span class='ocrx_word' id='word_1_79' title='bbox 1069 660 1379 715; x_wconf 76' lang='lat' dir='ltr'>vituperando?</span> <span class='ocrx_word' id='word_1_80' title='bbox 1410 660 1456 701; x_wconf 92' lang='lat' dir='ltr'>in</span> 
     </span>
     <span class='ocr_line' id='line_1_11' title="bbox 65 716 1456 772; baseline 0.003 -16"><span class='ocrx_word' id='word_1_81' title='bbox 65 732 98 757; x_wconf 82' lang='grc' dir='ltr'>ιο</span> <span class='ocrx_word' id='word_1_82' title='bbox 118 716 340 757; x_wconf 74' lang='lat' dir='ltr'>sententiis</span> <span class='ocrx_word' id='word_1_83' title='bbox 380 717 602 771; x_wconf 81' lang='lat' dir='ltr'>argutior?</span> <span class='ocrx_word' id='word_1_84' title='bbox 651 717 696 757; x_wconf 90' lang='lat' dir='ltr'>in</span> <span class='ocrx_word' id='word_1_85' title='bbox 736 717 924 759; x_wconf 90' lang='lat' dir='ltr'>docendo</span> <span class='ocrx_word' id='word_1_86' title='bbox 966 719 1318 772; x_wconf 88' lang='lat' dir='ltr'>edisserendoque</span> <span class='ocrx_word' id='word_1_87' title='bbox 1360 719 1456 760; x_wconf 88' lang='lat' dir='ltr'>sub-</span> 
     </span>
     <span class='ocr_line' id='line_1_12' title="bbox 116 774 1455 831; baseline 0.001 -15"><span class='ocrx_word' id='word_1_88' title='bbox 116 774 262 816; x_wconf 78' lang='lat' dir='ltr'>tilior?</span> <span class='ocrx_word' id='word_1_89' title='bbox 304 774 502 816; x_wconf 83' lang='lat' dir='ltr'>Refertae</span> <span class='ocrx_word' id='word_1_90' title='bbox 540 778 641 816; x_wconf 89' lang='lat' dir='ltr'>sunt</span> <span class='ocrx_word' id='word_1_91' title='bbox 673 776 887 817; x_wconf 89' lang='lat' dir='ltr'>orationes</span> <span class='ocrx_word' id='word_1_92' title='bbox 920 777 1102 831; x_wconf 89' lang='lat' dir='ltr'>amplius</span> <span class='ocrx_word' id='word_1_93' title='bbox 1135 781 1306 818; x_wconf 87' lang='lat' dir='ltr'>centum</span> <span class='ocrx_word' id='word_1_94' title='bbox 1337 777 1455 831; x_wconf 90' lang='lat' dir='ltr'>quin—</span> 
     </span>
     <span class='ocr_line' id='line_1_13' title="bbox 117 833 1456 891; baseline 0.003 -18"><span class='ocrx_word' id='word_1_95' title='bbox 117 833 341 887; x_wconf 76' lang='lat' dir='ltr'>quaginta,</span> <span class='ocrx_word' id='word_1_96' title='bbox 385 848 489 887; x_wconf 86' lang='lat' dir='ltr'>quas</span> <span class='ocrx_word' id='word_1_97' title='bbox 532 834 702 887; x_wconf 90' lang='lat' dir='ltr'>quidem</span> <span class='ocrx_word' id='word_1_98' title='bbox 739 834 876 876; x_wconf 87' lang='lat' dir='ltr'>adhuc</span> <span class='ocrx_word' id='word_1_99' title='bbox 913 835 1148 877; x_wconf 86' lang='lat' dir='ltr'>invenerim</span> <span class='ocrx_word' id='word_1_100' title='bbox 1186 839 1229 876; x_wconf 91' lang='lat' dir='ltr'>et</span> <span class='ocrx_word' id='word_1_101' title='bbox 1265 836 1456 891; x_wconf 84' lang='lat' dir='ltr'>legerim,</span> 
     </span>
     <span class='ocr_line' id='line_1_14' title="bbox 117 890 1456 949; baseline 0.003 -18"><span class='ocrx_word' id='word_1_102' title='bbox 117 894 160 932; x_wconf 93' lang='lat' dir='ltr'>et</span> <span class='ocrx_word' id='word_1_103' title='bbox 190 891 330 932; x_wconf 82' lang='lat' dir='ltr'>verbis</span> <span class='ocrx_word' id='word_1_104' title='bbox 363 895 405 932; x_wconf 93' lang='lat' dir='ltr'>et</span> <span class='ocrx_word' id='word_1_105' title='bbox 435 892 561 933; x_wconf 90' lang='lat' dir='ltr'>rebus</span> <span class='ocrx_word' id='word_1_106' title='bbox 577 890 844 933; x_wconf 81' lang='lat' dir='ltr'>inlustribus.</span> <span class='ocrx_word' id='word_1_107' title='bbox 894 893 1015 934; x_wconf 84' lang='lat' dir='ltr'>Licet</span> <span class='ocrx_word' id='word_1_108' title='bbox 1044 908 1094 934; x_wconf 83' lang='lat' dir='ltr'>ex</span> <span class='ocrx_word' id='word_1_109' title='bbox 1119 894 1186 935; x_wconf 90' lang='lat' dir='ltr'>his</span> <span class='ocrx_word' id='word_1_110' title='bbox 1220 894 1380 949; x_wconf 84' lang='lat' dir='ltr'>eligant</span> <span class='ocrx_word' id='word_1_111' title='bbox 1407 909 1456 935; x_wconf 91' lang='lat' dir='ltr'>ea</span> 
     </span>
     <span class='ocr_line' id='line_1_15' title="bbox 118 950 1455 1006; baseline 0.002 -17"><span class='ocrx_word' id='word_1_112' title='bbox 118 963 224 1003; x_wconf 89' lang='lat' dir='ltr'>quae</span> <span class='ocrx_word' id='word_1_113' title='bbox 255 950 477 990; x_wconf 90' lang='lat' dir='ltr'>notatione</span> <span class='ocrx_word' id='word_1_114' title='bbox 510 953 552 991; x_wconf 90' lang='lat' dir='ltr'>et</span> <span class='ocrx_word' id='word_1_115' title='bbox 582 950 705 991; x_wconf 88' lang='lat' dir='ltr'>laude</span> <span class='ocrx_word' id='word_1_116' title='bbox 744 950 873 1006; x_wconf 88' lang='lat' dir='ltr'>digna</span> <span class='ocrx_word' id='word_1_117' title='bbox 913 952 1015 992; x_wconf 88' lang='lat' dir='ltr'>sint:</span> <span class='ocrx_word' id='word_1_118' title='bbox 1058 967 1203 993; x_wconf 92' lang='lat' dir='ltr'>omnes</span> <span class='ocrx_word' id='word_1_119' title='bbox 1244 952 1455 994; x_wconf 87' lang='lat' dir='ltr'>oratoriae</span> 
     </span>
     <span class='ocr_line' id='line_1_16' title="bbox 64 1008 1456 1065; baseline 0.003 -17"><span class='ocrx_word' id='word_1_120' title='bbox 64 1023 97 1049; x_wconf 87' lang='lat'>15</span> <span class='ocrx_word' id='word_1_121' title='bbox 116 1008 297 1049; x_wconf 82' lang='lat' dir='ltr'>virtutes</span> <span class='ocrx_word' id='word_1_122' title='bbox 334 1008 379 1048; x_wconf 89' lang='lat' dir='ltr'>in</span> <span class='ocrx_word' id='word_1_123' title='bbox 417 1008 476 1049; x_wconf 91' lang='lat' dir='ltr'>eis</span> <span class='ocrx_word' id='word_1_124' title='bbox 514 1009 788 1062; x_wconf 82' lang='lat' dir='ltr'>reperientur.</span> <span class='ocrx_word' id='word_1_125' title='bbox 850 1009 942 1050; x_wconf 83' lang='lat' dir='ltr'>lam</span> <span class='ocrx_word' id='word_1_126' title='bbox 985 1025 1085 1051; x_wconf 84' lang='lat' dir='ltr'>vero</span> <span class='ocrx_word' id='word_1_127' title='bbox 1124 1010 1321 1065; x_wconf 87' lang='lat' dir='ltr'>Origines</span> <span class='ocrx_word' id='word_1_128' title='bbox 1365 1011 1456 1052; x_wconf 85' lang='lat' dir='ltr'>eius</span> 
     </span>
     <span class='ocr_line' id='line_1_17' title="bbox 118 1066 1456 1121; baseline 0.003 -15"><span class='ocrx_word' id='word_1_129' title='bbox 118 1081 243 1120; x_wconf 91' lang='lat' dir='ltr'>quem</span> <span class='ocrx_word' id='word_1_130' title='bbox 269 1066 418 1107; x_wconf 88' lang='lat' dir='ltr'>florem</span> <span class='ocrx_word' id='word_1_131' title='bbox 444 1069 517 1107; x_wconf 88' lang='lat' dir='ltr'>aut</span> <span class='ocrx_word' id='word_1_132' title='bbox 543 1067 656 1120; x_wconf 88' lang='lat' dir='ltr'>quod</span> <span class='ocrx_word' id='word_1_133' title='bbox 683 1068 827 1108; x_wconf 91' lang='lat' dir='ltr'>lumen</span> <span class='ocrx_word' id='word_1_134' title='bbox 852 1068 1118 1121; x_wconf 87' lang='lat' dir='ltr'>eloquentiae</span> <span class='ocrx_word' id='word_1_135' title='bbox 1150 1083 1237 1109; x_wconf 93' lang='lat' dir='ltr'>non</span> <span class='ocrx_word' id='word_1_136' title='bbox 1267 1069 1456 1110; x_wconf 78' lang='lat' dir='ltr'>habent?</span> 
     </span>
     <span class='ocr_line' id='line_1_18' title="bbox 117 1124 1456 1178; baseline 0.003 -14"><span class='ocrx_word' id='word_1_137' title='bbox 117 1124 344 1165; x_wconf 88' lang='lat' dir='ltr'>Amatores</span> <span class='ocrx_word' id='word_1_138' title='bbox 375 1124 473 1165; x_wconf 89' lang='lat' dir='ltr'>huic</span> <span class='ocrx_word' id='word_1_139' title='bbox 506 1125 674 1178; x_wconf 84' lang='lat' dir='ltr'>desunt,</span> <span class='ocrx_word' id='word_1_140' title='bbox 713 1125 840 1166; x_wconf 88' lang='lat' dir='ltr'>sicuti</span> <span class='ocrx_word' id='word_1_141' title='bbox 878 1127 1024 1168; x_wconf 89' lang='lat' dir='ltr'>multis</span> <span class='ocrx_word' id='word_1_142' title='bbox 1057 1127 1142 1167; x_wconf 88' lang='lat' dir='ltr'>iam</span> <span class='ocrx_word' id='word_1_143' title='bbox 1176 1131 1273 1168; x_wconf 90' lang='lat' dir='ltr'>ante</span> <span class='ocrx_word' id='word_1_144' title='bbox 1307 1127 1456 1168; x_wconf 88' lang='lat' dir='ltr'>saeclis</span> 
     </span>
    </p>
   </div>
   <div class='ocr_carea' id='block_1_3' title="bbox 1476 403 1523 444">
    <p class='ocr_par' dir='ltr' id='par_1_3' title="bbox 1476 403 1523 444">
     <span class='ocr_line' id='line_1_19' title="bbox 1476 403 1523 444; baseline 0.021 -1"><span class='ocrx_word' id='word_1_145' title='bbox 1476 403 1523 444; x_wconf 81' lang='lat'>17</span> 
     </span>
    </p>
   </div>
   <div class='ocr_carea' id='block_1_4' title="bbox 1481 472 1524 503">
    <p class='ocr_par' dir='ltr' id='par_1_4' title="bbox 1481 472 1524 503">
     <span class='ocr_line' id='line_1_20' title="bbox 1481 472 1524 503; baseline -0.023 0"><span class='ocrx_word' id='word_1_146' title='bbox 1481 472 1524 503; x_wconf 78' lang='lat'>65</span> 
     </span>
    </p>
   </div>
   <div class='ocr_carea' id='block_1_5' title="bbox 1483 1022 1526 1052">
    <p class='ocr_par' dir='ltr' id='par_1_5' title="bbox 1483 1022 1526 1052">
     <span class='ocr_line' id='line_1_21' title="bbox 1483 1022 1526 1052; baseline 0 0"><span class='ocrx_word' id='word_1_147' title='bbox 1483 1022 1526 1052; x_wconf 80' lang='lat'>66</span> 
     </span>
    </p>
   </div>
   <div class='ocr_carea' id='block_1_6' title="bbox 118 1181 1507 1239">
    <p class='ocr_par' dir='ltr' id='par_1_6' title="bbox 118 1181 1507 1239">
     <span class='ocr_line' id='line_1_22' title="bbox 118 1181 1507 1239; baseline 0.003 -17"><span class='ocrx_word' id='word_1_148' title='bbox 118 1186 161 1223; x_wconf 92' lang='lat' dir='ltr'>et</span> <span class='ocrx_word' id='word_1_149' title='bbox 178 1182 361 1223; x_wconf 77' lang='lat' dir='ltr'>Philisto</span> <span class='ocrx_word' id='word_1_150' title='bbox 385 1181 611 1237; x_wconf 80' lang='lat' dir='ltr'>Syracusio</span> <span class='ocrx_word' id='word_1_151' title='bbox 639 1186 681 1224; x_wconf 92' lang='lat' dir='ltr'>et</span> <span class='ocrx_word' id='word_1_152' title='bbox 706 1184 789 1237; x_wconf 92' lang='lat' dir='ltr'>ipsi</span> <span class='ocrx_word' id='word_1_153' title='bbox 809 1184 1055 1239; x_wconf 83' lang='lat' dir='ltr'>Thucydidi.</span> <span class='ocrx_word' id='word_1_154' title='bbox 1101 1184 1213 1226; x_wconf 87' lang='lat' dir='ltr'>Nam</span> <span class='ocrx_word' id='word_1_155' title='bbox 1236 1189 1284 1227; x_wconf 89' lang='lat' dir='ltr'>ut</span> <span class='ocrx_word' id='word_1_156' title='bbox 1302 1186 1457 1226; x_wconf 90' lang='lat' dir='ltr'>horum</span> <span class='ocrx_word' id='word_1_157' title='bbox 1500 1205 1507 1208; x_wconf 56' lang='lat'><em>&lt;</em></span> 
     </span>
    </p>
   </div>
   <div class='ocr_carea' id='block_1_7' title="bbox 65 1241 1460 2344">
    <p class='ocr_par' dir='ltr' id='par_1_7' title="bbox 65 1241 1460 2344">
     <span class='ocr_line' id='line_1_23' title="bbox 118 1241 1456 1298; baseline 0.002 -17"><span class='ocrx_word' id='word_1_158' title='bbox 118 1241 301 1282; x_wconf 90' lang='lat' dir='ltr'>concisis</span> <span class='ocrx_word' id='word_1_159' title='bbox 334 1241 556 1282; x_wconf 90' lang='lat' dir='ltr'>sententiis</span> <span class='ocrx_word' id='word_1_160' title='bbox 566 1276 576 1295; x_wconf 94' lang='lat'>,</span> <span class='ocrx_word' id='word_1_161' title='bbox 614 1241 829 1283; x_wconf 90' lang='lat' dir='ltr'>interdum</span> <span class='ocrx_word' id='word_1_162' title='bbox 868 1243 997 1284; x_wconf 82' lang='lat' dir='ltr'>etiam</span> <span class='ocrx_word' id='word_1_163' title='bbox 1035 1258 1122 1284; x_wconf 84' lang='lat' dir='ltr'>non</span> <span class='ocrx_word' id='word_1_164' title='bbox 1160 1244 1263 1285; x_wconf 89' lang='lat' dir='ltr'>satis</span> <span class='ocrx_word' id='word_1_165' title='bbox 1298 1244 1456 1298; x_wconf 90' lang='lat' dir='ltr'>apertis</span> 
     </span>
     <span class='ocr_line' id='line_1_24' title="bbox 65 1299 1456 1356; baseline 0.003 -17"><span class='ocrx_word' id='word_1_166' title='bbox 65 1314 99 1338; x_wconf 82' lang='lat'>20</span> <span class='ocrx_word' id='word_1_167' title='bbox 118 1313 215 1340; x_wconf 88' lang='lat' dir='ltr'>cum</span> <span class='ocrx_word' id='word_1_168' title='bbox 244 1299 453 1340; x_wconf 80' lang='lat' dir='ltr'>brevitate</span> <span class='ocrx_word' id='word_1_169' title='bbox 479 1303 571 1340; x_wconf 89' lang='lat' dir='ltr'>tum</span> <span class='ocrx_word' id='word_1_170' title='bbox 596 1300 728 1341; x_wconf 90' lang='lat' dir='ltr'>nimio</span> <span class='ocrx_word' id='word_1_171' title='bbox 755 1301 961 1355; x_wconf 86' lang='lat' dir='ltr'>acumine,</span> <span class='ocrx_word' id='word_1_172' title='bbox 993 1301 1128 1343; x_wconf 86' lang='lat' dir='ltr'>officit</span> <span class='ocrx_word' id='word_1_173' title='bbox 1154 1302 1456 1356; x_wconf 87' lang='lat' dir='ltr'>Theopompus</span> 
     </span>
     <span class='ocr_line' id='line_1_25' title="bbox 119 1357 1457 1414; baseline 0.002 -16"><span class='ocrx_word' id='word_1_174' title='bbox 119 1357 301 1398; x_wconf 87' lang='lat' dir='ltr'>elatione</span> <span class='ocrx_word' id='word_1_175' title='bbox 339 1361 466 1410; x_wconf 88' lang='lat' dir='ltr'>atque</span> <span class='ocrx_word' id='word_1_176' title='bbox 510 1357 733 1398; x_wconf 90' lang='lat' dir='ltr'>altitudine</span> <span class='ocrx_word' id='word_1_177' title='bbox 778 1359 984 1400; x_wconf 88' lang='lat' dir='ltr'>orationis</span> <span class='ocrx_word' id='word_1_178' title='bbox 1023 1374 1142 1413; x_wconf 88' lang='lat' dir='ltr'>suae,</span> <span class='ocrx_word' id='word_1_179' title='bbox 1191 1361 1303 1414; x_wconf 91' lang='lat' dir='ltr'>quod</span> <span class='ocrx_word' id='word_1_180' title='bbox 1345 1360 1457 1401; x_wconf 89' lang='lat' dir='ltr'>idem</span> 
     </span>
     <span class='ocr_line' id='line_1_26' title="bbox 118 1414 1458 1469; baseline 0.002 -13"><span class='ocrx_word' id='word_1_181' title='bbox 118 1415 272 1469; x_wconf 83' lang='lat' dir='ltr'>Lysiae</span> <span class='ocrx_word' id='word_1_182' title='bbox 304 1415 633 1469; x_wconf 84' lang='lat' dir='ltr'>Demosthenes,</span> <span class='ocrx_word' id='word_1_183' title='bbox 671 1416 730 1457; x_wconf 89' lang='lat' dir='ltr'>sic</span> <span class='ocrx_word' id='word_1_184' title='bbox 763 1414 939 1458; x_wconf 84' lang='lat' dir='ltr'>Catonis</span> <span class='ocrx_word' id='word_1_185' title='bbox 977 1417 1209 1459; x_wconf 86' lang='lat' dir='ltr'>luminibus</span> <span class='ocrx_word' id='word_1_186' title='bbox 1243 1419 1458 1459; x_wconf 81' lang='lat' dir='ltr'>obstruxit</span> 
     </span>
     <span class='ocr_line' id='line_1_27' title="bbox 117 1473 1459 1530; baseline 0.002 -16"><span class='ocrx_word' id='word_1_187' title='bbox 117 1473 223 1514; x_wconf 89' lang='lat' dir='ltr'>haec</span> <span class='ocrx_word' id='word_1_188' title='bbox 253 1474 540 1527; x_wconf 85' lang='lat' dir='ltr'>posteriorum</span> <span class='ocrx_word' id='word_1_189' title='bbox 571 1474 692 1527; x_wconf 90' lang='lat' dir='ltr'>quasi</span> <span class='ocrx_word' id='word_1_190' title='bbox 725 1478 983 1530; x_wconf 81' lang='lat' dir='ltr'>exaggerata</span> <span class='ocrx_word' id='word_1_191' title='bbox 1015 1476 1142 1516; x_wconf 88' lang='lat' dir='ltr'>altius</span> <span class='ocrx_word' id='word_1_192' title='bbox 1176 1476 1323 1517; x_wconf 90' lang='lat' dir='ltr'>oratio.</span> <span class='ocrx_word' id='word_1_193' title='bbox 1376 1475 1459 1517; x_wconf 90' lang='lat' dir='ltr'>Sed</span> 
     </span>
     <span class='ocr_line' id='line_1_28' title="bbox 120 1531 1457 1588; baseline 0.002 -16"><span class='ocrx_word' id='word_1_194' title='bbox 120 1546 169 1572; x_wconf 88' lang='lat' dir='ltr'>ea</span> <span class='ocrx_word' id='word_1_195' title='bbox 199 1531 244 1572; x_wconf 91' lang='lat' dir='ltr'>in</span> <span class='ocrx_word' id='word_1_196' title='bbox 274 1532 434 1573; x_wconf 91' lang='lat' dir='ltr'>nostris</span> <span class='ocrx_word' id='word_1_197' title='bbox 466 1532 637 1573; x_wconf 86' lang='lat' dir='ltr'>inscitia</span> <span class='ocrx_word' id='word_1_198' title='bbox 662 1536 739 1586; x_wconf 90' lang='lat' dir='ltr'>est,</span> <span class='ocrx_word' id='word_1_199' title='bbox 772 1533 884 1587; x_wconf 89' lang='lat' dir='ltr'>quod</span> <span class='ocrx_word' id='word_1_200' title='bbox 914 1533 959 1574; x_wconf 91' lang='lat' dir='ltr'>hi</span> <span class='ocrx_word' id='word_1_201' title='bbox 987 1534 1083 1588; x_wconf 89' lang='lat' dir='ltr'>ipsi,</span> <span class='ocrx_word' id='word_1_202' title='bbox 1115 1534 1187 1588; x_wconf 90' lang='lat' dir='ltr'>qui</span> <span class='ocrx_word' id='word_1_203' title='bbox 1212 1534 1257 1574; x_wconf 90' lang='lat' dir='ltr'>in</span> <span class='ocrx_word' id='word_1_204' title='bbox 1285 1534 1457 1575; x_wconf 81' lang='lat' dir='ltr'>Graecis</span> 
     </span>
     <span class='ocr_line' id='line_1_29' title="bbox 67 1589 1460 1647; baseline 0.003 -17"><span class='ocrx_word' id='word_1_205' title='bbox 67 1604 100 1630; x_wconf 78' lang='lat'>25</span> <span class='ocrx_word' id='word_1_206' title='bbox 120 1589 376 1643; x_wconf 86' lang='lat' dir='ltr'>antiquitate</span> <span class='ocrx_word' id='word_1_207' title='bbox 397 1590 661 1631; x_wconf 88' lang='lat' dir='ltr'>delectantur</span> <span class='ocrx_word' id='word_1_208' title='bbox 680 1605 812 1644; x_wconf 87' lang='lat' dir='ltr'>eaque</span> <span class='ocrx_word' id='word_1_209' title='bbox 839 1592 1093 1647; x_wconf 87' lang='lat' dir='ltr'>subtilitate,</span> <span class='ocrx_word' id='word_1_210' title='bbox 1120 1607 1245 1646; x_wconf 87' lang='lat' dir='ltr'>quam</span> <span class='ocrx_word' id='word_1_211' title='bbox 1265 1592 1460 1634; x_wconf 81' lang='lat' dir='ltr'>Atticam</span> 
     </span>
     <span class='ocr_line' id='line_1_30' title="bbox 119 1647 1459 1705; baseline 0.003 -17"><span class='ocrx_word' id='word_1_212' title='bbox 119 1648 348 1702; x_wconf 88' lang='lat' dir='ltr'>appellant,</span> <span class='ocrx_word' id='word_1_213' title='bbox 378 1648 487 1690; x_wconf 90' lang='lat' dir='ltr'>hanc</span> <span class='ocrx_word' id='word_1_214' title='bbox 511 1648 557 1689; x_wconf 91' lang='lat' dir='ltr'>in</span> <span class='ocrx_word' id='word_1_215' title='bbox 583 1647 744 1690; x_wconf 82' lang='lat' dir='ltr'>Catone</span> <span class='ocrx_word' id='word_1_216' title='bbox 769 1664 821 1690; x_wconf 89' lang='lat' dir='ltr'>ne</span> <span class='ocrx_word' id='word_1_217' title='bbox 846 1654 1058 1691; x_wconf 78' lang='lat' dir='ltr'>noverunt</span> <span class='ocrx_word' id='word_1_218' title='bbox 1090 1650 1269 1705; x_wconf 90' lang='lat' dir='ltr'>quidem.</span> <span class='ocrx_word' id='word_1_219' title='bbox 1319 1651 1459 1705; x_wconf 90' lang='lat' dir='ltr'>Hype-</span> 
     </span>
     <span class='ocr_line' id='line_1_31' title="bbox 118 1706 1459 1761; baseline 0.003 -15"><span class='ocrx_word' id='word_1_220' title='bbox 118 1706 235 1747; x_wconf 89' lang='lat' dir='ltr'>ridae</span> <span class='ocrx_word' id='word_1_221' title='bbox 266 1706 415 1747; x_wconf 85' lang='lat' dir='ltr'>vohmt</span> <span class='ocrx_word' id='word_1_222' title='bbox 447 1721 538 1748; x_wconf 91' lang='lat' dir='ltr'>esse</span> <span class='ocrx_word' id='word_1_223' title='bbox 571 1710 612 1748; x_wconf 93' lang='lat' dir='ltr'>et</span> <span class='ocrx_word' id='word_1_224' title='bbox 644 1706 808 1761; x_wconf 88' lang='lat' dir='ltr'>Lysiae.</span> <span class='ocrx_word' id='word_1_225' title='bbox 865 1707 1023 1749; x_wconf 89' lang='lat' dir='ltr'>Laudo.</span> <span class='ocrx_word' id='word_1_226' title='bbox 1089 1708 1169 1750; x_wconf 86' lang='lat' dir='ltr'>Sed</span> <span class='ocrx_word' id='word_1_227' title='bbox 1201 1724 1275 1750; x_wconf 87' lang='lat' dir='ltr'>cur</span> <span class='ocrx_word' id='word_1_228' title='bbox 1305 1710 1459 1750; x_wconf 91' lang='lat' dir='ltr'>nolunt</span> 
     </span>
     <span class='ocr_line' id='line_1_32' title="bbox 121 1763 1458 1822; baseline 0.002 -17"><span class='ocrx_word' id='word_1_229' title='bbox 121 1763 335 1806; x_wconf 77' lang='lat' dir='ltr'>Catones?</span> <span class='ocrx_word' id='word_1_230' title='bbox 383 1765 531 1806; x_wconf 88' lang='lat' dir='ltr'>Attico</span> <span class='ocrx_word' id='word_1_231' title='bbox 577 1779 729 1820; x_wconf 90' lang='lat' dir='ltr'>genere</span> <span class='ocrx_word' id='word_1_232' title='bbox 775 1766 939 1807; x_wconf 91' lang='lat' dir='ltr'>dicendi</span> <span class='ocrx_word' id='word_1_233' title='bbox 984 1782 1027 1808; x_wconf 92' lang='lat' dir='ltr'>se</span> <span class='ocrx_word' id='word_1_234' title='bbox 1073 1768 1255 1822; x_wconf 86' lang='lat' dir='ltr'>gaudere</span> <span class='ocrx_word' id='word_1_235' title='bbox 1301 1767 1458 1809; x_wconf 90' lang='lat' dir='ltr'>dicunt.</span> 
     </span>
     <span class='ocr_line' id='line_1_33' title="bbox 122 1821 1459 1878; baseline 0.003 -16"><span class='ocrx_word' id='word_1_236' title='bbox 122 1821 345 1875; x_wconf 82' lang='lat' dir='ltr'>Sapienter</span> <span class='ocrx_word' id='word_1_237' title='bbox 384 1823 428 1863; x_wconf 84' lang='lat' dir='ltr'>id</span> <span class='ocrx_word' id='word_1_238' title='bbox 466 1823 652 1878; x_wconf 81' lang='lat' dir='ltr'>quidem3</span> <span class='ocrx_word' id='word_1_239' title='bbox 696 1826 822 1877; x_wconf 87' lang='lat' dir='ltr'>atque</span> <span class='ocrx_word' id='word_1_240' title='bbox 863 1825 1028 1866; x_wconf 90' lang='lat' dir='ltr'>utinam</span> <span class='ocrx_word' id='word_1_241' title='bbox 1068 1825 1342 1866; x_wconf 84' lang='lat' dir='ltr'>imitarentur</span> <span class='ocrx_word' id='word_1_242' title='bbox 1382 1840 1459 1867; x_wconf 88' lang='grc'>1100</span> 
     </span>
     <span class='ocr_line' id='line_1_34' title="bbox 68 1881 1460 1938; baseline 0.003 -18"><span class='ocrx_word' id='word_1_243' title='bbox 68 1895 102 1921; x_wconf 84' lang='lat'>30</span> <span class='ocrx_word' id='word_1_244' title='bbox 123 1895 219 1921; x_wconf 83' lang='lat' dir='ltr'>ossa</span> <span class='ocrx_word' id='word_1_245' title='bbox 252 1881 401 1935; x_wconf 87' lang='lat' dir='ltr'>solum,</span> <span class='ocrx_word' id='word_1_246' title='bbox 433 1882 505 1922; x_wconf 88' lang='lat' dir='ltr'>sed</span> <span class='ocrx_word' id='word_1_247' title='bbox 531 1881 662 1922; x_wconf 89' lang='lat' dir='ltr'>etiam</span> <span class='ocrx_word' id='word_1_248' title='bbox 688 1882 955 1937; x_wconf 81' lang='lat' dir='ltr'>sanguinem!</span> <span class='ocrx_word' id='word_1_249' title='bbox 996 1882 1176 1924; x_wconf 75' lang='lat' dir='ltr'>Gratum</span> <span class='ocrx_word' id='word_1_250' title='bbox 1209 1886 1273 1924; x_wconf 89' lang='lat' dir='ltr'>est</span> <span class='ocrx_word' id='word_1_251' title='bbox 1304 1887 1460 1938; x_wconf 87' lang='lat' dir='ltr'>tamen,</span> 
     </span>
     <span class='ocr_line' id='line_1_35' title="bbox 122 1938 1460 1996; baseline 0.003 -18"><span class='ocrx_word' id='word_1_252' title='bbox 122 1938 235 1992; x_wconf 88' lang='lat' dir='ltr'>quod</span> <span class='ocrx_word' id='word_1_253' title='bbox 266 1939 424 1979; x_wconf 77' lang='lat' dir='ltr'>volunt.</span> <span class='ocrx_word' id='word_1_254' title='bbox 457 1964 511 1968; x_wconf 94' lang='lat'><strong>—</strong></span> <span class='ocrx_word' id='word_1_255' title='bbox 545 1938 630 1980; x_wconf 83' lang='lat' dir='ltr'>Cur</span> <span class='ocrx_word' id='word_1_256' title='bbox 660 1940 795 1995; x_wconf 89' lang='lat' dir='ltr'>igitur</span> <span class='ocrx_word' id='word_1_257' title='bbox 825 1940 976 1995; x_wconf 86' lang='lat' dir='ltr'>Lysias</span> <span class='ocrx_word' id='word_1_258' title='bbox 1009 1944 1051 1982; x_wconf 91' lang='lat' dir='ltr'>et</span> <span class='ocrx_word' id='word_1_259' title='bbox 1078 1941 1315 1996; x_wconf 87' lang='lat' dir='ltr'>Hyperides</span> <span class='ocrx_word' id='word_1_260' title='bbox 1349 1957 1460 1982; x_wconf 86' lang='lat' dir='ltr'>ama-</span> 
     </span>
     <span class='ocr_line' id='line_1_36' title="bbox 121 1997 1458 2054; baseline 0.003 -18"><span class='ocrx_word' id='word_1_261' title='bbox 121 1999 204 2050; x_wconf 85' lang='lat' dir='ltr'>tur,</span> <span class='ocrx_word' id='word_1_262' title='bbox 235 2011 331 2037; x_wconf 88' lang='lat' dir='ltr'>cum</span> <span class='ocrx_word' id='word_1_263' title='bbox 362 1997 531 2051; x_wconf 91' lang='lat' dir='ltr'>penitus</span> <span class='ocrx_word' id='word_1_264' title='bbox 562 1998 786 2053; x_wconf 88' lang='lat' dir='ltr'>ignoretur</span> <span class='ocrx_word' id='word_1_265' title='bbox 812 1998 948 2040; x_wconf 79' lang='lat' dir='ltr'>Cato?</span> <span class='ocrx_word' id='word_1_266' title='bbox 985 1999 1216 2054; x_wconf 84' lang='lat' dir='ltr'>Antiquior</span> <span class='ocrx_word' id='word_1_267' title='bbox 1241 2002 1305 2040; x_wconf 89' lang='lat' dir='ltr'>est</span> <span class='ocrx_word' id='word_1_268' title='bbox 1331 2000 1458 2040; x_wconf 91' lang='lat' dir='ltr'>huius</span> 
     </span>
     <span class='ocr_line' id='line_1_37' title="bbox 122 2056 1460 2108; baseline 0.003 -14"><span class='ocrx_word' id='word_1_269' title='bbox 122 2068 260 2095; x_wconf 90' lang='lat' dir='ltr'>sermo</span> <span class='ocrx_word' id='word_1_270' title='bbox 302 2058 344 2095; x_wconf 86' lang='lat' dir='ltr'>et</span> <span class='ocrx_word' id='word_1_271' title='bbox 385 2056 590 2108; x_wconf 85' lang='lat' dir='ltr'>quaedam</span> <span class='ocrx_word' id='word_1_272' title='bbox 630 2056 869 2097; x_wconf 86' lang='lat' dir='ltr'>horridiora</span> <span class='ocrx_word' id='word_1_273' title='bbox 909 2058 1049 2098; x_wconf 83' lang='lat' dir='ltr'>verba.</span> <span class='ocrx_word' id='word_1_274' title='bbox 1112 2058 1180 2098; x_wconf 87' lang='lat' dir='ltr'>Ita</span> <span class='ocrx_word' id='word_1_275' title='bbox 1217 2058 1331 2098; x_wconf 92' lang='lat' dir='ltr'>enim</span> <span class='ocrx_word' id='word_1_276' title='bbox 1368 2061 1460 2099; x_wconf 90' lang='lat' dir='ltr'>tum</span> 
     </span>
     <span class='ocr_line' id='line_1_38' title="bbox 120 2112 1460 2169; baseline 0.002 -16"><span class='ocrx_word' id='word_1_277' title='bbox 120 2112 415 2166; x_wconf 89' lang='lat' dir='ltr'>loquebantur.</span> <span class='ocrx_word' id='word_1_278' title='bbox 476 2113 525 2154; x_wconf 88' lang='lat' dir='ltr'>Id</span> <span class='ocrx_word' id='word_1_279' title='bbox 556 2117 694 2168; x_wconf 85' lang='lat' dir='ltr'>muta,</span> <span class='ocrx_word' id='word_1_280' title='bbox 731 2115 844 2168; x_wconf 90' lang='lat' dir='ltr'>quod</span> <span class='ocrx_word' id='word_1_281' title='bbox 875 2118 967 2156; x_wconf 91' lang='lat' dir='ltr'>tum</span> <span class='ocrx_word' id='word_1_282' title='bbox 998 2115 1070 2156; x_wconf 92' lang='lat' dir='ltr'>ille</span> <span class='ocrx_word' id='word_1_283' title='bbox 1101 2130 1188 2157; x_wconf 88' lang='lat' dir='ltr'>non</span> <span class='ocrx_word' id='word_1_284' title='bbox 1218 2116 1379 2169; x_wconf 81' lang='lat' dir='ltr'>potuit,</span> <span class='ocrx_word' id='word_1_285' title='bbox 1418 2119 1460 2156; x_wconf 89' lang='lat' dir='ltr'>et</span> 
     </span>
     <span class='ocr_line' id='line_1_39' title="bbox 69 2171 1458 2228; baseline 0.002 -17"><span class='ocrx_word' id='word_1_286' title='bbox 69 2187 101 2212; x_wconf 85' lang='lat'>35</span> <span class='ocrx_word' id='word_1_287' title='bbox 122 2171 226 2212; x_wconf 85' lang='lat' dir='ltr'>adde</span> <span class='ocrx_word' id='word_1_288' title='bbox 252 2186 450 2212; x_wconf 90' lang='lat' dir='ltr'>numeros</span> <span class='ocrx_word' id='word_1_289' title='bbox 477 2175 525 2213; x_wconf 90' lang='lat' dir='ltr'>ut</span> <span class='ocrx_word' id='word_1_290' title='bbox 551 2172 690 2226; x_wconf 87' lang='lat' dir='ltr'>aptior</span> <span class='ocrx_word' id='word_1_291' title='bbox 716 2173 773 2213; x_wconf 90' lang='lat' dir='ltr'>sit</span> <span class='ocrx_word' id='word_1_292' title='bbox 799 2173 949 2225; x_wconf 89' lang='lat' dir='ltr'>oratio,</span> <span class='ocrx_word' id='word_1_293' title='bbox 979 2173 1074 2228; x_wconf 90' lang='lat' dir='ltr'>ipsa</span> <span class='ocrx_word' id='word_1_294' title='bbox 1099 2174 1228 2214; x_wconf 88' lang='lat' dir='ltr'>verba</span> <span class='ocrx_word' id='word_1_295' title='bbox 1254 2188 1458 2227; x_wconf 86' lang='lat' dir='ltr'>compone</span> 
     </span>
     <span class='ocr_line' id='line_1_40' title="bbox 122 2229 1459 2286; baseline 0.001 -17"><span class='ocrx_word' id='word_1_296' title='bbox 122 2231 165 2269; x_wconf 88' lang='lat' dir='ltr'>et</span> <span class='ocrx_word' id='word_1_297' title='bbox 196 2229 318 2282; x_wconf 87' lang='lat' dir='ltr'>quasi</span> <span class='ocrx_word' id='word_1_298' title='bbox 357 2234 625 2285; x_wconf 86' lang='lat' dir='ltr'>coagmenta,</span> <span class='ocrx_word' id='word_1_299' title='bbox 665 2231 778 2284; x_wconf 90' lang='lat' dir='ltr'>quod</span> <span class='ocrx_word' id='word_1_300' title='bbox 814 2246 866 2272; x_wconf 90' lang='lat' dir='ltr'>ne</span> <span class='ocrx_word' id='word_1_301' title='bbox 900 2231 1051 2273; x_wconf 83' lang='lat' dir='ltr'>Graeci</span> <span class='ocrx_word' id='word_1_302' title='bbox 1089 2232 1259 2286; x_wconf 89' lang='lat' dir='ltr'>quidem</span> <span class='ocrx_word' id='word_1_303' title='bbox 1296 2236 1459 2272; x_wconf 83' lang='lat' dir='ltr'>veteres</span> 
     </span>
     <span class='ocr_line' id='line_1_41' title="bbox 122 2286 1457 2344; baseline 0 -16"><span class='ocrx_word' id='word_1_304' title='bbox 122 2286 442 2329; x_wconf 84' lang='lat' dir='ltr'>factitaverunt:</span> <span class='ocrx_word' id='word_1_305' title='bbox 473 2288 560 2329; x_wconf 89' lang='lat' dir='ltr'>iam</span> <span class='ocrx_word' id='word_1_306' title='bbox 590 2289 802 2330; x_wconf 90' lang='lat' dir='ltr'>neminem</span> <span class='ocrx_word' id='word_1_307' title='bbox 829 2292 1061 2344; x_wconf 90' lang='lat' dir='ltr'>antepones</span> <span class='ocrx_word' id='word_1_308' title='bbox 1089 2290 1254 2332; x_wconf 85' lang='lat' dir='ltr'>Catoni.</span> <span class='ocrx_word' id='word_1_309' title='bbox 1306 2288 1457 2330; x_wconf 85' lang='lat' dir='ltr'>Ornari</span> 
     </span>
    </p>
   </div>
   <div class='ocr_carea' id='block_1_8' title="bbox 1486 1720 1529 1751">
    <p class='ocr_par' dir='ltr' id='par_1_8' title="bbox 1486 1720 1529 1751">
     <span class='ocr_line' id='line_1_42' title="bbox 1486 1720 1529 1751; baseline -0.023 0"><span class='ocrx_word' id='word_1_310' title='bbox 1486 1720 1529 1751; x_wconf 78' lang='lat'>68</span> 
     </span>
    </p>
   </div>
   <div class='ocr_carea' id='block_1_9' title="bbox 1486 2299 1528 2329">
    <p class='ocr_par' dir='ltr' id='par_1_9' title="bbox 1486 2299 1528 2329">
     <span class='ocr_line' id='line_1_43' title="bbox 1486 2299 1528 2329; baseline 0 0"><span class='ocrx_word' id='word_1_311' title='bbox 1486 2299 1528 2329; x_wconf 80' lang='lat'>69</span> 
     </span>
    </p>
   </div>
  </div>
 </body>
</html>
