1643 2526
114 661 138 701 8

95 787 139 817 33

95 1252 141 1283 34

95 1777 140 1808 35

95 2242 139 2272 36

163 99 251 141 432
746 100 918 136 TOPICA

166 209 217 235 ex
249 195 528 236 similitudine
567 210 664 236 eum
696 195 838 250 aliqua
871 195 1092 237 suavitate.
1156 194 1240 237 Sed
1271 210 1350 252 ego
1384 211 1408 237 a
1438 211 1506 238 ve-

166 253 267 294 stris
300 253 502 307 exemplis
540 253 624 294 nisi
660 254 900 295 necessario
938 268 1025 294 non
1061 254 1265 295 recedam.
1329 253 1505 296 Solebat

165 311 299 366 igitur
340 311 534 365 Aquilius
574 312 751 367 conlega
788 316 831 353 et
874 312 1097 353 familiaris
1137 327 1275 366 meus,
1315 327 1412 354 cum
1454 313 1504 354 de

165 370 365 410 litoribus
409 373 625 425 ageretur,
670 385 776 424 quae
828 371 970 411 omnia
1013 370 1185 424 publica
1229 385 1319 412 esse
1363 370 1506 426 voltis,

165 427 468 480 quaerentibus
506 428 577 483 iis,
621 443 727 482 quos
769 429 822 469 ad
860 429 904 469 id
947 429 1207 483 pertinebat,
1250 429 1351 483 quid
1392 432 1504 470 esset
1543 444 1558 469 5

165 486 282 540 litus,
312 486 375 527 ita
407 486 593 541 definire,
625 501 708 540 qua
739 487 894 528 fluctus
927 487 1132 542 eluderet3
1162 487 1244 528 hoc
1276 490 1353 541 est,
1385 487 1505 540 quasi

167 544 239 597 qui
272 544 602 586 adulescentiam
634 545 783 586 florem
815 545 980 599 aetatis,
1013 548 1275 586 senectutem
1308 560 1505 587 occasum

165 602 278 643 vitae
305 603 407 644 velit
433 603 624 658 definire3
656 603 883 644 tralatione
916 603 1029 644 enim
1060 606 1184 644 utens
1212 603 1455 645 discedebat
1481 619 1506 644 a

166 661 307 701 verbis
345 661 528 715 propriis
566 676 708 702 rerum
747 677 794 702 ae
832 662 930 702 suis.
993 661 1115 710 Quod
1153 662 1205 702 ad
1236 661 1504 703 definitiones

167 718 333 772 attinet,
363 719 587 774 haetenus3
622 720 785 773 reliqua
816 720 1046 760 videamus.
1526 736 1558 760 ιο
1617 719 1623 768 ,ἓ

283 777 522 818 Partitione
549 780 642 818 tum
669 778 728 819 sic
749 778 954 818 utendum
975 781 1052 832 est,
1076 778 1240 819 nullam
1265 782 1314 819 ut
1338 782 1505 833 partem

164 835 400 890 relinquas3
431 839 491 889 ut,
524 836 559 876 si
590 836 742 890 partiri
768 836 872 877 velis
898 837 1069 890 tutelas,
1100 836 1330 877 inscienter
1360 836 1507 891 facias,

167 893 201 934 si
234 894 366 934 ullam
397 894 727 948 praetermittas.
788 894 848 935 At
881 895 916 935 si
949 895 1276 949 stipulationum
1302 898 1376 936 aut
1400 894 1506 935 iudi-

167 952 328 993 ciorum
363 952 568 993 formulas
604 953 803 1006 partiare,
836 967 924 993 non
959 956 1024 994 est
1058 953 1262 994 vitiosum
1292 953 1339 994 in
1369 967 1414 994 re
1445 953 1506 993 in-

165 1010 287 1050 finita
317 1010 658 1064 praetermittere
692 1011 862 1064 aliquid.
926 1010 1047 1059 Quod
1077 1011 1191 1052 idem
1221 1011 1267 1051 in
1298 1011 1505 1052 divisione
1525 1026 1558 1051 15

165 1068 368 1109 vitiosum
413 1072 487 1109 est.
550 1069 804 1110 Formarum
849 1069 961 1110 enim
1005 1073 1145 1110 certus
1187 1072 1252 1110 est
1291 1084 1506 1124 numerus,

166 1141 272 1179 quae
318 1127 469 1180 cuique
514 1127 658 1181 generi
703 1127 985 1182 subiciantur3
1028 1128 1216 1181 partium
1259 1127 1504 1168 distributio

166 1199 290 1238 saepe
313 1186 415 1237 [est]
436 1185 657 1239 infinitior,
676 1189 899 1239 tamquam
918 1186 1107 1226 rivorum
1128 1201 1152 1226 a
1170 1185 1290 1226 fonte
1305 1186 1504 1227 diductio.

166 1242 317 1296 Itaque
349 1243 394 1283 in
433 1244 631 1284 oratoriis
670 1244 834 1284 artibus
874 1243 1136 1297 quaestionis
1170 1258 1322 1298 genere
1353 1258 1506 1298 propo-

167 1301 263 1355 sito,
296 1304 400 1354 quot
433 1301 522 1342 eius
554 1302 716 1342 formae
750 1302 848 1355 sint,
880 1301 1157 1356 subiungitur
1189 1302 1394 1343 absolute.
1446 1302 1506 1343 At
1525 1317 1558 1341 20

166 1374 263 1400 eum
306 1359 355 1400 de
402 1359 664 1400 ornamentis
708 1360 935 1400 verborum
985 1360 1345 1401 sententiarumve
1388 1375 1507 1414 prae-

166 1417 334 1471 cipitur,
367 1432 473 1471 quae
506 1421 662 1459 vocant
695 1419 903 1472 σχήματα,
939 1432 1027 1459 non
1058 1418 1107 1458 fit
1137 1418 1261 1459 idem.
1323 1417 1408 1459 Res
1441 1421 1507 1459 est

166 1476 279 1516 enim
318 1476 545 1531 infinitior3
589 1479 637 1517 ut
677 1491 727 1516 ex
764 1477 845 1517 hoc
884 1491 1051 1530 quoque
1088 1476 1365 1531 intellegatur
1404 1476 1507 1530 quid

166 1534 345 1574 velimus
395 1534 507 1574 inter
561 1534 838 1588 partitionem
888 1538 930 1575 et
980 1534 1232 1576 divisionem
1286 1535 1504 1575 interesse.

166 1591 433 1645 Quamquam
476 1592 588 1633 enim
635 1593 839 1633 vocabula
882 1607 1014 1647 prope
1057 1593 1169 1633 idem
1212 1593 1352 1633 valere
1395 1592 1506 1633 vide-
1525 1607 1558 1632 25

165 1650 333 1703 bantur,
364 1653 509 1690 tamen
541 1650 640 1704 quia
671 1665 737 1691 res
771 1651 1035 1705 differebant,
1068 1651 1243 1691 nomina
1274 1665 1415 1691 rerum
1447 1650 1506 1691 di-

166 1711 279 1748 stare
311 1708 547 1748 voluerunt.

284 1765 422 1806 Multa
442 1766 572 1807 etiam
592 1780 643 1806 ex
663 1766 882 1807 notatione
904 1770 1141 1809 sumuntur.
1179 1766 1245 1807 Ea
1264 1769 1330 1807 est
1350 1769 1506 1821 autem,

167 1839 263 1866 eum
289 1839 339 1865 ex
364 1824 406 1865 vi
431 1824 616 1865 nominis
648 1827 948 1879 argumentum
980 1824 1166 1879 elicitur·
1198 1840 1324 1879 quam
1352 1800 1506 1866 Graeci

167 1882 454 1936 ἐτυμολογίαν
487 1882 715 1937 appellant,
751 1883 812 1923 id
826 1885 891 1923 est
922 1883 1099 1924 verbum
1132 1897 1182 1924 ex
1213 1883 1342 1924 verbo
1375 1882 1504 1924 veri·
1522 1899 1556 1923 3ο

165 1940 411 1996 loquium,
453 1955 531 1982 nos
565 1944 709 1982 autem
738 1941 975 1981 novitatem
1006 1941 1125 1982 verbi
1156 1956 1243 1982 non
1275 1940 1379 1982 satis
1413 1940 1503 1995 apti

165 1998 380 2053 fugientes
423 2013 556 2054 genus
596 1998 678 2039 hoc
717 1999 1040 2040 notationem
1078 1999 1360 2054 appellamus,
1404 1999 1503 2053 quia

167 2060 266 2097 sunt
298 2034 448 2097 verbao
464 2071 605 2098 rerum
641 2060 780 2097 notae.
841 2057 991 2110 Itaque
1022 2057 1104 2099 hoc
1137 2057 1308 2111 quidem
1339 2057 1503 2098 Aristo-

166 2115 271 2155 teles
305 2115 529 2168 σύμβολον
561 2115 764 2169 appellat,
803 2115 915 2168 quod
945 2115 1098 2156 Latine
1131 2118 1195 2156 est
1226 2118 1357 2156 nota.
1420 2113 1502 2156 Sed.

166 2187 262 2214 eum
293 2172 558 2228 intellegitur
590 2173 690 2226 quid
723 2173 1004 2228 significetur,
1044 2174 1184 2215 minus
1221 2173 1502 2214 laborandum
1521 2189 1554 2214 35

166 2234 231 2272 est
262 2231 311 2272 de
343 2231 526 2272 nomine.
586 2230 725 2272 Multa
753 2231 887 2286 igitur
916 2232 963 2272 in
994 2232 1249 2286 disputando
1280 2232 1502 2272 notatione

167 2289 393 2330 eliciuntur
419 2304 468 2330 ex
494 2290 636 2343 verbo,
667 2292 715 2330 ut
747 2304 843 2330 cum
877 2290 1095 2344 quaeritur
1126 2289 1503 2345 postliminium

1616 770 1623 842 «ἢ
