1643 2526
550 68 650 102 CAP.
678 72 829 103 21-22.
880 72 899 110 ς)
927 71 1075 103 78-86.
1399 69 1487 110 445

142 165 189 206 in
227 167 431 218 quattuor
468 166 613 218 partes
652 163 943 217 distributast,
987 177 1167 216 quarum
1205 165 1350 216 unast,
1391 177 1486 204 cum

144 222 364 278 quaeritur
396 222 506 263 sitne
539 221 718 276 aliquid3
758 221 893 262 altera
924 221 1034 262 unde
1067 224 1211 262 ortum
1244 220 1320 274 sit3
1358 222 1487 262 tertia

144 295 251 334 quae
289 281 332 321 id
370 295 497 321 causa
534 280 738 334 effecerit3
781 283 935 333 quarta
969 280 1014 320 in
1055 294 1139 333 qua
1170 279 1220 319 de
1253 283 1487 320 commuta—

142 340 259 380 tione
279 339 341 380 rei
363 339 591 392 quaeritur.
643 337 762 379 Sitne
790 338 866 379 sic:
894 338 1146 391 ecquidnam
1167 338 1224 378 sit
1244 337 1486 391 honestum,

108 417 124 442 5
143 397 294 451 ecquid
334 411 517 450 aequum
547 411 593 438 re
624 411 740 451 vera,
783 411 837 437 an
870 396 975 437 haec
1007 399 1177 437 tantum
1207 395 1253 436 in
1285 396 1485 450 opinione

146 456 280 508 [sint].
343 455 464 496 Unde
498 458 640 496 autem
674 455 730 495 sit
763 458 922 496 ortum:
956 458 1004 495 ut
1030 469 1126 496 cum
1154 454 1384 508 quaeritur,
1414 469 1486 495 na-

143 518 242 555 tura
285 528 338 554 an
382 513 575 555 doctrina
617 513 755 567 possit
796 513 907 554 effici
949 513 1098 554 virtus.
1162 512 1301 553 Causa
1342 516 1485 553 autem

144 572 332 613 efficiens
373 572 432 613 sic
471 572 707 626 quaeritur,
751 571 904 625 quibus
948 572 1075 612 rebus
1117 571 1362 624 eloquentia
1399 571 1486 612 effi-

144 631 290 672 ciatur.
342 629 405 671 De
433 630 766 671 commutatione
787 630 864 671 sic:
896 630 1088 684 possitne
1110 629 1354 683 eloquentia
1374 644 1485 670 com-

92 708 124 733 10
144 688 382 730 mutatione
422 688 564 741 aliqua
602 689 793 729 converti
822 688 868 728 in
898 688 1137 729 infantiam.
1200 690 1308 729 Cum
1341 690 1485 728 autem

145 747 246 801 quid
278 747 335 787 sit
367 747 604 800 quaeritur,
639 747 760 787 notio
793 746 1042 800 explicanda
1074 749 1138 787 est
1170 748 1212 786 et
1243 746 1484 800 proprietas

144 808 187 846 et
214 805 365 846 divisio
393 808 436 845 et
460 805 649 859 partitio.
693 805 810 846 Haec
836 805 949 845 enim
975 807 1075 845 sunt
1102 804 1340 845 definitioni
1368 804 1486 844 attri-

144 864 266 918 buta3
299 863 468 904 additur
493 863 623 904 etiam
643 863 886 917 descriptio,
912 877 1039 916 quam
1066 869 1312 916 χαρακτῆρα
1333 861 1485 903 Graeci

143 924 309 963 vocant.
371 920 504 962 Notio
542 921 603 962 sic
636 921 871 975 quaeritur:
916 921 1025 962 sitne
1057 921 1100 961 id
1133 935 1334 975 aequum,
1373 921 1486 974 quod

93 999 125 1023 15
145 980 195 1034 ei,
227 980 300 1033 qui
331 979 427 1034 plus
457 982 620 1033 potest,
657 980 815 1020 utilest.
876 979 1121 1033 Proprietas
1155 979 1232 1020 sic:
1276 979 1321 1019 in
1351 978 1486 1019 homi-

143 1052 296 1079 nemne
340 1038 479 1078 solum
523 1038 647 1079 cadat
692 1053 746 1078 an
789 1038 919 1078 etiam
967 1038 1013 1078 in
1058 1038 1205 1078 beluas
1251 1037 1484 1092 aegritudo.

144 1095 310 1136 Divisio
344 1099 386 1136 et
423 1096 572 1136 eodem
608 1099 735 1149 pacto
773 1096 950 1150 partitio
992 1095 1108 1147 [sic]:
1152 1095 1290 1136 triane
1331 1110 1486 1150 genera

144 1155 356 1195 bonorum
395 1154 491 1194 sint.
560 1153 823 1208 Descriptio,
867 1154 1004 1208 qualis
1042 1154 1098 1194 sit
1136 1168 1307 1207 avarus,
1348 1153 1485 1207 qualis

146 1213 394 1253 adsentator
420 1215 643 1265 ceteraque
670 1212 857 1253 eiusdem
885 1212 1065 1267 generis,
1096 1212 1141 1252 in
1168 1212 1322 1265 quibus
1350 1215 1391 1252 et
1415 1227 1487 1252 na·
1512 1217 1520 1220 ’

93 1290 126 1314 20
145 1275 245 1311 tura
277 1273 318 1310 et
350 1270 439 1316 vita
470 1270 737 1310 describitur.
800 1269 907 1311 Cum
940 1273 1083 1310 autem
1116 1270 1336 1323 quaeritur
1363 1270 1485 1324 quale
1511 1281 1556 1311 84

147 1328 247 1382 quid
273 1328 342 1382 sit,
374 1331 448 1368 aut
474 1328 724 1382 simpliciter
750 1330 970 1381 quaeritur
996 1331 1070 1368 aut
1096 1331 1359 1382 comparate3
1391 1328 1488 1369 sim-

145 1386 331 1441 pliciter:
375 1386 679 1440 Expetendane
711 1386 768 1427 sit
801 1386 954 1441 gloria3
999 1390 1261 1440 comparate:
1306 1386 1488 1440 Praepo-

145 1445 337 1485 nendane
382 1444 439 1485 sit
483 1444 643 1485 divitiis
688 1445 833 1499 gloria.
905 1443 1172 1498 Simplicium
1209 1444 1293 1485 tria
1332 1458 1488 1499 genera

148 1506 263 1543 sunt:
308 1503 357 1543 de
396 1504 630 1557 expetendo
662 1502 967 1557 fugiendoque,
1005 1503 1054 1543 de
1087 1517 1221 1556 aequo
1254 1505 1296 1543 et
1326 1503 1488 1556 iniquo,

94 1579 127 1604 25
147 1561 197 1602 de
216 1561 397 1601 honesto
419 1566 462 1601 et
481 1561 608 1615 turpi.
659 1561 1038 1615 Comparationum
1059 1564 1202 1601 autem
1223 1561 1323 1601 duo:
1355 1575 1487 1601 unum

146 1620 196 1660 de
229 1619 377 1660 eodem
409 1622 452 1660 et
483 1619 584 1673 alio,
625 1619 807 1660 alterum
838 1620 887 1660 de
920 1620 1080 1660 maiore
1112 1623 1154 1660 et
1186 1619 1360 1659 minore.
1422 1619 1486 1660 De

147 1678 381 1731 expetendo
409 1680 452 1718 et
476 1677 679 1732 fugiendo
705 1678 831 1718 liuius
858 1678 989 1718 modi:
1024 1677 1068 1719 Si
1094 1678 1354 1731 expetendae
1387 1677 1489 1717 divi-

149 1735 251 1789 tiae,
301 1735 337 1776 si
378 1735 583 1790 fugienda
631 1739 872 1790 paupertas.
945 1736 1008 1777 De
1059 1750 1193 1789 aequo
1239 1739 1280 1776 et
1322 1735 1488 1789 iniquo:

148 1793 399 1846 Aequumne
427 1794 483 1834 sit
508 1794 658 1835 ulcisci
684 1809 709 1834 a
734 1809 1001 1847 quocumque
1034 1794 1235 1834 iniuriam
1264 1794 1487 1848 acceperis.

96 1869 130 1894 30
148 1850 212 1892 De
238 1851 419 1892 honesto
447 1855 490 1892 et
515 1852 647 1905 turpi:
680 1852 976 1893 Honestumne
1005 1852 1060 1893 sit
1085 1867 1162 1906 pro
1188 1852 1328 1906 patria
1349 1852 1487 1892 mori?

147 1909 214 1950 Ex
245 1909 380 1950 altero
412 1912 556 1950 autem
588 1924 753 1964 genere,
785 1911 898 1963 quod
931 1914 1021 1950 erat
1053 1910 1318 1964 bipertitum,
1355 1925 1487 1950 unum
1513 1921 1557 1951 85

148 1970 213 2008 est
243 1968 293 2008 'de
326 1967 473 2008 eodem
504 1970 546 2008 et
577 1968 677 2008 alio:
728 1968 837 2016 Quid
873 1968 1044 2009 intersit
1081 1969 1194 2009 inter
1229 1968 1413 2008 amicum
1446 1972 1488 2008 et

85 2068 88 2071 ,
148 2025 476 2079 adsentatorem,
506 2040 651 2080 regem
683 2029 726 2067 et
757 2030 1003 2080 tyrannum3
1036 2026 1219 2067 alterum
1250 2027 1300 2067 de
1327 2026 1487 2067 maiore

147 2086 191 2124 et
221 2083 402 2136 minore,
442 2086 490 2124 ut
523 2084 558 2124 si
591 2087 818 2137 quaeratur
849 2085 1145 2137 eloquentiane
1176 2084 1311 2138 pluris
1345 2084 1401 2124 sit
1432 2098 1488 2124 an

94 2157 130 2184 35
146 2141 252 2182 iuris
297 2141 432 2182 civilis
483 2142 672 2182 scientia.
744 2142 808 2183 De
859 2143 1118 2198 cognitionis
1163 2142 1486 2196 quaestionibus

147 2199 364 2240 hactenus.
414 2198 610 2240 Actionis
636 2200 824 2254 reliquae
851 2204 963 2254 sunt,
994 2215 1174 2254 quarum
1203 2201 1286 2240 duo
1314 2214 1485 2254 genera:
1512 2208 1556 2240 86

147 2271 280 2298 unum
300 2257 352 2298 ad
371 2256 573 2312 officium,
598 2258 778 2299 alterum
799 2259 851 2299 ad
870 2262 1035 2300 motum
1062 2258 1193 2300 animi
1218 2258 1285 2299 vel
1312 2257 1486 2311 gignen-

1499 666 1555 706 22

1512 734 1553 764 83
