1643 2526
169 117 254 158 330
739 114 933 150 ORATOR

100 223 143 254 63
171 212 340 266 aculeos
374 211 585 253 oratorios
621 226 669 252 ac
701 210 891 252 forenses
923 210 1064 251 habet.
1124 209 1380 264 Loquuntur
1409 224 1507 251 cum

170 271 325 325 doctis,
367 284 548 324 quorum
586 270 731 311 sedare
764 269 929 310 animos
961 269 1127 309 malunt
1158 283 1285 322 quam
1316 268 1508 322 incitare,

171 333 213 370 et
252 329 302 370 de
346 329 471 370 rebus
509 328 690 382 placatis
733 342 780 369 ac
818 327 993 368 minime
1033 327 1293 368 turbulentis
1330 327 1506 368 docendi

170 402 298 429 causa
334 401 420 428 non
458 386 650 441 capiendi
688 386 941 440 loquuntur,
984 388 1032 426 ut
1067 385 1114 426 in
1151 399 1200 426 eo
1237 385 1351 440 ipso,
1394 385 1507 439 quod

170 446 497 487 delectationem
529 445 714 500 aliquam
746 445 921 486 dicendo
960 446 1240 498 aucupentur,
1278 443 1373 498 plus
1403 457 1507 485 non-
1544 461 1560 487 5

169 504 298 545 nullis
326 519 453 558 quam
477 518 649 545 necesse
673 503 729 544 sit
754 503 892 544 facere
918 502 1151 543 videantur.
1201 502 1320 557 Ergo
1347 502 1400 543 ab
1425 502 1506 543 hoc

171 577 324 618 genere
349 577 437 603 non
461 562 633 603 difficile
660 565 724 602 est
749 562 857 602 hanc
885 561 1185 614 eloquentiam,
1211 561 1260 601 de
1286 574 1371 614 qua-
1394 574 1506 601 nunc

100 631 145 662 64
171 621 326 676 agitur,
347 635 574 662 secernere.
614 620 757 661 Mollis
778 623 843 661 est
862 620 975 660 enim
996 619 1133 660 oratio
1153 618 1507 673 philosophorum

171 683 213 721 et
244 679 488 720 umbratilis
525 693 602 720 nec
643 678 865 720 sententiis
902 693 980 719 nec
1017 677 1157 719 verbis
1194 677 1405 718 instructa
1435 691 1508 731 po—

170 738 392 793 pularibus
416 752 495 779 nec
517 737 661 778 Vincta
684 736 886 790 numeris,
911 737 984 777 sed
1011 737 1151 777 soluta
1175 735 1369 789 liberius,
1398 735 1507 776 nihil
1528 754 1559 778 10

169 797 329 837 iratum
360 796 503 849 habet,
533 795 641 836 nihil
666 795 869 849 invidum,
899 794 1007 835 nihil
1033 798 1168 847 atrOX,
1197 794 1306 834 nihil
1337 793 1508 834 misera-

170 855 268 908 bile,
298 854 406 895 nihil
433 857 642 907 astutum,
675 856 805 907 casta,
835 854 1083 907 verecunda,
1114 852 1235 907 virgo
1260 852 1508 906 incorrupta

171 913 356 967 quodam
375 913 513 953 modo.
544 912 695 966 Ita-que
711 926 850 953 sermo
869 911 1014 966 potius
1036 926 1162 965 quam
1183 911 1320 952 oratio
1341 910 1508 951 dicitur.

173 971 439 1025 Quamquam
466 970 579 1011 em'm
605 970 743 1011 omnis
769 970 930 1011 locutio
955 969 1091 1011 oratio
1119 972 1196 1023 est,
1214 972 1358 1010 tamen
1382 969 1506 1010 unius

173 1030 355 1071 oratoris
387 1029 548 1070 locutio
579 1029 662 1070 hoc
692 1029 866 1083 proprio
899 1028 1069 1083 signata
1098 1027 1270 1068 nomine
1302 1030 1378 1068 est.
1529 1044 1560 1069 15

100 1097 144 1129 65
290 1087 602 1142 Sophistarum,
633 1087 683 1128 de
716 1087 869 1140 quibus
902 1101 1030 1140 supra
1061 1086 1160 1140 dixi,
1190 1085 1327 1140 magis
1361 1085 1508 1126 distin-

173 1147 338 1201 guenda
371 1146 604 1187 similitudo
637 1146 823 1199 Videtur,
861 1145 933 1199 qui
972 1159 1117 1185 omnes
1157 1144 1325 1184 eosdem
1358 1144 1508 1185 volunt

170 1206 314 1257 flores,
353 1218 458 1258 quos
497 1204 671 1245 adhibet
710 1207 854 1244 or·at01
883 1203 929 1243 in
961 1202 1117 1256 causis,
1154 1202 1362 1256 persequi.
1425 1201 1507 1243 Sed

170 1263 251 1304 hoc
284 1263 484 1303 differunt
516 1262 647 1316 quod,
688 1277 784 1303 cum
817 1262 872 1302 sit
903 1261 970 1302 his
1001 1262 1270 1315 propositum
1300 1274 1387 1300 non
1417 1275 1508 1314 per-

171 1322 344 1362 turbare
372 1321 548 1373 animos,
575 1321 647 1361 sed
671 1320 840 1374 placare
865 1320 1010 1374 potius
1035 1334 1113 1360 nec
1139 1322 1227 1359 tam
1255 1319 1507 1372 persuadere
1529 1336 1562 1361 20

172 1394 299 1433 quam
338 1380 564 1433 delectare,
602 1382 643 1419 et
682 1378 869 1432 apertius
909 1378 954 1418 id
990 1378 1153 1418 faciunt
1192 1392 1320 1430 quam
1355 1391 1434 1418 nos
1466 1381 1509 1418 et

171 1438 379 1491 crebrius,
417 1437 645 1479 concinnas
677 1437 815 1492 magis
854 1436 1089 1477 sententias
1122 1435 1349 1489 exquirunt
1381 1449 1508 1488 quam

170 1496 433 1551 probabiles,
477 1511 501 1536 a
543 1510 587 1536 re
633 1510 756 1549 saepe
801 1495 1040 1548 discedunt,
1082 1494 1279 1534 intexunt
1327 1493 1508 1547 fabulas,

169 1555 299 1595 verba
338 1554 466 1595 altius
506 1554 769 1594 transferunt
807 1567 939 1608 eaque
977 1553 1039 1593 ita
1077 1552 1307 1606 disponimt
1345 1554 1393 1593 ut
1423 1551 1508 1606 pic-

170 1616 285 1654 tores
317 1612 568 1653 varietatem
601 1612 809 1665 colorum,
845 1611 965 1666 paria
995 1611 1170 1665 paribus
1201 1610 1408 1664 r·,efe1unt
1440 1611 1508 1651 ad·
1527 1626 1560 1651 25

171 1685 291 1711 versa
324 1670 562 1723 contiariis,
600 1670 930 1734 saepissimeque
963 1669 1160 1710 similiter
1191 1672 1379 1709 extrema
1397 1643 1508 1709 7d—efi

170 1729 306 1770 niunt.
368 1728 480 1769 Huic
519 1728 663 1782 generi
700 1727 882 1768 historia
918 1727 1101 1768 finitima
1139 1729 1222 1781 est,
1262 1726 1308 1766 in
1345 1741 1427 1780 qua
1465 1730 1508 1767 et

171 1789 369 1827 narratur
395 1789 542 1827 ornate
575 1789 617 1826 et
647 1786 766 1840 regio
800 1800 923 1839 saepe
956 1788 1030 1825 aut
1060 1799 1205 1839 pugna
1236 1784 1507 1839 describitur3

170 1845 503 1898 interponuntur
540 1844 670 1884 etiam
709 1844 928 1885 contiones
961 1846 1003 1884 et
1034 1843 1320 1897 hortationes,
1360 1843 1433 1883 sed
1462 1843 1508 1884 in

170 1904 237 1944 his
264 1906 403 1944 tracta
430 1903 637 1957 quaedam
668 1905 710 1943 et
742 1902 876 1943 fluens
909 1901 1134 1956 expetitur,
1164 1915 1252 1942 non
1282 1901 1386 1942 haec
1412 1915 1508 1942 con·
1525 1917 1560 1942 30

171 1964 286 2002 torta
318 1964 359 2002 et
391 1961 500 2002 acris
532 1961 682 2002 oratio,

287 2019 356 2060 Ab
388 2019 454 2060 his
486 2033 571 2060 non
604 2018 740 2059 multo
773 2032 893 2060 secus
919 2033 1046 2071 quam
1072 2033 1097 2060 a
1120 2017 1258 2072 poetis
1290 2017 1394 2059 haec
1426 2017 1508 2058 elo-

173 2078 358 2131 quentia,
390 2092 516 2131 quam
549 2077 804 2131 quaerimus,
835 2077 1070 2117 sevocanda
1096 2079 1172 2117 est.
1233 2076 1347 2117 Nam
1377 2075 1506 2117 etiam

170 2139 322 2190 poetae
366 2135 660 2189 quaestionem
704 2135 958 2189 attulerunt,
1002 2135 1203 2188 quidnam
1241 2137 1353 2175 esset
1388 2133 1507 2187 illud,

100 1705 157 1746 20

100 1775 144 1805 66

173 2208 256 2248 quo
282 2194 366 2248 ipsi
386 2193 604 2235 differrent
624 2194 677 2234 ab
699 2193 958 2235 oratoribus:
984 2207 1160 2234 numero
1187 2193 1370 2233 maxime
1396 2192 1507 2233 vide-
1525 2207 1559 2233 35

171 2253 329 2294 bantur
349 2255 475 2294 antea
494 2255 535 2292 et
555 2266 692 2305 versu,
716 2265 828 2293 nunc
854 2251 965 2306 apud
991 2254 1181 2292 oratores
1206 2251 1292 2292 iam
1316 2250 1407 2304 ipse
1432 2265 1506 2290 nu-

100 2321 144 2352 67
172 2325 314 2352 merus
339 2310 585 2352 increbruit.
631 2309 841 2363 Quicquid
861 2312 926 2351 est
946 2309 1070 2364 enim,
1096 2309 1209 2363 quod
1235 2309 1313 2350 sub
1340 2309 1508 2349 aurium
