1643 2526
207 87 232 128 3
239 87 293 128 72
777 88 973 123 ORATOR

206 186 352 224 utrum
382 197 467 223 una
500 182 660 237 species
692 185 735 223 et
765 183 989 238 longitudo
1016 184 1073 224 sit
1099 198 1243 225 earum
1270 199 1376 225 anne
1401 184 1544 239 plures

208 244 262 294 et,
294 241 330 281 si
361 241 518 294 plures,
549 254 633 294 quo
664 240 760 282 1000
793 244 867 282 3111
899 242 1067 295 quando
1101 256 1268 296 quoque
1300 256 1453 297 genere
1479 243 1544 283 uti

209 301 417 353 oporteat.
478 298 702 340 Postremo
734 299 868 340 totius
902 299 1068 354 generis
1099 300 1264 341 utilitas
1297 301 1545 355 explicanda

208 360 284 411 est,
317 371 422 410 quae
450 356 620 410 quidem
651 359 770 411 patet
794 358 942 412 latius3
972 372 1060 398 non
1085 359 1138 399 ad
1163 373 1292 399 unam
1317 359 1429 400 enim
1455 373 1544 400 rem

208 415 408 469 aliquam,
440 416 512 455 sed
544 415 595 456 ad
625 416 767 470 plures
800 416 1155 457 accommodatur.

137 484 203 515 ‘207
325 472 388 514 Ac
413 473 514 514 licet
539 488 626 514 non
651 474 703 514 ad
730 474 898 528 singula
923 475 1251 528 respondentem
1277 475 1327 516 de
1347 475 1543 516 um‘verso

208 545 361 586 genere
399 531 460 572 sic
497 531 652 585 dicere,
691 535 739 572 ut
770 532 899 573 etiam
932 533 1112 587 singulis
1152 533 1255 574 satis
1293 547 1544 587 responsum

208 604 299 630 esse
324 589 531 630 Videatur.
580 589 774 630 Remotis
799 591 933 644 igitur
958 590 1133 644 reliquis
1161 592 1386 645 generibus
1412 606 1544 632 unum

207 647 435 701 selegimus
460 648 555 701 hoc,
581 649 693 701 quod
718 648 763 688 in
790 648 927 689 causis
954 649 1132 702 foroque
1157 653 1364 704 versatur,
1389 650 1438 690 de
1460 664 1542 704 quo

207 706 453 746 diceremus.
514 705 632 760 Ergo
663 706 709 746 in
740 706 848 759 aliis,
885 706 929 747 id
961 710 1025 747 est
1056 708 1101 747 in
1131 707 1313 748 historia
1345 710 1387 748 et
1417 708 1463 748 in
1494 722 1543 748 eo

208 764 321 817 quod
353 764 616 817 appellamus
649 763 950 815 §ntd‘axundm
986 765 1126 819 placet
1164 765 1307 806 omnia
1343 766 1426 807 dici
1456 766 1544 806 Iso-

208 825 350 862 crateo
377 822 762 876 Theopompeoque
788 837 904 863 more
930 822 1005 863 illa
1036 823 1428 877 circumscriptione
1461 838 1545 865 am-

207 879 403 934 bituque,
445 883 493 920 ut
535 883 757 934 tamquam
793 880 838 920 in
876 881 976 921 orbe
1014 881 1177 922 inclusa
1215 885 1358 923 currat
1395 882 1545 937 oratio,

207 938 347 991 quoad
383 938 556 978 insistat
587 938 633 978 in
665 938 846 993 singulis
883 939 1083 993 perfectis
1124 939 1417 994 absolutisque
1455 955 1544 981 sen-

137 996 366 1036 Qostentiis.
415 996 566 1050 Itaque
597 1000 877 1050 posteaquam
910 1000 974 1038 est
1005 1001 1107 1038 nata
1136 997 1241 1039 11300
1272 998 1339 1039 vel
1371 998 1544 1040 circum-

207 1054 381 1108 scriptio
408 1055 474 1095 vel
506 1055 827 1108 comprehensio
853 1055 919 1095 vel
951 1056 1217 1096 continuatio
1248 1056 1315 1097 vel
1347 1056 1545 1110 ambitus,

207 1112 242 1152 si
273 1112 336 1152 ita
366 1113 467 1153 licet
497 1113 647 1167 dicere,
683 1127 821 1166 nemo,
856 1113 928 1166 qui
961 1113 1104 1167 aliquo
1136 1117 1249 1155 esset
1279 1114 1325 1154 in
1354 1121 1549 1169 numero,

207 1170 377 1224 scripsit
410 1171 648 1211 orationem
680 1172 845 1225 generis
878 1171 967 1212 eius
996 1172 1109 1225 quod
1140 1175 1252 1213 esset
1283 1173 1335 1212 ad
1366 1172 1544 1213 delecta-

208 1228 370 1269 tionem
403 1233 697 1282 comparatum
728 1232 1023 1283 remotumque
1050 1245 1075 1270 a
1098 1230 1267 1271 iudiciis
1298 1230 1542 1284 forensique

207 1287 449 1340 certamine,
489 1287 592 1340 quin
622 1287 834 1342 redigeret
867 1288 1003 1328 omnis
1035 1287 1123 1328 fere
1153 1288 1199 1328 in
1231 1289 1439 1341 quadrum
1468 1303 1543 1329 nu-

206 1359 453 1398 merumque
492 1345 735 1386 sententias.
801 1345 914 1386 Nam
952 1360 1046 1386 cum
1083 1346 1120 1386 is
1159 1349 1224 1386 est
1264 1347 1433 1387 auditor
1470 1347 1542 1400 qui

205 1417 292 1443 non
318 1406 514 1443 vereatur
538 1418 590 1444 ne
617 1404 879 1457 compositae
907 1404 1113 1444 orationis
1144 1404 1310 1445 insidiis
1337 1419 1414 1445 sua
1438 1404 1541 1445 fides

207 1462 512 1515 adtemptetur,
552 1461 736 1516 gratiam
775 1476 941 1516 quoque
978 1462 1109 1503 habet
1140 1463 1299 1503 oratori
1330 1463 1541 1517 voluptati

136 1497 373 1560 623111111111
410 1520 620 1560 servienti.
684 1519 825 1560 Genus
865 1523 1007 1561 autem
1043 1520 1124 1561 hoc
1163 1521 1368 1562 orationis
1405 1535 1541 1574 neque

135 1565 345 1618 ⁶²09totum
378 1578 684 1618 adsumendum
709 1581 775 1618 est
806 1578 858 1618 ad
889 1593 1037 1619 causas
1070 1579 1259 1626 forenses
1286 1593 1423 1632 neque
1456 1593 1541 1619 om-
1578 1597 1591 1621 .-

204 1635 306 1675 nino
338 1636 661 1690 repudiandum3
707 1636 742 1675 si
773 1636 886 1676 enim
918 1651 1082 1690 semper
1112 1640 1251 1690 utare,
1288 1651 1383 1677 cum
1418 1637 1542 1677 satie-

205 1696 339 1733 tatem
377 1693 499 1733 affert
535 1696 628 1734 tum
666 1694 788 1746 quale
821 1694 877 1734 sit
909 1694 1038 1734 etiam
1075 1694 1127 1734 ab
1165 1694 1374 1748 imperitis
1413 1709 1540 1749 agno-

206 1751 358 1805 scitur3
390 1751 575 1791 detrahit
605 1754 825 1805 praeterea
856 1752 1037 1792 actionis
1070 1752 1273 1806 dolorem,
1299 1752 1436 1793 aufert
1466 1753 1541 1793 hu-

205 1823 377 1850 manum
425 1824 596 1850 sensum
646 1809 871 1863 auditoris,
919 1809 1033 1850 tollit
1081 1810 1273 1850 funditus
1316 1810 1539 1851 veritatem

206 1870 247 1907 et
277 1867 416 1908 fidem.

323 1924 405 1965 Sed
425 1924 626 1978 quoniam
647 1925 884 1966 adhibenda
902 1940 988 1966 non
1007 1940 1241 1979 numquam
1261 1930 1338 1981 est,
1356 1925 1540 1980 primum

205 1983 432 2023 videndum
460 1986 524 2023 est
550 1998 632 2036 quo
658 1983 767 2036 loco,
798 1983 944 2023 deinde
972 1998 1099 2037 quam
1125 1984 1196 2024 diu
1227 1984 1447 2025 retinenda
1472 1983 1540 2037 sit,

136 2043 299 2081 motum
331 2043 435 2094 quot
471 2041 608 2081 modis
647 2041 958 2082 commutanda.
1018 2042 1273 2082 Adhibenda
1307 2044 1371 2082 est
1407 2041 1540 2096 igitur

204 2112 432 2139 numerosa
458 2099 608 2152 oratio,
634 2099 669 2139 si
691 2102 764 2139 aut
788 2099 1045 2139 laudandum
1072 2102 1136 2140 est
1156 2099 1316 2153 aliquid
1335 2099 1540 2152 orna-tius,

1565 729 1596 751 10

1564 1017 1596 1041 15

1563 1308 1596 1332 20

1558 1886 1591 1910 30

205 2159 253 2196 ut
283 2170 362 2196 nos
392 2156 438 2196 in
469 2157 752 2197 accusationis
785 2157 967 2197 secundo
1000 2157 1050 2197 de
1084 2156 1252 2198 Siciliae
1282 2157 1405 2198 laude
1436 2156 1538 2197 dixi·
1557 2174 1592 2200 35

205 2229 312 2268 mus,
343 2216 391 2254 ut
421 2214 467 2254 in
498 2217 648 2255 senatu
680 2215 729 2254 de
761 2214 986 2255 consulatu
1019 2217 1163 2269 [meo],
1194 2218 1268 2256 aut
1294 2215 1539 2268 exponenda

204 2272 406 2326 narratio,
447 2286 552 2326 quae
584 2272 679 2326 plus
711 2272 933 2326 dignitatis
966 2273 1177 2314 desiderat
1209 2287 1336 2327 quam
1367 2272 1538 2326 doloris,
