<?xml version="1.0" encoding="UTF-8"?>
<!DOCTYPE html PUBLIC "-//W3C//DTD XHTML 1.0 Transitional//EN"
    "http://www.w3.org/TR/xhtml1/DTD/xhtml1-transitional.dtd">
<html xmlns="http://www.w3.org/1999/xhtml" xml:lang="en" lang="en">
 <head>
  <title>
</title>
<meta http-equiv="Content-Type" content="text/html;charset=utf-8" />
  <meta name='ocr-system' content='tesseract 3.04.00' />
  <meta name='ocr-capabilities' content='ocr_page ocr_carea ocr_par ocr_line ocrx_word'/>
</head>
<body>
  <div class='ocr_page' id='page_1' title='image "./p2scriptaquaemanse01ciceuoft_0150.png"; bbox 0 0 1643 2526; ppageno 0'>
   <div class='ocr_carea' id='block_1_1' title="bbox 190 100 1015 147">
    <p class='ocr_par' dir='ltr' id='par_1_1' title="bbox 190 100 1015 147">
     <span class='ocr_line' id='line_1_1' title="bbox 190 100 1015 147; baseline -0.004 -9"><span class='ocrx_word' id='word_1_1' title='bbox 190 106 245 147; x_wconf 77' lang='lat'>52</span> <span class='ocrx_word' id='word_1_2' title='bbox 699 102 762 136; x_wconf 90' lang='lat' dir='ltr'>DE</span> <span class='ocrx_word' id='word_1_3' title='bbox 790 100 1015 136; x_wconf 85' lang='lat' dir='ltr'><strong>ORATORE</strong></span> 
     </span>
    </p>
   </div>
   <div class='ocr_carea' id='block_1_2' title="bbox 119 194 1643 2349">
    <p class='ocr_par' dir='ltr' id='par_1_2' title="bbox 119 194 1643 2349">
     <span class='ocr_line' id='line_1_2' title="bbox 190 194 1527 255; baseline -0.006 -13"><span class='ocrx_word' id='word_1_4' title='bbox 190 215 319 255; x_wconf 88' lang='lat' dir='ltr'>more,</span> <span class='ocrx_word' id='word_1_5' title='bbox 343 203 392 241; x_wconf 92' lang='lat' dir='ltr'>ut</span> <span class='ocrx_word' id='word_1_6' title='bbox 418 199 597 253; x_wconf 88' lang='lat' dir='ltr'>singulis</span> <span class='ocrx_word' id='word_1_7' title='bbox 623 197 871 238; x_wconf 86' lang='lat' dir='ltr'>hominibus</span> <span class='ocrx_word' id='word_1_8' title='bbox 896 210 950 237; x_wconf 87' lang='lat' dir='ltr'>ne</span> <span class='ocrx_word' id='word_1_9' title='bbox 977 195 1159 250; x_wconf 85' lang='lat' dir='ltr'>amplius</span> <span class='ocrx_word' id='word_1_10' title='bbox 1181 209 1310 248; x_wconf 91' lang='lat' dir='ltr'>quam</span> <span class='ocrx_word' id='word_1_11' title='bbox 1336 194 1527 249; x_wconf 87' lang='lat' dir='ltr'>singulas</span> 
     </span>
     <span class='ocr_line' id='line_1_3' title="bbox 119 252 1527 308; baseline -0.007 -6"><span class='ocrx_word' id='word_1_12' title='bbox 119 262 303 303; x_wconf 81' lang='lat' dir='ltr'>216artes</span> <span class='ocrx_word' id='word_1_13' title='bbox 335 272 461 299; x_wconf 87' lang='lat' dir='ltr'>nosse</span> <span class='ocrx_word' id='word_1_14' title='bbox 492 257 631 297; x_wconf 87' lang='lat' dir='ltr'>liceat.</span> <span class='ocrx_word' id='word_1_15' title='bbox 682 255 820 303; x_wconf 81' lang='lat' dir='ltr'>Quare</span> <span class='ocrx_word' id='word_1_16' title='bbox 851 269 950 308; x_wconf 88' lang='lat' dir='ltr'>non,</span> <span class='ocrx_word' id='word_1_17' title='bbox 983 256 1061 305; x_wconf 87' lang='lat' dir='ltr'>[et]</span> <span class='ocrx_word' id='word_1_18' title='bbox 1089 253 1125 294; x_wconf 88' lang='lat' dir='ltr'>si</span> <span class='ocrx_word' id='word_1_19' title='bbox 1151 252 1527 306; x_wconf 85' lang='lat' dir='ltr'>eloquentissimus</span> 
     </span>
     <span class='ocr_line' id='line_1_4' title="bbox 191 311 1527 367; baseline -0.005 -9"><span class='ocrx_word' id='word_1_20' title='bbox 191 317 372 358; x_wconf 84' lang='lat' dir='ltr'>Athenis</span> <span class='ocrx_word' id='word_1_21' title='bbox 393 315 577 356; x_wconf 87' lang='lat' dir='ltr'>Pericles</span> <span class='ocrx_word' id='word_1_22' title='bbox 603 314 799 367; x_wconf 82' lang='lat' dir='ltr'>idemque</span> <span class='ocrx_word' id='word_1_23' title='bbox 824 313 870 353; x_wconf 86' lang='lat' dir='ltr'>in</span> <span class='ocrx_word' id='word_1_24' title='bbox 896 327 945 354; x_wconf 88' lang='lat' dir='ltr'>ea</span> <span class='ocrx_word' id='word_1_25' title='bbox 964 312 1138 353; x_wconf 88' lang='lat' dir='ltr'>civitate</span> <span class='ocrx_word' id='word_1_26' title='bbox 1158 311 1365 365; x_wconf 84' lang='lat' dir='ltr'>plurimos</span> <span class='ocrx_word' id='word_1_27' title='bbox 1393 325 1527 352; x_wconf 85' lang='lat' dir='ltr'>annos</span> 
     </span>
     <span class='ocr_line' id='line_1_5' title="bbox 191 369 1527 430; baseline -0.005 -14"><span class='ocrx_word' id='word_1_28' title='bbox 191 376 387 430; x_wconf 87' lang='lat' dir='ltr'>princeps</span> <span class='ocrx_word' id='word_1_29' title='bbox 420 373 588 415; x_wconf 89' lang='lat' dir='ltr'>consilii</span> <span class='ocrx_word' id='word_1_30' title='bbox 619 372 780 426; x_wconf 82' lang='lat' dir='ltr'>publici</span> <span class='ocrx_word' id='word_1_31' title='bbox 810 371 906 425; x_wconf 86' lang='lat' dir='ltr'>fuit,</span> <span class='ocrx_word' id='word_1_32' title='bbox 935 370 1094 411; x_wconf 88' lang='lat' dir='ltr'>idcirco</span> <span class='ocrx_word' id='word_1_33' title='bbox 1126 370 1315 410; x_wconf 85' lang='lat' dir='ltr'>eiusdem</span> <span class='ocrx_word' id='word_1_34' title='bbox 1340 369 1527 410; x_wconf 88' lang='lat' dir='ltr'>hominis</span> 
     </span>
     <span class='ocr_line' id='line_1_6' title="bbox 193 427 1564 487; baseline -0.004 -13"><span class='ocrx_word' id='word_1_35' title='bbox 193 438 320 487; x_wconf 88' lang='lat' dir='ltr'>atque</span> <span class='ocrx_word' id='word_1_36' title='bbox 353 432 456 473; x_wconf 85' lang='lat' dir='ltr'>artis</span> <span class='ocrx_word' id='word_1_37' title='bbox 488 434 669 484; x_wconf 88' lang='lat' dir='ltr'>utraque</span> <span class='ocrx_word' id='word_1_38' title='bbox 701 429 884 471; x_wconf 85' lang='lat' dir='ltr'>facultas</span> <span class='ocrx_word' id='word_1_39' title='bbox 918 428 1201 470; x_wconf 68' lang='lat' dir='ltr'>en&#39;stimanda</span> <span class='ocrx_word' id='word_1_40' title='bbox 1239 431 1322 482; x_wconf 85' lang='lat' dir='ltr'>est,</span> <span class='ocrx_word' id='word_1_41' title='bbox 1358 442 1454 482; x_wconf 87' lang='grc'>1100,</span> <span class='ocrx_word' id='word_1_42' title='bbox 1491 427 1527 468; x_wconf 88' lang='grc'>31</span> <span class='ocrx_word' id='word_1_43' title='bbox 1548 444 1564 469; x_wconf 84' lang='lat'>5</span> 
     </span>
     <span class='ocr_line' id='line_1_7' title="bbox 192 486 1530 541; baseline -0.004 -9"><span class='ocrx_word' id='word_1_44' title='bbox 192 492 237 533; x_wconf 92' lang='lat' dir='ltr'>P.</span> <span class='ocrx_word' id='word_1_45' title='bbox 265 490 443 532; x_wconf 81' lang='lat' dir='ltr'>Crassus</span> <span class='ocrx_word' id='word_1_46' title='bbox 475 490 588 530; x_wconf 91' lang='lat' dir='ltr'>idem</span> <span class='ocrx_word' id='word_1_47' title='bbox 613 489 696 529; x_wconf 80' lang='lat' dir='ltr'>fuit</span> <span class='ocrx_word' id='word_1_48' title='bbox 723 488 926 541; x_wconf 89' lang='lat' dir='ltr'>eloquens</span> <span class='ocrx_word' id='word_1_49' title='bbox 953 490 995 528; x_wconf 91' lang='lat' dir='ltr'>et</span> <span class='ocrx_word' id='word_1_50' title='bbox 1020 487 1126 527; x_wconf 87' lang='lat' dir='ltr'>iuris</span> <span class='ocrx_word' id='word_1_51' title='bbox 1151 486 1329 541; x_wconf 88' lang='lat' dir='ltr'>peritus,</span> <span class='ocrx_word' id='word_1_52' title='bbox 1356 486 1410 526; x_wconf 94' lang='lat' dir='ltr'>ob</span> <span class='ocrx_word' id='word_1_53' title='bbox 1436 500 1530 526; x_wconf 87' lang='lat' dir='ltr'>eam</span> 
     </span>
     <span class='ocr_line' id='line_1_8' title="bbox 194 543 1528 592; baseline -0.005 -1"><span class='ocrx_word' id='word_1_54' title='bbox 194 564 366 592; x_wconf 82' lang='lat' dir='ltr'>causa-m</span> <span class='ocrx_word' id='word_1_55' title='bbox 395 549 507 589; x_wconf 90' lang='lat' dir='ltr'>inest</span> <span class='ocrx_word' id='word_1_56' title='bbox 538 548 584 588; x_wconf 90' lang='lat' dir='ltr'>in</span> <span class='ocrx_word' id='word_1_57' title='bbox 614 547 820 588; x_wconf 74' lang='lat' dir='ltr'>facultate</span> <span class='ocrx_word' id='word_1_58' title='bbox 847 545 1012 587; x_wconf 83' lang='lat' dir='ltr'>dicendi</span> <span class='ocrx_word' id='word_1_59' title='bbox 1042 545 1147 586; x_wconf 89' lang='lat' dir='ltr'>iuris</span> <span class='ocrx_word' id='word_1_60' title='bbox 1175 544 1311 586; x_wconf 84' lang='lat' dir='ltr'>civilis</span> <span class='ocrx_word' id='word_1_61' title='bbox 1338 543 1528 585; x_wconf 88' lang='lat' dir='ltr'>scientia.</span> 
     </span>
     <span class='ocr_line' id='line_1_9' title="bbox 123 602 1528 660; baseline -0.006 -9"><span class='ocrx_word' id='word_1_62' title='bbox 123 609 306 651; x_wconf 81' lang='lat' dir='ltr'>217Nam</span> <span class='ocrx_word' id='word_1_63' title='bbox 333 608 368 649; x_wconf 89' lang='lat' dir='ltr'>si</span> <span class='ocrx_word' id='word_1_64' title='bbox 394 610 442 648; x_wconf 88' lang='lat' dir='ltr'>ut</span> <span class='ocrx_word' id='word_1_65' title='bbox 467 606 644 660; x_wconf 90' lang='lat' dir='ltr'>quisque</span> <span class='ocrx_word' id='word_1_66' title='bbox 670 606 716 646; x_wconf 89' lang='lat' dir='ltr'>in</span> <span class='ocrx_word' id='word_1_67' title='bbox 741 605 884 658; x_wconf 90' lang='lat' dir='ltr'>aliqua</span> <span class='ocrx_word' id='word_1_68' title='bbox 909 608 1000 645; x_wconf 86' lang='lat' dir='ltr'>arte</span> <span class='ocrx_word' id='word_1_69' title='bbox 1027 607 1069 644; x_wconf 89' lang='lat' dir='ltr'>et</span> <span class='ocrx_word' id='word_1_70' title='bbox 1094 603 1299 644; x_wconf 72' lang='lat' dir='ltr'>facultate</span> <span class='ocrx_word' id='word_1_71' title='bbox 1320 602 1528 644; x_wconf 82' lang='lat' dir='ltr'>excellens</span> 
     </span>
     <span class='ocr_line' id='line_1_10' title="bbox 194 660 1529 719; baseline -0.004 -12"><span class='ocrx_word' id='word_1_72' title='bbox 194 667 321 708; x_wconf 88' lang='lat' dir='ltr'>aliam</span> <span class='ocrx_word' id='word_1_73' title='bbox 354 679 520 719; x_wconf 86' lang='lat' dir='ltr'>quoque</span> <span class='ocrx_word' id='word_1_74' title='bbox 553 668 689 705; x_wconf 88' lang='lat' dir='ltr'>artem</span> <span class='ocrx_word' id='word_1_75' title='bbox 721 663 803 705; x_wconf 84' lang='lat' dir='ltr'>sibi</span> <span class='ocrx_word' id='word_1_76' title='bbox 836 662 1133 716; x_wconf 79' lang='lat' dir='ltr'>assumpserit,</span> <span class='ocrx_word' id='word_1_77' title='bbox 1171 661 1208 702; x_wconf 88' lang='lat' dir='ltr'>is</span> <span class='ocrx_word' id='word_1_78' title='bbox 1240 660 1449 715; x_wconf 88' lang='lat' dir='ltr'>perficiet,</span> <span class='ocrx_word' id='word_1_79' title='bbox 1480 663 1529 701; x_wconf 86' lang='lat' dir='ltr'>ut</span> 
     </span>
     <span class='ocr_line' id='line_1_11' title="bbox 194 719 1583 779; baseline -0.004 -13"><span class='ocrx_word' id='word_1_80' title='bbox 194 725 307 779; x_wconf 87' lang='lat' dir='ltr'>quod</span> <span class='ocrx_word' id='word_1_81' title='bbox 349 728 568 778; x_wconf 88' lang='lat' dir='ltr'>praeterea</span> <span class='ocrx_word' id='word_1_82' title='bbox 605 722 710 764; x_wconf 89' lang='lat' dir='ltr'>sciet</span> <span class='ocrx_word' id='word_1_83' title='bbox 748 722 792 763; x_wconf 90' lang='lat' dir='ltr'>id</span> <span class='ocrx_word' id='word_1_84' title='bbox 830 722 939 775; x_wconf 88' lang='lat' dir='ltr'>eius,</span> <span class='ocrx_word' id='word_1_85' title='bbox 980 721 1026 761; x_wconf 91' lang='grc'>111</span> <span class='ocrx_word' id='word_1_86' title='bbox 1064 734 1147 773; x_wconf 89' lang='lat' dir='ltr'>quo</span> <span class='ocrx_word' id='word_1_87' title='bbox 1192 719 1387 773; x_wconf 86' lang='lat' dir='ltr'>excellet,</span> <span class='ocrx_word' id='word_1_88' title='bbox 1429 733 1528 773; x_wconf 88' lang='lat' dir='ltr'>pars</span> <span class='ocrx_word' id='word_1_89' title='bbox 1549 736 1583 761; x_wconf 78' lang='grc' dir='ltr'>ιο</span> 
     </span>
     <span class='ocr_line' id='line_1_12' title="bbox 194 777 1530 837; baseline -0.005 -13"><span class='ocrx_word' id='word_1_90' title='bbox 194 783 401 837; x_wconf 84' lang='lat' dir='ltr'>quaedam</span> <span class='ocrx_word' id='word_1_91' title='bbox 433 796 523 823; x_wconf 90' lang='lat' dir='ltr'>esse</span> <span class='ocrx_word' id='word_1_92' title='bbox 556 781 761 834; x_wconf 79' lang='lat' dir='ltr'>videatur,</span> <span class='ocrx_word' id='word_1_93' title='bbox 791 780 891 821; x_wconf 88' lang='lat' dir='ltr'>licet</span> <span class='ocrx_word' id='word_1_94' title='bbox 922 780 1007 820; x_wconf 87' lang='lat' dir='ltr'>ista</span> <span class='ocrx_word' id='word_1_95' title='bbox 1031 779 1197 819; x_wconf 86' lang='lat' dir='ltr'>ratione</span> <span class='ocrx_word' id='word_1_96' title='bbox 1224 778 1414 819; x_wconf 87' lang='lat' dir='ltr'>dicamus</span> <span class='ocrx_word' id='word_1_97' title='bbox 1441 777 1530 831; x_wconf 87' lang='lat' dir='ltr'>pila</span> 
     </span>
     <span class='ocr_line' id='line_1_13' title="bbox 193 835 1528 893; baseline -0.006 -10"><span class='ocrx_word' id='word_1_98' title='bbox 193 843 300 883; x_wconf 86' lang='lat' dir='ltr'>bene</span> <span class='ocrx_word' id='word_1_99' title='bbox 333 844 375 882; x_wconf 89' lang='lat' dir='ltr'>et</span> <span class='ocrx_word' id='word_1_100' title='bbox 407 840 629 881; x_wconf 78' lang='lat' dir='ltr'>duodecim</span> <span class='ocrx_word' id='word_1_101' title='bbox 661 839 831 893; x_wconf 89' lang='lat' dir='ltr'>scriptis</span> <span class='ocrx_word' id='word_1_102' title='bbox 862 838 1007 878; x_wconf 87' lang='lat' dir='ltr'>ludere</span> <span class='ocrx_word' id='word_1_103' title='bbox 1038 837 1261 891; x_wconf 87' lang='lat' dir='ltr'>proprium</span> <span class='ocrx_word' id='word_1_104' title='bbox 1293 850 1385 877; x_wconf 90' lang='lat' dir='ltr'>esse</span> <span class='ocrx_word' id='word_1_105' title='bbox 1423 835 1528 876; x_wconf 90' lang='lat' dir='ltr'>iuris</span> 
     </span>
     <span class='ocr_line' id='line_1_14' title="bbox 196 893 1530 953; baseline -0.005 -13"><span class='ocrx_word' id='word_1_106' title='bbox 196 900 349 953; x_wconf 73' lang='lat' dir='ltr'>civilis,</span> <span class='ocrx_word' id='word_1_107' title='bbox 394 899 595 952; x_wconf 90' lang='lat' dir='ltr'>quoniam</span> <span class='ocrx_word' id='word_1_108' title='bbox 632 901 859 951; x_wconf 86' lang='lat' dir='ltr'>utrumque</span> <span class='ocrx_word' id='word_1_109' title='bbox 897 910 1044 937; x_wconf 87' lang='grc'>00111111</span> <span class='ocrx_word' id='word_1_110' title='bbox 1080 894 1126 936; x_wconf 90' lang='lat' dir='ltr'>P.</span> <span class='ocrx_word' id='word_1_111' title='bbox 1163 894 1330 935; x_wconf 88' lang='lat' dir='ltr'>Mucius</span> <span class='ocrx_word' id='word_1_112' title='bbox 1370 893 1530 948; x_wconf 91' lang='lat' dir='ltr'>optime</span> 
     </span>
     <span class='ocr_line' id='line_1_15' title="bbox 195 953 1531 1012; baseline -0.004 -13"><span class='ocrx_word' id='word_1_113' title='bbox 195 958 361 1012; x_wconf 68' lang='lat' dir='ltr'>fecerit,</span> <span class='ocrx_word' id='word_1_114' title='bbox 399 958 628 1010; x_wconf 89' lang='lat' dir='ltr'>eademque</span> <span class='ocrx_word' id='word_1_115' title='bbox 666 956 832 996; x_wconf 88' lang='lat' dir='ltr'>ratione</span> <span class='ocrx_word' id='word_1_116' title='bbox 865 955 1061 995; x_wconf 89' lang='lat' dir='ltr'>dicantur</span> <span class='ocrx_word' id='word_1_117' title='bbox 1099 953 1138 994; x_wconf 93' lang='lat' dir='ltr'>ei</span> <span class='ocrx_word' id='word_1_118' title='bbox 1176 967 1282 1007; x_wconf 88' lang='lat' dir='ltr'>quos</span> <span class='ocrx_word' id='word_1_119' title='bbox 1315 953 1531 1007; x_wconf 79' lang='grc' dir='ltr'><em>φυσικοὺς</em></span> 
     </span>
     <span class='ocr_line' id='line_1_16' title="bbox 198 1010 1585 1068; baseline -0.002 -13"><span class='ocrx_word' id='word_1_120' title='bbox 198 1016 348 1057; x_wconf 82' lang='lat' dir='ltr'>Graeci</span> <span class='ocrx_word' id='word_1_121' title='bbox 388 1016 612 1056; x_wconf 87' lang='lat' dir='ltr'>nominant</span> <span class='ocrx_word' id='word_1_122' title='bbox 651 1014 764 1055; x_wconf 88' lang='lat' dir='ltr'>idem</span> <span class='ocrx_word' id='word_1_123' title='bbox 804 1016 968 1068; x_wconf 88' lang='lat' dir='ltr'>poetae,</span> <span class='ocrx_word' id='word_1_124' title='bbox 1009 1012 1211 1066; x_wconf 88' lang='lat' dir='ltr'>quoniam</span> <span class='ocrx_word' id='word_1_125' title='bbox 1249 1010 1530 1065; x_wconf 86' lang='lat' dir='ltr'>Empedocles</span> <span class='ocrx_word' id='word_1_126' title='bbox 1552 1026 1585 1052; x_wconf 85' lang='lat'>15</span> 
     </span>
     <span class='ocr_line' id='line_1_17' title="bbox 196 1069 1533 1129; baseline -0.004 -14"><span class='ocrx_word' id='word_1_127' title='bbox 196 1075 397 1129; x_wconf 82' lang='lat' dir='ltr'>physicus</span> <span class='ocrx_word' id='word_1_128' title='bbox 436 1073 657 1129; x_wconf 90' lang='lat' dir='ltr'>egregium</span> <span class='ocrx_word' id='word_1_129' title='bbox 693 1087 846 1127; x_wconf 91' lang='lat' dir='ltr'>poema</span> <span class='ocrx_word' id='word_1_130' title='bbox 882 1071 1043 1112; x_wconf 83' lang='lat' dir='ltr'>fecerit.</span> <span class='ocrx_word' id='word_1_131' title='bbox 1103 1070 1164 1111; x_wconf 88' lang='lat' dir='ltr'>At</span> <span class='ocrx_word' id='word_1_132' title='bbox 1200 1069 1282 1111; x_wconf 89' lang='lat' dir='ltr'>hoc</span> <span class='ocrx_word' id='word_1_133' title='bbox 1313 1084 1365 1110; x_wconf 89' lang='lat' dir='ltr'>ne</span> <span class='ocrx_word' id='word_1_134' title='bbox 1396 1069 1533 1123; x_wconf 91' lang='lat' dir='ltr'>philo-</span> 
     </span>
     <span class='ocr_line' id='line_1_18' title="bbox 198 1128 1531 1187; baseline -0.005 -14"><span class='ocrx_word' id='word_1_135' title='bbox 198 1133 321 1187; x_wconf 86' lang='lat' dir='ltr'>sophi</span> <span class='ocrx_word' id='word_1_136' title='bbox 354 1132 525 1186; x_wconf 89' lang='lat' dir='ltr'>quidem</span> <span class='ocrx_word' id='word_1_137' title='bbox 555 1131 656 1185; x_wconf 90' lang='lat' dir='ltr'>ipsi,</span> <span class='ocrx_word' id='word_1_138' title='bbox 693 1131 766 1184; x_wconf 89' lang='lat' dir='ltr'>qui</span> <span class='ocrx_word' id='word_1_139' title='bbox 805 1129 948 1171; x_wconf 87' lang='lat' dir='ltr'>omnia</span> <span class='ocrx_word' id='word_1_140' title='bbox 979 1129 1090 1170; x_wconf 79' lang='lat' dir='ltr'>sicut</span> <span class='ocrx_word' id='word_1_141' title='bbox 1121 1128 1295 1182; x_wconf 87' lang='lat' dir='ltr'>propria</span> <span class='ocrx_word' id='word_1_142' title='bbox 1332 1142 1409 1168; x_wconf 88' lang='grc'>3110</span> <span class='ocrx_word' id='word_1_143' title='bbox 1440 1141 1531 1168; x_wconf 89' lang='grc'>0330</span> 
     </span>
     <span class='ocr_line' id='line_1_19' title="bbox 198 1185 1534 1245; baseline -0.005 -13"><span class='ocrx_word' id='word_1_144' title='bbox 198 1195 325 1245; x_wconf 89' lang='lat' dir='ltr'>atque</span> <span class='ocrx_word' id='word_1_145' title='bbox 352 1206 375 1231; x_wconf 91' lang='lat' dir='ltr'>a</span> <span class='ocrx_word' id='word_1_146' title='bbox 402 1205 444 1231; x_wconf 89' lang='lat' dir='ltr'>se</span> <span class='ocrx_word' id='word_1_147' title='bbox 470 1189 678 1244; x_wconf 90' lang='lat' dir='ltr'>possideri</span> <span class='ocrx_word' id='word_1_148' title='bbox 704 1189 865 1242; x_wconf 85' lang='lat' dir='ltr'>volunt,</span> <span class='ocrx_word' id='word_1_149' title='bbox 896 1188 1033 1229; x_wconf 85' lang='lat' dir='ltr'>dicere</span> <span class='ocrx_word' id='word_1_150' title='bbox 1060 1187 1228 1240; x_wconf 88' lang='lat' dir='ltr'>audent,</span> <span class='ocrx_word' id='word_1_151' title='bbox 1254 1185 1534 1241; x_wconf 81' lang='lat' dir='ltr'>geometriam</span> 
     </span>
     <span class='ocr_line' id='line_1_20' title="bbox 198 1244 1533 1303; baseline -0.004 -13"><span class='ocrx_word' id='word_1_152' title='bbox 198 1253 272 1291; x_wconf 85' lang='lat' dir='ltr'>aut</span> <span class='ocrx_word' id='word_1_153' title='bbox 304 1250 511 1290; x_wconf 80' lang='lat' dir='ltr'>musicam</span> <span class='ocrx_word' id='word_1_154' title='bbox 547 1247 792 1303; x_wconf 81' lang='lat' dir='ltr'>philosophi</span> <span class='ocrx_word' id='word_1_155' title='bbox 830 1261 940 1299; x_wconf 88' lang='lat' dir='ltr'>esse,</span> <span class='ocrx_word' id='word_1_156' title='bbox 981 1245 1080 1299; x_wconf 86' lang='lat' dir='ltr'>quia</span> <span class='ocrx_word' id='word_1_157' title='bbox 1120 1244 1346 1285; x_wconf 83' lang='lat' dir='ltr'>Platonem</span> <span class='ocrx_word' id='word_1_158' title='bbox 1387 1258 1533 1285; x_wconf 89' lang='lat' dir='ltr'>omnes</span> 
     </span>
     <span class='ocr_line' id='line_1_21' title="bbox 196 1302 1588 1360; baseline -0.004 -12"><span class='ocrx_word' id='word_1_159' title='bbox 196 1308 243 1348; x_wconf 86' lang='lat' dir='ltr'>in</span> <span class='ocrx_word' id='word_1_160' title='bbox 295 1308 380 1348; x_wconf 93' lang='lat' dir='ltr'>illis</span> <span class='ocrx_word' id='word_1_161' title='bbox 431 1307 595 1348; x_wconf 85' lang='lat' dir='ltr'>artibus</span> <span class='ocrx_word' id='word_1_162' title='bbox 644 1305 1065 1360; x_wconf 87' lang='lat' dir='ltr'>praestantissimum</span> <span class='ocrx_word' id='word_1_163' title='bbox 1120 1303 1252 1344; x_wconf 80' lang='lat' dir='ltr'>fuisse</span> <span class='ocrx_word' id='word_1_164' title='bbox 1307 1302 1533 1343; x_wconf 87' lang='lat' dir='ltr'>fateantur.</span> <span class='ocrx_word' id='word_1_165' title='bbox 1554 1318 1588 1343; x_wconf 66' lang='grc' dir='ltr'>ρο</span> 
     </span>
     <span class='ocr_line' id='line_1_22' title="bbox 128 1360 1534 1419; baseline -0.005 -12"><span class='ocrx_word' id='word_1_166' title='bbox 128 1366 261 1407; x_wconf 81' lang='lat' dir='ltr'>218Ac</span> <span class='ocrx_word' id='word_1_167' title='bbox 307 1366 341 1407; x_wconf 91' lang='lat' dir='ltr'>si</span> <span class='ocrx_word' id='word_1_168' title='bbox 384 1366 471 1406; x_wconf 89' lang='lat' dir='ltr'>iam</span> <span class='ocrx_word' id='word_1_169' title='bbox 514 1366 654 1419; x_wconf 88' lang='lat' dir='ltr'>placet</span> <span class='ocrx_word' id='word_1_170' title='bbox 699 1363 836 1405; x_wconf 81' lang='lat' dir='ltr'>omnis</span> <span class='ocrx_word' id='word_1_171' title='bbox 887 1366 999 1404; x_wconf 85' lang='lat' dir='ltr'>artes</span> <span class='ocrx_word' id='word_1_172' title='bbox 1052 1361 1212 1403; x_wconf 86' lang='lat' dir='ltr'>oratori</span> <span class='ocrx_word' id='word_1_173' title='bbox 1263 1360 1534 1415; x_wconf 83' lang='lat' dir='ltr'>subiungere,</span> 
     </span>
     <span class='ocr_line' id='line_1_23' title="bbox 198 1418 1535 1477; baseline -0.004 -12"><span class='ocrx_word' id='word_1_174' title='bbox 198 1424 464 1465; x_wconf 81' lang='lat' dir='ltr'>tolerabilius</span> <span class='ocrx_word' id='word_1_175' title='bbox 498 1427 562 1464; x_wconf 87' lang='lat' dir='ltr'>est</span> <span class='ocrx_word' id='word_1_176' title='bbox 595 1423 654 1464; x_wconf 90' lang='lat' dir='ltr'>sic</span> <span class='ocrx_word' id='word_1_177' title='bbox 685 1422 830 1477; x_wconf 87' lang='lat' dir='ltr'>potius</span> <span class='ocrx_word' id='word_1_178' title='bbox 864 1422 1013 1475; x_wconf 88' lang='lat' dir='ltr'>dicere,</span> <span class='ocrx_word' id='word_1_179' title='bbox 1043 1424 1104 1475; x_wconf 83' lang='lat' dir='ltr'>ut,</span> <span class='ocrx_word' id='word_1_180' title='bbox 1136 1419 1337 1474; x_wconf 87' lang='lat' dir='ltr'>quoniam</span> <span class='ocrx_word' id='word_1_181' title='bbox 1369 1418 1535 1460; x_wconf 88' lang='lat' dir='ltr'>dicendi</span> 
     </span>
     <span class='ocr_line' id='line_1_24' title="bbox 197 1468 1536 1532; baseline -0.004 -9"><span class='ocrx_word' id='word_1_182' title='bbox 197 1483 379 1524; x_wconf 84' lang='lat' dir='ltr'>facultas</span> <span class='ocrx_word' id='word_1_183' title='bbox 404 1496 493 1523; x_wconf 88' lang='lat' dir='ltr'>non</span> <span class='ocrx_word' id='word_1_184' title='bbox 518 1482 669 1522; x_wconf 88' lang='lat' dir='ltr'>debeat</span> <span class='ocrx_word' id='word_1_185' title='bbox 689 1495 779 1521; x_wconf 91' lang='grc'>0330</span> <span class='ocrx_word' id='word_1_186' title='bbox 805 1480 948 1520; x_wconf 86' lang='grc'>10111110</span> <span class='ocrx_word' id='word_1_187' title='bbox 973 1482 1100 1532; x_wconf 86' lang='lat' dir='ltr'>atque</span> <span class='ocrx_word' id='word_1_188' title='bbox 1126 1478 1240 1518; x_wconf 89' lang='lat' dir='ltr'>nuda</span> <span class='ocrx_word' id='word_1_189' title='bbox 1265 1478 1338 1518; x_wconf 90' lang='lat' dir='ltr'>sed</span> <span class='ocrx_word' id='word_1_190' title='bbox 1364 1468 1536 1531; x_wconf 69' lang='lat' dir='ltr'>aspersa</span> 
     </span>
     <span class='ocr_line' id='line_1_25' title="bbox 199 1535 1536 1594; baseline -0.004 -13"><span class='ocrx_word' id='word_1_191' title='bbox 199 1544 327 1594; x_wconf 88' lang='lat' dir='ltr'>atque</span> <span class='ocrx_word' id='word_1_192' title='bbox 348 1540 552 1581; x_wconf 81' lang='lat' dir='ltr'>distincta</span> <span class='ocrx_word' id='word_1_193' title='bbox 571 1539 803 1580; x_wconf 84' lang='lat' dir='ltr'>multarum</span> <span class='ocrx_word' id='word_1_194' title='bbox 822 1553 964 1578; x_wconf 83' lang='lat' dir='ltr'>rerum</span> <span class='ocrx_word' id='word_1_195' title='bbox 988 1536 1172 1577; x_wconf 90' lang='lat' dir='ltr'>iucunda</span> <span class='ocrx_word' id='word_1_196' title='bbox 1198 1536 1380 1589; x_wconf 90' lang='lat' dir='ltr'>quadam</span> <span class='ocrx_word' id='word_1_197' title='bbox 1404 1535 1536 1576; x_wconf 87' lang='lat' dir='ltr'>varie-</span> 
     </span>
     <span class='ocr_line' id='line_1_26' title="bbox 198 1593 1643 1652; baseline -0.005 -13"><span class='ocrx_word' id='word_1_198' title='bbox 198 1602 301 1652; x_wconf 87' lang='lat' dir='ltr'>tate,</span> <span class='ocrx_word' id='word_1_199' title='bbox 333 1598 389 1639; x_wconf 89' lang='lat' dir='ltr'>sit</span> <span class='ocrx_word' id='word_1_200' title='bbox 421 1598 523 1638; x_wconf 84' lang='lat' dir='ltr'>boni</span> <span class='ocrx_word' id='word_1_201' title='bbox 557 1597 738 1638; x_wconf 87' lang='lat' dir='ltr'>oratoris</span> <span class='ocrx_word' id='word_1_202' title='bbox 771 1596 907 1636; x_wconf 87' lang='lat' dir='ltr'>multa</span> <span class='ocrx_word' id='word_1_203' title='bbox 933 1595 1107 1636; x_wconf 72' lang='lat' dir='ltr'>auribus&gt;</span> <span class='ocrx_word' id='word_1_204' title='bbox 1141 1593 1366 1647; x_wconf 86' lang='lat' dir='ltr'>accepisse,</span> <span class='ocrx_word' id='word_1_205' title='bbox 1397 1593 1535 1634; x_wconf 87' lang='lat' dir='ltr'>multa</span> <span class='ocrx_word' id='word_1_206' title='bbox 1555 1607 1588 1633; x_wconf 79' lang='lat'>25</span> <span class='ocrx_word' id='word_1_207' title='bbox 1642 1635 1643 1639; x_wconf 48' lang='lat'>,</span> 
     </span>
     <span class='ocr_line' id='line_1_27' title="bbox 198 1650 1643 1710; baseline -0.004 -13"><span class='ocrx_word' id='word_1_208' title='bbox 198 1657 372 1710; x_wconf 76' lang='lat' dir='ltr'>vidisse,</span> <span class='ocrx_word' id='word_1_209' title='bbox 409 1656 545 1696; x_wconf 88' lang='lat' dir='ltr'>multa</span> <span class='ocrx_word' id='word_1_210' title='bbox 583 1655 724 1695; x_wconf 88' lang='lat' dir='ltr'>animo</span> <span class='ocrx_word' id='word_1_211' title='bbox 758 1657 800 1694; x_wconf 89' lang='lat' dir='ltr'>et</span> <span class='ocrx_word' id='word_1_212' title='bbox 832 1653 1112 1708; x_wconf 80' lang='lat' dir='ltr'>cogitatione,</span> <span class='ocrx_word' id='word_1_213' title='bbox 1149 1652 1286 1692; x_wconf 88' lang='lat' dir='ltr'>multa</span> <span class='ocrx_word' id='word_1_214' title='bbox 1318 1651 1449 1692; x_wconf 89' lang='lat' dir='ltr'>etiam</span> <span class='ocrx_word' id='word_1_215' title='bbox 1480 1651 1536 1692; x_wconf 90' lang='grc'>10-</span> <span class='ocrx_word' id='word_1_216' title='bbox 1642 1650 1643 1656; x_wconf 71' lang='grc'>’</span> 
     </span>
     <span class='ocr_line' id='line_1_28' title="bbox 200 1709 1536 1769; baseline -0.004 -14"><span class='ocrx_word' id='word_1_217' title='bbox 200 1714 336 1769; x_wconf 89' lang='lat' dir='ltr'>gendo</span> <span class='ocrx_word' id='word_1_218' title='bbox 368 1713 694 1767; x_wconf 78' lang='lat' dir='ltr'>percucurrisse,</span> <span class='ocrx_word' id='word_1_219' title='bbox 725 1726 861 1765; x_wconf 88' lang='lat' dir='ltr'>neque</span> <span class='ocrx_word' id='word_1_220' title='bbox 895 1725 943 1751; x_wconf 91' lang='grc'>00</span> <span class='ocrx_word' id='word_1_221' title='bbox 981 1713 1029 1751; x_wconf 89' lang='lat' dir='ltr'>ut</span> <span class='ocrx_word' id='word_1_222' title='bbox 1067 1725 1143 1750; x_wconf 90' lang='grc'>3110</span> <span class='ocrx_word' id='word_1_223' title='bbox 1182 1709 1423 1764; x_wconf 81' lang='lat' dir='ltr'>possedisse</span> <span class='ocrx_word' id='word_1_224' title='bbox 1462 1709 1536 1750; x_wconf 90' lang='lat' dir='ltr'>sed</span> 
     </span>
     <span class='ocr_line' id='line_1_29' title="bbox 198 1767 1535 1821; baseline -0.004 -8"><span class='ocrx_word' id='word_1_225' title='bbox 198 1776 247 1813; x_wconf 90' lang='lat' dir='ltr'>ut</span> <span class='ocrx_word' id='word_1_226' title='bbox 267 1772 405 1813; x_wconf 91' lang='lat' dir='ltr'>aliena</span> <span class='ocrx_word' id='word_1_227' title='bbox 423 1771 593 1812; x_wconf 88' lang='lat' dir='ltr'>libasse,</span> <span class='ocrx_word' id='word_1_228' title='bbox 637 1770 795 1811; x_wconf 86' lang='lat' dir='ltr'>Fateor</span> <span class='ocrx_word' id='word_1_229' title='bbox 821 1769 933 1810; x_wconf 90' lang='lat' dir='ltr'>enim</span> <span class='ocrx_word' id='word_1_230' title='bbox 959 1768 1159 1809; x_wconf 90' lang='lat' dir='ltr'>callidum</span> <span class='ocrx_word' id='word_1_231' title='bbox 1187 1768 1398 1821; x_wconf 83' lang='lat' dir='ltr'>quendam</span> <span class='ocrx_word' id='word_1_232' title='bbox 1422 1767 1535 1808; x_wconf 87' lang='lat' dir='ltr'>hunc</span> 
     </span>
     <span class='ocr_line' id='line_1_30' title="bbox 200 1826 1536 1881; baseline -0.004 -10"><span class='ocrx_word' id='word_1_233' title='bbox 200 1833 242 1872; x_wconf 88' lang='lat' dir='ltr'>et</span> <span class='ocrx_word' id='word_1_234' title='bbox 267 1830 385 1870; x_wconf 81' lang='lat' dir='ltr'>nulla</span> <span class='ocrx_word' id='word_1_235' title='bbox 409 1829 455 1870; x_wconf 93' lang='lat' dir='ltr'>in</span> <span class='ocrx_word' id='word_1_236' title='bbox 479 1844 523 1870; x_wconf 91' lang='grc'>10</span> <span class='ocrx_word' id='word_1_237' title='bbox 549 1829 734 1870; x_wconf 88' lang='lat' dir='ltr'>tironem</span> <span class='ocrx_word' id='word_1_238' title='bbox 759 1843 808 1869; x_wconf 91' lang='grc'>00</span> <span class='ocrx_word' id='word_1_239' title='bbox 833 1827 981 1868; x_wconf 87' lang='lat' dir='ltr'>rudem</span> <span class='ocrx_word' id='word_1_240' title='bbox 1005 1841 1082 1867; x_wconf 90' lang='grc'>1100</span> <span class='ocrx_word' id='word_1_241' title='bbox 1108 1826 1381 1881; x_wconf 86' lang='lat' dir='ltr'>peregrinum</span> <span class='ocrx_word' id='word_1_242' title='bbox 1407 1829 1536 1880; x_wconf 89' lang='lat' dir='ltr'>atque</span> 
     </span>
     <span class='ocr_line' id='line_1_31' title="bbox 132 1885 1590 1952; baseline -0.004 -22"><span class='ocrx_word' id='word_1_243' title='bbox 132 1912 184 1952; x_wconf 65' lang='lat'>51</span> <span class='ocrx_word' id='word_1_244' title='bbox 199 1888 415 1942; x_wconf 87' lang='lat' dir='ltr'>hospitem</span> <span class='ocrx_word' id='word_1_245' title='bbox 445 1888 491 1928; x_wconf 90' lang='lat' dir='ltr'>in</span> <span class='ocrx_word' id='word_1_246' title='bbox 523 1887 687 1942; x_wconf 89' lang='lat' dir='ltr'>agendo</span> <span class='ocrx_word' id='word_1_247' title='bbox 720 1901 811 1927; x_wconf 86' lang='lat' dir='ltr'>esse</span> <span class='ocrx_word' id='word_1_248' title='bbox 844 1885 1005 1926; x_wconf 89' lang='lat' dir='ltr'>debere.</span> <span class='ocrx_word' id='word_1_249' title='bbox 1556 1899 1590 1924; x_wconf 85' lang='lat'>30</span> 
     </span>
     <span class='ocr_line' id='line_1_32' title="bbox 129 1941 1538 2012; baseline -0.004 -24"><span class='ocrx_word' id='word_1_250' title='bbox 129 1941 195 2012; x_wconf 55' lang='lat'>{19</span> <span class='ocrx_word' id='word_1_251' title='bbox 319 1946 468 2000; x_wconf 89' lang='lat' dir='ltr'>Neque</span> <span class='ocrx_word' id='word_1_252' title='bbox 500 1960 598 1987; x_wconf 81' lang='lat' dir='ltr'>vero</span> <span class='ocrx_word' id='word_1_253' title='bbox 630 1945 726 1986; x_wconf 86' lang='lat' dir='ltr'>istis</span> <span class='ocrx_word' id='word_1_254' title='bbox 758 1943 990 1998; x_wconf 88' lang='lat' dir='ltr'>tragoediis</span> <span class='ocrx_word' id='word_1_255' title='bbox 1022 1943 1128 1997; x_wconf 90' lang='lat' dir='ltr'>tuis,</span> <span class='ocrx_word' id='word_1_256' title='bbox 1166 1943 1320 1996; x_wconf 90' lang='lat' dir='ltr'>quibus</span> <span class='ocrx_word' id='word_1_257' title='bbox 1351 1942 1417 1983; x_wconf 89' lang='lat' dir='ltr'>uti</span> <span class='ocrx_word' id='word_1_258' title='bbox 1446 1941 1538 1996; x_wconf 90' lang='lat' dir='ltr'>phi-</span> 
     </span>
     <span class='ocr_line' id='line_1_33' title="bbox 198 2000 1537 2058; baseline -0.004 -13"><span class='ocrx_word' id='word_1_259' title='bbox 198 2004 368 2058; x_wconf 87' lang='lat' dir='ltr'>losophi</span> <span class='ocrx_word' id='word_1_260' title='bbox 409 2004 590 2045; x_wconf 82' lang='lat' dir='ltr'>maxime</span> <span class='ocrx_word' id='word_1_261' title='bbox 634 2003 789 2057; x_wconf 84' lang='lat' dir='ltr'>solent,</span> <span class='ocrx_word' id='word_1_262' title='bbox 831 2001 999 2055; x_wconf 81' lang='lat' dir='ltr'>Crasse,</span> <span class='ocrx_word' id='word_1_263' title='bbox 1036 2002 1282 2055; x_wconf 80' lang='lat' dir='ltr'>perturbor,</span> <span class='ocrx_word' id='word_1_264' title='bbox 1323 2000 1437 2054; x_wconf 90' lang='lat' dir='ltr'>quod</span> <span class='ocrx_word' id='word_1_265' title='bbox 1474 2000 1537 2040; x_wconf 85' lang='lat' dir='ltr'>ita</span> 
     </span>
     <span class='ocr_line' id='line_1_34' title="bbox 199 2059 1537 2116; baseline -0.004 -13"><span class='ocrx_word' id='word_1_266' title='bbox 199 2063 356 2116; x_wconf 84' lang='lat' dir='ltr'>dixisti,</span> <span class='ocrx_word' id='word_1_267' title='bbox 386 2062 599 2103; x_wconf 88' lang='lat' dir='ltr'>neminem</span> <span class='ocrx_word' id='word_1_268' title='bbox 629 2075 754 2115; x_wconf 85' lang='lat' dir='ltr'>posse</span> <span class='ocrx_word' id='word_1_269' title='bbox 780 2074 927 2102; x_wconf 84' lang='lat' dir='ltr'>eorum</span> <span class='ocrx_word' id='word_1_270' title='bbox 952 2063 1114 2100; x_wconf 84' lang='lat' dir='ltr'>mentes</span> <span class='ocrx_word' id='word_1_271' title='bbox 1143 2059 1215 2112; x_wconf 91' lang='lat' dir='ltr'>qui</span> <span class='ocrx_word' id='word_1_272' title='bbox 1241 2059 1437 2100; x_wconf 83' lang='lat' dir='ltr'>audirent</span> <span class='ocrx_word' id='word_1_273' title='bbox 1463 2060 1537 2098; x_wconf 86' lang='lat' dir='ltr'>aut</span> 
     </span>
     <span class='ocr_line' id='line_1_35' title="bbox 197 2117 1536 2172; baseline -0.004 -10"><span class='ocrx_word' id='word_1_274' title='bbox 197 2121 462 2162; x_wconf 87' lang='lat' dir='ltr'>inflammare</span> <span class='ocrx_word' id='word_1_275' title='bbox 494 2120 670 2161; x_wconf 89' lang='lat' dir='ltr'>dicendo</span> <span class='ocrx_word' id='word_1_276' title='bbox 703 2121 776 2160; x_wconf 86' lang='lat' dir='ltr'>aut</span> <span class='ocrx_word' id='word_1_277' title='bbox 805 2118 1092 2159; x_wconf 87' lang='lat' dir='ltr'>inflammatas</span> <span class='ocrx_word' id='word_1_278' title='bbox 1124 2117 1408 2172; x_wconf 85' lang='lat' dir='ltr'>restinguere,</span> <span class='ocrx_word' id='word_1_279' title='bbox 1440 2130 1536 2157; x_wconf 90' lang='lat' dir='ltr'>cum</span> 
     </span>
     <span class='ocr_line' id='line_1_36' title="bbox 199 2173 1589 2230; baseline -0.005 -10"><span class='ocrx_word' id='word_1_280' title='bbox 199 2193 249 2220; x_wconf 93' lang='lat' dir='ltr'>eo</span> <span class='ocrx_word' id='word_1_281' title='bbox 287 2178 469 2220; x_wconf 68' lang='lat' dir='ltr'>maxime</span> <span class='ocrx_word' id='word_1_282' title='bbox 506 2178 568 2218; x_wconf 84' lang='lat' dir='ltr'>vis</span> <span class='ocrx_word' id='word_1_283' title='bbox 608 2177 789 2218; x_wconf 81' lang='lat' dir='ltr'>oratoris</span> <span class='ocrx_word' id='word_1_284' title='bbox 827 2175 1160 2230; x_wconf 85' lang='lat' dir='ltr'>magnitudoque</span> <span class='ocrx_word' id='word_1_285' title='bbox 1200 2178 1416 2228; x_wconf 85' lang='lat' dir='ltr'>cernatur,</span> <span class='ocrx_word' id='word_1_286' title='bbox 1452 2173 1589 2214; x_wconf 83' lang='lat' dir='ltr'>nisi35</span> 
     </span>
     <span class='ocr_line' id='line_1_37' title="bbox 200 2234 1535 2291; baseline -0.004 -13"><span class='ocrx_word' id='word_1_287' title='bbox 200 2237 272 2291; x_wconf 91' lang='lat' dir='ltr'>qui</span> <span class='ocrx_word' id='word_1_288' title='bbox 303 2251 446 2278; x_wconf 84' lang='lat' dir='ltr'>rerum</span> <span class='ocrx_word' id='word_1_289' title='bbox 484 2236 675 2277; x_wconf 86' lang='lat' dir='ltr'>omnium</span> <span class='ocrx_word' id='word_1_290' title='bbox 711 2238 928 2288; x_wconf 88' lang='lat' dir='ltr'>naturam,</span> <span class='ocrx_word' id='word_1_291' title='bbox 965 2247 1104 2274; x_wconf 87' lang='lat' dir='ltr'>mores</span> <span class='ocrx_word' id='word_1_292' title='bbox 1143 2234 1367 2275; x_wconf 88' lang='lat' dir='ltr'>hominum</span> <span class='ocrx_word' id='word_1_293' title='bbox 1406 2234 1535 2285; x_wconf 87' lang='lat' dir='ltr'>atque</span> 
     </span>
     <span class='ocr_line' id='line_1_38' title="bbox 199 2289 1538 2349; baseline -0.004 -13"><span class='ocrx_word' id='word_1_294' title='bbox 199 2295 386 2336; x_wconf 86' lang='lat' dir='ltr'>rationes</span> <span class='ocrx_word' id='word_1_295' title='bbox 423 2294 593 2349; x_wconf 89' lang='lat' dir='ltr'>penitus</span> <span class='ocrx_word' id='word_1_296' title='bbox 630 2292 911 2349; x_wconf 82' lang='lat' dir='ltr'>perspexerit,</span> <span class='ocrx_word' id='word_1_297' title='bbox 953 2292 999 2332; x_wconf 89' lang='lat' dir='ltr'>in</span> <span class='ocrx_word' id='word_1_298' title='bbox 1042 2306 1125 2346; x_wconf 90' lang='lat' dir='ltr'>quo</span> <span class='ocrx_word' id='word_1_299' title='bbox 1169 2290 1443 2346; x_wconf 87' lang='lat' dir='ltr'>philosophia</span> <span class='ocrx_word' id='word_1_300' title='bbox 1481 2289 1538 2330; x_wconf 86' lang='lat' dir='ltr'>sit</span> 
     </span>
    </p>
   </div>
  </div>
 </body>
</html>
