<?xml version="1.0" encoding="UTF-8"?>
<!DOCTYPE html PUBLIC "-//W3C//DTD XHTML 1.0 Transitional//EN"
    "http://www.w3.org/TR/xhtml1/DTD/xhtml1-transitional.dtd">
<html xmlns="http://www.w3.org/1999/xhtml" xml:lang="en" lang="en">
 <head>
  <title>
</title>
<meta http-equiv="Content-Type" content="text/html;charset=utf-8" />
  <meta name='ocr-system' content='tesseract 3.04.00' />
  <meta name='ocr-capabilities' content='ocr_page ocr_carea ocr_par ocr_line ocrx_word'/>
</head>
<body>
  <div class='ocr_page' id='page_1' title='image "./p2scriptaquaemanse01ciceuoft_0171.png"; bbox 0 0 1643 2526; ppageno 0'>
   <div class='ocr_carea' id='block_1_1' title="bbox 402 89 1440 132">
    <p class='ocr_par' dir='ltr' id='par_1_1' title="bbox 402 89 1440 132">
     <span class='ocr_line' id='line_1_1' title="bbox 402 89 1440 132; baseline 0.004 -9"><span class='ocrx_word' id='word_1_1' title='bbox 402 89 547 124; x_wconf 86' lang='lat' dir='ltr'>LIBER</span> <span class='ocrx_word' id='word_1_2' title='bbox 572 90 616 125; x_wconf 94' lang='lat' dir='ltr'>II.</span> <span class='ocrx_word' id='word_1_3' title='bbox 667 89 766 125; x_wconf 91' lang='lat' dir='ltr'>CAP.</span> <span class='ocrx_word' id='word_1_4' title='bbox 795 94 896 125; x_wconf 84' lang='lat'><strong>6—7.</strong></span> <span class='ocrx_word' id='word_1_5' title='bbox 937 94 956 132; x_wconf 66' lang='grc' dir='ltr'>ἓ</span> <span class='ocrx_word' id='word_1_6' title='bbox 982 95 1132 126; x_wconf 65' lang='lat'>22—29.</span> <span class='ocrx_word' id='word_1_7' title='bbox 1386 90 1440 132; x_wconf 84' lang='lat'>73</span> 
     </span>
    </p>
   </div>
   <div class='ocr_carea' id='block_1_2' title="bbox 50 184 1443 2334">
    <p class='ocr_par' dir='ltr' id='par_1_2' title="bbox 50 184 1443 2334">
     <span class='ocr_line' id='line_1_2' title="bbox 101 184 1439 239; baseline 0 -13"><span class='ocrx_word' id='word_1_8' title='bbox 101 186 169 237; x_wconf 85' lang='lat' dir='ltr'>[ea</span> <span class='ocrx_word' id='word_1_9' title='bbox 200 199 306 239; x_wconf 89' lang='lat' dir='ltr'>quae</span> <span class='ocrx_word' id='word_1_10' title='bbox 339 184 560 237; x_wconf 88' lang='lat' dir='ltr'>scriberet]</span> <span class='ocrx_word' id='word_1_11' title='bbox 603 199 740 239; x_wconf 89' lang='lat' dir='ltr'>neque</span> <span class='ocrx_word' id='word_1_12' title='bbox 779 199 822 226; x_wconf 90' lang='lat' dir='ltr'>se</span> <span class='ocrx_word' id='word_1_13' title='bbox 864 185 917 226; x_wconf 87' lang='lat' dir='ltr'>ab</span> <span class='ocrx_word' id='word_1_14' title='bbox 957 185 1265 227; x_wconf 87' lang='lat' dir='ltr'>indoctissimis</span> <span class='ocrx_word' id='word_1_15' title='bbox 1302 199 1439 239; x_wconf 87' lang='lat' dir='ltr'>neque</span> 
     </span>
     <span class='ocr_line' id='line_1_3' title="bbox 102 242 1440 299; baseline 0.001 -15"><span class='ocrx_word' id='word_1_16' title='bbox 102 258 126 284; x_wconf 95' lang='lat' dir='ltr'>a</span> <span class='ocrx_word' id='word_1_17' title='bbox 152 242 411 284; x_wconf 74' lang='lat' dir='ltr'>doctissimis</span> <span class='ocrx_word' id='word_1_18' title='bbox 445 243 532 298; x_wconf 79' lang='lat' dir='ltr'>legi</span> <span class='ocrx_word' id='word_1_19' title='bbox 558 243 677 297; x_wconf 86' lang='lat' dir='ltr'>velle,</span> <span class='ocrx_word' id='word_1_20' title='bbox 709 243 822 297; x_wconf 88' lang='lat' dir='ltr'>quod</span> <span class='ocrx_word' id='word_1_21' title='bbox 848 243 971 284; x_wconf 92' lang='lat' dir='ltr'>alteri</span> <span class='ocrx_word' id='word_1_22' title='bbox 1002 244 1110 284; x_wconf 84' lang='lat' dir='ltr'>nihil</span> <span class='ocrx_word' id='word_1_23' title='bbox 1141 244 1440 299; x_wconf 82' lang='lat' dir='ltr'>intellegerent</span> 
     </span>
     <span class='ocr_line' id='line_1_4' title="bbox 103 301 1440 356; baseline 0.001 -14"><span class='ocrx_word' id='word_1_24' title='bbox 103 301 225 342; x_wconf 90' lang='lat' dir='ltr'>alteri</span> <span class='ocrx_word' id='word_1_25' title='bbox 256 301 351 356; x_wconf 89' lang='lat' dir='ltr'>plus</span> <span class='ocrx_word' id='word_1_26' title='bbox 383 301 565 343; x_wconf 85' lang='lat' dir='ltr'>fortasse</span> <span class='ocrx_word' id='word_1_27' title='bbox 593 316 719 355; x_wconf 88' lang='lat' dir='ltr'>quam</span> <span class='ocrx_word' id='word_1_28' title='bbox 749 302 840 356; x_wconf 90' lang='lat' dir='ltr'>ipse</span> <span class='ocrx_word' id='word_1_29' title='bbox 871 326 919 330; x_wconf 97' lang='lat'><strong>—</strong></span> <span class='ocrx_word' id='word_1_30' title='bbox 950 302 999 343; x_wconf 93' lang='lat' dir='ltr'>de</span> <span class='ocrx_word' id='word_1_31' title='bbox 1033 316 1116 355; x_wconf 88' lang='lat' dir='ltr'>quo</span> <span class='ocrx_word' id='word_1_32' title='bbox 1150 302 1280 344; x_wconf 90' lang='lat' dir='ltr'>etiam</span> <span class='ocrx_word' id='word_1_33' title='bbox 1312 302 1440 356; x_wconf 89' lang='lat' dir='ltr'>scrip-</span> 
     </span>
     <span class='ocr_line' id='line_1_5' title="bbox 102 359 1441 415; baseline 0.001 -15"><span class='ocrx_word' id='word_1_34' title='bbox 102 359 159 400; x_wconf 86' lang='lat' dir='ltr'>sit</span> <span class='ocrx_word' id='word_1_35' title='bbox 194 359 423 401; x_wconf 83' lang='lat' dir='ltr'><strong>Persium</strong></span> <span class='ocrx_word' id='word_1_36' title='bbox 462 374 560 400; x_wconf 88' lang='lat' dir='ltr'>non</span> <span class='ocrx_word' id='word_1_37' title='bbox 599 374 716 401; x_wconf 87' lang='lat' dir='ltr'>curo</span> <span class='ocrx_word' id='word_1_38' title='bbox 754 360 922 415; x_wconf 80' lang='lat' dir='ltr'>legere</span> <span class='ocrx_word' id='word_1_39' title='bbox 967 360 1060 414; x_wconf 84' lang='lat' dir='ltr'>(hic</span> <span class='ocrx_word' id='word_1_40' title='bbox 1098 361 1181 402; x_wconf 84' lang='lat' dir='ltr'>fuit</span> <span class='ocrx_word' id='word_1_41' title='bbox 1217 360 1348 415; x_wconf 86' lang='lat' dir='ltr'>enim,</span> <span class='ocrx_word' id='word_1_42' title='bbox 1391 364 1441 402; x_wconf 91' lang='lat' dir='ltr'>ut</span> 
     </span>
     <span class='ocr_line' id='line_1_6' title="bbox 67 418 1440 472; baseline 0.001 -14"><span class='ocrx_word' id='word_1_43' title='bbox 67 434 82 459; x_wconf 83' lang='lat'>5</span> <span class='ocrx_word' id='word_1_44' title='bbox 101 432 321 472; x_wconf 88' lang='lat' dir='ltr'>noramus,</span> <span class='ocrx_word' id='word_1_45' title='bbox 362 418 552 459; x_wconf 81' lang='lat' dir='ltr'>omnium</span> <span class='ocrx_word' id='word_1_46' title='bbox 583 418 670 459; x_wconf 89' lang='lat' dir='ltr'>fere</span> <span class='ocrx_word' id='word_1_47' title='bbox 701 421 948 459; x_wconf 89' lang='lat' dir='ltr'>nostrorum</span> <span class='ocrx_word' id='word_1_48' title='bbox 978 418 1200 460; x_wconf 89' lang='lat' dir='ltr'>hominum</span> <span class='ocrx_word' id='word_1_49' title='bbox 1232 419 1440 460; x_wconf 89' lang='lat' dir='ltr'>doctissu-</span> 
     </span>
     <span class='ocr_line' id='line_1_7' title="bbox 101 475 1437 532; baseline 0.001 -16"><span class='ocrx_word' id='word_1_50' title='bbox 101 475 234 530; x_wconf 90' lang='lat' dir='ltr'>mus),</span> <span class='ocrx_word' id='word_1_51' title='bbox 270 475 502 517; x_wconf 87' lang='lat' dir='ltr'>Laelium</span> <span class='ocrx_word' id='word_1_52' title='bbox 533 476 803 518; x_wconf 82' lang='lat' dir='ltr'>Decumum</span> <span class='ocrx_word' id='word_1_53' title='bbox 834 477 968 530; x_wconf 92' lang='lat' dir='ltr'>volo,</span> <span class='ocrx_word' id='word_1_54' title='bbox 1000 491 1126 530; x_wconf 91' lang='lat' dir='ltr'>quem</span> <span class='ocrx_word' id='word_1_55' title='bbox 1158 477 1437 532; x_wconf 82' lang='lat' dir='ltr'>cognovimus</span> 
     </span>
     <span class='ocr_line' id='line_1_8' title="bbox 100 534 1439 589; baseline 0.001 -14"><span class='ocrx_word' id='word_1_56' title='bbox 100 534 239 575; x_wconf 84' lang='lat' dir='ltr'>virum</span> <span class='ocrx_word' id='word_1_57' title='bbox 275 534 436 575; x_wconf 86' lang='lat' dir='ltr'>bonum</span> <span class='ocrx_word' id='word_1_58' title='bbox 473 537 516 575; x_wconf 86' lang='lat' dir='ltr'>et</span> <span class='ocrx_word' id='word_1_59' title='bbox 551 549 638 575; x_wconf 90' lang='lat' dir='ltr'>non</span> <span class='ocrx_word' id='word_1_60' title='bbox 668 534 971 589; x_wconf 69' lang='lat' dir='ltr'>inlitteratum,</span> <span class='ocrx_word' id='word_1_61' title='bbox 1014 535 1088 576; x_wconf 87' lang='lat' dir='ltr'>sed</span> <span class='ocrx_word' id='word_1_62' title='bbox 1118 535 1225 576; x_wconf 88' lang='lat' dir='ltr'>nihil</span> <span class='ocrx_word' id='word_1_63' title='bbox 1259 536 1311 576; x_wconf 88' lang='lat' dir='ltr'>ad</span> <span class='ocrx_word' id='word_1_64' title='bbox 1340 534 1439 576; x_wconf 89' lang='lat' dir='ltr'>Per-</span> 
     </span>
     <span class='ocr_line' id='line_1_9' title="bbox 102 592 1438 647; baseline 0.001 -14"><span class='ocrx_word' id='word_1_65' title='bbox 102 592 213 633; x_wconf 87' lang='lat' dir='ltr'>sium</span> <span class='ocrx_word' id='word_1_66' title='bbox 241 608 311 633; x_wconf 81' lang='lat' dir='ltr'>—z</span> <span class='ocrx_word' id='word_1_67' title='bbox 344 593 404 634; x_wconf 87' lang='lat' dir='ltr'>sic</span> <span class='ocrx_word' id='word_1_68' title='bbox 436 606 528 647; x_wconf 81' lang='lat' dir='ltr'>ego,</span> <span class='ocrx_word' id='word_1_69' title='bbox 560 593 596 633; x_wconf 91' lang='lat' dir='ltr'>si</span> <span class='ocrx_word' id='word_1_70' title='bbox 626 592 713 633; x_wconf 89' lang='lat' dir='ltr'>iam</span> <span class='ocrx_word' id='word_1_71' title='bbox 745 592 850 634; x_wconf 88' lang='lat' dir='ltr'>mihi</span> <span class='ocrx_word' id='word_1_72' title='bbox 882 593 1186 647; x_wconf 88' lang='lat' dir='ltr'>disputandum</span> <span class='ocrx_word' id='word_1_73' title='bbox 1213 593 1269 634; x_wconf 88' lang='lat' dir='ltr'>sit</span> <span class='ocrx_word' id='word_1_74' title='bbox 1294 594 1344 634; x_wconf 92' lang='lat' dir='ltr'>de</span> <span class='ocrx_word' id='word_1_75' title='bbox 1370 594 1438 634; x_wconf 90' lang='lat' dir='ltr'>his</span> 
     </span>
     <span class='ocr_line' id='line_1_10' title="bbox 100 650 1437 705; baseline 0.001 -14"><span class='ocrx_word' id='word_1_76' title='bbox 100 650 259 692; x_wconf 89' lang='lat' dir='ltr'>nostris</span> <span class='ocrx_word' id='word_1_77' title='bbox 287 651 453 705; x_wconf 84' lang='lat' dir='ltr'>studiis,</span> <span class='ocrx_word' id='word_1_78' title='bbox 482 651 617 692; x_wconf 88' lang='lat' dir='ltr'>nolim</span> <span class='ocrx_word' id='word_1_79' title='bbox 642 651 837 705; x_wconf 78' lang='lat' dir='ltr'>equidem</span> <span class='ocrx_word' id='word_1_80' title='bbox 863 652 974 705; x_wconf 89' lang='lat' dir='ltr'>apud</span> <span class='ocrx_word' id='word_1_81' title='bbox 998 651 1182 693; x_wconf 90' lang='lat' dir='ltr'>rusticos</span> <span class='ocrx_word' id='word_1_82' title='bbox 1204 652 1276 692; x_wconf 89' lang='lat' dir='ltr'>sed</span> <span class='ocrx_word' id='word_1_83' title='bbox 1302 652 1437 692; x_wconf 89' lang='lat' dir='ltr'>multo</span> 
     </span>
     <span class='ocr_line' id='line_1_11' title="bbox 50 708 1438 764; baseline 0.001 -15"><span class='ocrx_word' id='word_1_84' title='bbox 50 725 82 750; x_wconf 88' lang='lat'>10</span> <span class='ocrx_word' id='word_1_85' title='bbox 101 708 241 750; x_wconf 88' lang='lat' dir='ltr'>minus</span> <span class='ocrx_word' id='word_1_86' title='bbox 275 709 386 763; x_wconf 89' lang='lat' dir='ltr'>apud</span> <span class='ocrx_word' id='word_1_87' title='bbox 417 723 503 750; x_wconf 88' lang='lat' dir='ltr'>vos.</span> <span class='ocrx_word' id='word_1_88' title='bbox 564 708 680 750; x_wconf 87' lang='lat' dir='ltr'>Malo</span> <span class='ocrx_word' id='word_1_89' title='bbox 713 709 827 750; x_wconf 91' lang='lat' dir='ltr'>enim</span> <span class='ocrx_word' id='word_1_90' title='bbox 856 723 944 750; x_wconf 88' lang='lat' dir='ltr'>non</span> <span class='ocrx_word' id='word_1_91' title='bbox 973 709 1167 764; x_wconf 79' lang='lat' dir='ltr'>intellegi</span> <span class='ocrx_word' id='word_1_92' title='bbox 1200 710 1438 751; x_wconf 89' lang='lat' dir='ltr'>orationem</span> 
     </span>
     <span class='ocr_line' id='line_1_12' title="bbox 102 766 1439 822; baseline 0.001 -14"><span class='ocrx_word' id='word_1_93' title='bbox 102 781 240 808; x_wconf 87' lang='lat' dir='ltr'>meam</span> <span class='ocrx_word' id='word_1_94' title='bbox 271 782 399 821; x_wconf 87' lang='lat' dir='ltr'>quam</span> <span class='ocrx_word' id='word_1_95' title='bbox 429 767 691 821; x_wconf 82' lang='lat' dir='ltr'>reprehendi.</span> <span class='ocrx_word' id='word_1_96' title='bbox 752 767 861 808; x_wconf 88' lang='lat' dir='ltr'>Tum</span> <span class='ocrx_word' id='word_1_97' title='bbox 893 766 1066 808; x_wconf 89' lang='lat' dir='ltr'>Caesar:</span> <span class='ocrx_word' id='word_1_98' title='bbox 1111 768 1341 822; x_wconf 76' lang='lat' dir='ltr'>Equidem,</span> <span class='ocrx_word' id='word_1_99' title='bbox 1377 768 1439 808; x_wconf 90' lang='lat' dir='ltr'>in-</span> 
     </span>
     <span class='ocr_line' id='line_1_13' title="bbox 103 823 1439 880; baseline 0.001 -14"><span class='ocrx_word' id='word_1_100' title='bbox 103 825 214 880; x_wconf 89' lang='lat' dir='ltr'>quit,</span> <span class='ocrx_word' id='word_1_101' title='bbox 251 823 419 880; x_wconf 80' lang='lat' dir='ltr'>Catule,</span> <span class='ocrx_word' id='word_1_102' title='bbox 455 825 541 866; x_wconf 89' lang='lat' dir='ltr'>iam</span> <span class='ocrx_word' id='word_1_103' title='bbox 572 826 679 866; x_wconf 88' lang='lat' dir='ltr'>mihi</span> <span class='ocrx_word' id='word_1_104' title='bbox 710 826 855 867; x_wconf 87' lang='lat' dir='ltr'>videor</span> <span class='ocrx_word' id='word_1_105' title='bbox 885 841 1063 867; x_wconf 87' lang='lat' dir='ltr'>navasse</span> <span class='ocrx_word' id='word_1_106' title='bbox 1097 840 1287 880; x_wconf 83' lang='lat' dir='ltr'>operam,</span> <span class='ocrx_word' id='word_1_107' title='bbox 1325 827 1439 880; x_wconf 90' lang='lat' dir='ltr'>quod</span> 
     </span>
     <span class='ocr_line' id='line_1_14' title="bbox 101 883 1438 939; baseline 0.001 -15"><span class='ocrx_word' id='word_1_108' title='bbox 101 884 184 924; x_wconf 88' lang='grc'>11116</span> <span class='ocrx_word' id='word_1_109' title='bbox 215 883 414 924; x_wconf 83' lang='lat' dir='ltr'>venerim.</span> <span class='ocrx_word' id='word_1_110' title='bbox 475 883 589 925; x_wconf 88' lang='lat' dir='ltr'>Nam</span> <span class='ocrx_word' id='word_1_111' title='bbox 619 884 723 924; x_wconf 83' lang='lat' dir='ltr'>haec</span> <span class='ocrx_word' id='word_1_112' title='bbox 759 883 855 938; x_wconf 91' lang='lat' dir='ltr'>ipsa</span> <span class='ocrx_word' id='word_1_113' title='bbox 890 884 1102 925; x_wconf 75' lang='lat' dir='ltr'>recusatio</span> <span class='ocrx_word' id='word_1_114' title='bbox 1135 884 1438 939; x_wconf 83' lang='lat' dir='ltr'>disputationis</span> 
     </span>
     <span class='ocr_line' id='line_1_15' title="bbox 102 941 1440 996; baseline 0.001 -14"><span class='ocrx_word' id='word_1_115' title='bbox 102 941 335 995; x_wconf 87' lang='lat' dir='ltr'>disputatio</span> <span class='ocrx_word' id='word_1_116' title='bbox 369 942 576 995; x_wconf 85' lang='lat' dir='ltr'>quaedam</span> <span class='ocrx_word' id='word_1_117' title='bbox 606 941 688 982; x_wconf 84' lang='lat' dir='ltr'>fuit</span> <span class='ocrx_word' id='word_1_118' title='bbox 714 942 820 983; x_wconf 90' lang='lat' dir='ltr'>mihi</span> <span class='ocrx_word' id='word_1_119' title='bbox 845 942 1015 995; x_wconf 88' lang='lat' dir='ltr'>quidem</span> <span class='ocrx_word' id='word_1_120' title='bbox 1041 942 1311 996; x_wconf 86' lang='lat' dir='ltr'>periucunda.</span> <span class='ocrx_word' id='word_1_121' title='bbox 1357 942 1440 983; x_wconf 92' lang='lat' dir='ltr'>Sed</span> 
     </span>
     <span class='ocr_line' id='line_1_16' title="bbox 50 999 1439 1055; baseline 0 -14"><span class='ocrx_word' id='word_1_122' title='bbox 50 1016 82 1042; x_wconf 87' lang='lat'>15</span> <span class='ocrx_word' id='word_1_123' title='bbox 103 1014 176 1041; x_wconf 89' lang='lat' dir='ltr'>cur</span> <span class='ocrx_word' id='word_1_124' title='bbox 206 999 460 1054; x_wconf 88' lang='lat' dir='ltr'>impedimus</span> <span class='ocrx_word' id='word_1_125' title='bbox 493 999 760 1041; x_wconf 80' lang='lat' dir='ltr'>Antonium?</span> <span class='ocrx_word' id='word_1_126' title='bbox 792 1000 910 1042; x_wconf 90' lang='lat' dir='ltr'>cuius</span> <span class='ocrx_word' id='word_1_127' title='bbox 937 1001 1062 1041; x_wconf 89' lang='lat' dir='ltr'>audio</span> <span class='ocrx_word' id='word_1_128' title='bbox 1089 1015 1181 1042; x_wconf 91' lang='lat' dir='ltr'>esse</span> <span class='ocrx_word' id='word_1_129' title='bbox 1211 1001 1359 1055; x_wconf 88' lang='lat' dir='ltr'>partis,</span> <span class='ocrx_word' id='word_1_130' title='bbox 1390 1004 1439 1041; x_wconf 92' lang='lat' dir='ltr'>ut</span> 
     </span>
     <span class='ocr_line' id='line_1_17' title="bbox 103 1058 1440 1112; baseline 0.001 -14"><span class='ocrx_word' id='word_1_131' title='bbox 103 1058 151 1099; x_wconf 91' lang='lat' dir='ltr'>de</span> <span class='ocrx_word' id='word_1_132' title='bbox 184 1061 277 1098; x_wconf 91' lang='lat' dir='ltr'>tota</span> <span class='ocrx_word' id='word_1_133' title='bbox 314 1058 557 1111; x_wconf 87' lang='lat' dir='ltr'>eloquentia</span> <span class='ocrx_word' id='word_1_134' title='bbox 596 1058 794 1111; x_wconf 87' lang='lat' dir='ltr'>disserat,</span> <span class='ocrx_word' id='word_1_135' title='bbox 838 1073 1047 1112; x_wconf 88' lang='lat' dir='ltr'>quemque</span> <span class='ocrx_word' id='word_1_136' title='bbox 1083 1059 1170 1100; x_wconf 86' lang='lat' dir='ltr'>iam</span> <span class='ocrx_word' id='word_1_137' title='bbox 1207 1059 1367 1100; x_wconf 89' lang='lat' dir='ltr'>dudum</span> <span class='ocrx_word' id='word_1_138' title='bbox 1398 1061 1440 1099; x_wconf 90' lang='lat' dir='ltr'>et</span> 
     </span>
     <span class='ocr_line' id='line_1_18' title="bbox 103 1114 1439 1172; baseline 0.001 -16"><span class='ocrx_word' id='word_1_139' title='bbox 103 1114 232 1157; x_wconf 92' lang='lat' dir='ltr'>Cotta</span> <span class='ocrx_word' id='word_1_140' title='bbox 257 1118 299 1157; x_wconf 93' lang='lat' dir='ltr'>et</span> <span class='ocrx_word' id='word_1_141' title='bbox 326 1115 539 1170; x_wconf 79' lang='lat' dir='ltr'>Sulpicius</span> <span class='ocrx_word' id='word_1_142' title='bbox 567 1116 791 1170; x_wconf 77' lang='lat' dir='ltr'>expectat?</span> <span class='ocrx_word' id='word_1_143' title='bbox 822 1116 918 1171; x_wconf 82' lang='lat' dir='ltr'>Ego</span> <span class='ocrx_word' id='word_1_144' title='bbox 946 1131 1059 1171; x_wconf 84' lang='lat' dir='ltr'>vero,</span> <span class='ocrx_word' id='word_1_145' title='bbox 1086 1117 1227 1172; x_wconf 87' lang='lat' dir='ltr'>inquit</span> <span class='ocrx_word' id='word_1_146' title='bbox 1247 1116 1439 1171; x_wconf 83' lang='lat' dir='ltr'>Crassus,</span> 
     </span>
     <span class='ocr_line' id='line_1_19' title="bbox 101 1174 1439 1230; baseline 0.001 -15"><span class='ocrx_word' id='word_1_147' title='bbox 101 1188 238 1228; x_wconf 87' lang='lat' dir='ltr'>neque</span> <span class='ocrx_word' id='word_1_148' title='bbox 269 1174 508 1215; x_wconf 82' lang='lat' dir='ltr'>Antonium</span> <span class='ocrx_word' id='word_1_149' title='bbox 539 1175 717 1215; x_wconf 88' lang='lat' dir='ltr'>verbum</span> <span class='ocrx_word' id='word_1_150' title='bbox 754 1174 892 1216; x_wconf 87' lang='lat' dir='ltr'>facere</span> <span class='ocrx_word' id='word_1_151' title='bbox 924 1175 1065 1229; x_wconf 86' lang='lat' dir='ltr'>patiar</span> <span class='ocrx_word' id='word_1_152' title='bbox 1096 1178 1139 1216; x_wconf 90' lang='lat' dir='ltr'>et</span> <span class='ocrx_word' id='word_1_153' title='bbox 1169 1175 1260 1230; x_wconf 89' lang='lat' dir='ltr'>ipse</span> <span class='ocrx_word' id='word_1_154' title='bbox 1294 1176 1439 1216; x_wconf 89' lang='lat' dir='ltr'>obmu-</span> 
     </span>
     <span class='ocr_line' id='line_1_20' title="bbox 102 1232 1440 1287; baseline 0.001 -14"><span class='ocrx_word' id='word_1_155' title='bbox 102 1235 283 1286; x_wconf 88' lang='lat' dir='ltr'>tescam,</span> <span class='ocrx_word' id='word_1_156' title='bbox 325 1232 410 1273; x_wconf 90' lang='lat' dir='ltr'>nisi</span> <span class='ocrx_word' id='word_1_157' title='bbox 446 1233 564 1287; x_wconf 88' lang='lat' dir='ltr'>prius</span> <span class='ocrx_word' id='word_1_158' title='bbox 603 1248 627 1274; x_wconf 92' lang='lat' dir='ltr'>a</span> <span class='ocrx_word' id='word_1_159' title='bbox 664 1233 786 1274; x_wconf 84' lang='lat' dir='ltr'>vobis</span> <span class='ocrx_word' id='word_1_160' title='bbox 830 1233 1063 1287; x_wconf 86' lang='lat' dir='ltr'>impetraro</span> <span class='ocrx_word' id='word_1_161' title='bbox 1107 1258 1159 1263; x_wconf 85' lang='lat'>——</span> <span class='ocrx_word' id='word_1_162' title='bbox 1199 1233 1440 1282; x_wconf 78' lang='lat' dir='ltr'>Quidnam?</span> 
     </span>
     <span class='ocr_line' id='line_1_21' title="bbox 51 1289 1439 1346; baseline 0 -14"><span class='ocrx_word' id='word_1_163' title='bbox 51 1307 83 1332; x_wconf 88' lang='lat'>20</span> <span class='ocrx_word' id='word_1_164' title='bbox 103 1290 244 1344; x_wconf 88' lang='lat' dir='ltr'>inquit</span> <span class='ocrx_word' id='word_1_165' title='bbox 271 1289 448 1331; x_wconf 86' lang='lat' dir='ltr'>Catulus</span> <span class='ocrx_word' id='word_1_166' title='bbox 473 1315 542 1345; x_wconf 90' lang='lat'>—,</span> <span class='ocrx_word' id='word_1_167' title='bbox 573 1294 621 1331; x_wconf 91' lang='lat' dir='ltr'>ut</span> <span class='ocrx_word' id='word_1_168' title='bbox 645 1291 715 1332; x_wconf 89' lang='grc'>1116</span> <span class='ocrx_word' id='word_1_169' title='bbox 742 1291 835 1332; x_wconf 91' lang='lat' dir='ltr'>sitis</span> <span class='ocrx_word' id='word_1_170' title='bbox 861 1291 999 1332; x_wconf 90' lang='lat' dir='ltr'>hodie.</span> <span class='ocrx_word' id='word_1_171' title='bbox 1059 1291 1181 1345; x_wconf 88' lang='lat' dir='ltr'>Tum,</span> <span class='ocrx_word' id='word_1_172' title='bbox 1213 1306 1343 1346; x_wconf 89' lang='lat' dir='ltr'>quom</span> <span class='ocrx_word' id='word_1_173' title='bbox 1367 1292 1439 1332; x_wconf 89' lang='lat' dir='ltr'>ille</span> 
     </span>
     <span class='ocr_line' id='line_1_22' title="bbox 103 1348 1440 1405; baseline 0.001 -16"><span class='ocrx_word' id='word_1_174' title='bbox 103 1349 335 1401; x_wconf 84' lang='lat' dir='ltr'>dubitaret,</span> <span class='ocrx_word' id='word_1_175' title='bbox 377 1349 489 1402; x_wconf 91' lang='lat' dir='ltr'>quod</span> <span class='ocrx_word' id='word_1_176' title='bbox 530 1349 582 1389; x_wconf 91' lang='lat' dir='ltr'>ad</span> <span class='ocrx_word' id='word_1_177' title='bbox 621 1348 799 1390; x_wconf 85' lang='lat' dir='ltr'>fratrem</span> <span class='ocrx_word' id='word_1_178' title='bbox 836 1350 1111 1403; x_wconf 88' lang='lat' dir='ltr'>promiserat,</span> <span class='ocrx_word' id='word_1_179' title='bbox 1148 1350 1263 1405; x_wconf 79' lang='lat' dir='ltr'>Ego,</span> <span class='ocrx_word' id='word_1_180' title='bbox 1298 1350 1440 1403; x_wconf 88' lang='lat' dir='ltr'>inquit</span> 
     </span>
     <span class='ocr_line' id='line_1_23' title="bbox 103 1406 1439 1462; baseline 0.001 -15"><span class='ocrx_word' id='word_1_181' title='bbox 103 1406 255 1460; x_wconf 88' lang='lat' dir='ltr'>Iulius,</span> <span class='ocrx_word' id='word_1_182' title='bbox 297 1420 374 1460; x_wconf 88' lang='lat' dir='ltr'>pro</span> <span class='ocrx_word' id='word_1_183' title='bbox 419 1409 600 1460; x_wconf 89' lang='lat' dir='ltr'>utroque</span> <span class='ocrx_word' id='word_1_184' title='bbox 644 1408 898 1461; x_wconf 88' lang='lat' dir='ltr'>respondeo:</span> <span class='ocrx_word' id='word_1_185' title='bbox 944 1408 1003 1449; x_wconf 89' lang='lat' dir='ltr'>sic</span> <span class='ocrx_word' id='word_1_186' title='bbox 1047 1407 1270 1462; x_wconf 81' lang='lat' dir='ltr'>faciemus3</span> <span class='ocrx_word' id='word_1_187' title='bbox 1314 1411 1439 1461; x_wconf 85' lang='lat' dir='ltr'>atque</span> 
     </span>
     <span class='ocr_line' id='line_1_24' title="bbox 101 1464 1441 1519; baseline 0.001 -14"><span class='ocrx_word' id='word_1_188' title='bbox 101 1465 186 1505; x_wconf 89' lang='lat' dir='ltr'>ista</span> <span class='ocrx_word' id='word_1_189' title='bbox 218 1464 387 1519; x_wconf 89' lang='lat' dir='ltr'>quidem</span> <span class='ocrx_word' id='word_1_190' title='bbox 420 1465 679 1519; x_wconf 87' lang='lat' dir='ltr'>condicione,</span> <span class='ocrx_word' id='word_1_191' title='bbox 709 1465 775 1506; x_wconf 88' lang='lat' dir='ltr'>vel</span> <span class='ocrx_word' id='word_1_192' title='bbox 800 1468 849 1506; x_wconf 90' lang='lat' dir='ltr'>ut</span> <span class='ocrx_word' id='word_1_193' title='bbox 874 1465 1051 1506; x_wconf 85' lang='lat' dir='ltr'>verbum</span> <span class='ocrx_word' id='word_1_194' title='bbox 1075 1466 1242 1506; x_wconf 91' lang='lat' dir='ltr'>nullum</span> <span class='ocrx_word' id='word_1_195' title='bbox 1266 1465 1441 1519; x_wconf 86' lang='lat' dir='ltr'>faceres,</span> 
     </span>
     <span class='ocr_line' id='line_1_25' title="bbox 102 1522 1441 1578; baseline 0.001 -15"><span class='ocrx_word' id='word_1_196' title='bbox 102 1537 168 1563; x_wconf 88' lang='lat' dir='ltr'>me</span> <span class='ocrx_word' id='word_1_197' title='bbox 206 1525 383 1563; x_wconf 86' lang='lat' dir='ltr'>teneres.</span> <span class='ocrx_word' id='word_1_198' title='bbox 444 1523 527 1564; x_wconf 89' lang='lat' dir='ltr'>Hic</span> <span class='ocrx_word' id='word_1_199' title='bbox 560 1522 737 1564; x_wconf 89' lang='lat' dir='ltr'>Catulus</span> <span class='ocrx_word' id='word_1_200' title='bbox 777 1523 926 1564; x_wconf 90' lang='lat' dir='ltr'>adrisit</span> <span class='ocrx_word' id='word_1_201' title='bbox 964 1527 1006 1564; x_wconf 91' lang='lat' dir='ltr'>et</span> <span class='ocrx_word' id='word_1_202' title='bbox 1044 1523 1187 1565; x_wconf 91' lang='lat' dir='ltr'>simul:</span> <span class='ocrx_word' id='word_1_203' title='bbox 1231 1523 1441 1578; x_wconf 88' lang='lat' dir='ltr'>Praecisa,</span> 
     </span>
     <span class='ocr_line' id='line_1_26' title="bbox 51 1580 1443 1636; baseline 0.001 -15"><span class='ocrx_word' id='word_1_204' title='bbox 51 1596 84 1622; x_wconf 82' lang='lat'>25</span> <span class='ocrx_word' id='word_1_205' title='bbox 104 1581 257 1635; x_wconf 89' lang='lat' dir='ltr'>inquit,</span> <span class='ocrx_word' id='word_1_206' title='bbox 275 1580 380 1622; x_wconf 88' lang='lat' dir='ltr'>mihi</span> <span class='ocrx_word' id='word_1_207' title='bbox 407 1581 577 1634; x_wconf 88' lang='lat' dir='ltr'>quidem</span> <span class='ocrx_word' id='word_1_208' title='bbox 602 1584 667 1622; x_wconf 90' lang='lat' dir='ltr'>est</span> <span class='ocrx_word' id='word_1_209' title='bbox 692 1581 917 1635; x_wconf 88' lang='lat' dir='ltr'>dubitatio,</span> <span class='ocrx_word' id='word_1_210' title='bbox 943 1582 1145 1635; x_wconf 87' lang='lat' dir='ltr'>quoniam</span> <span class='ocrx_word' id='word_1_211' title='bbox 1169 1596 1306 1636; x_wconf 85' lang='lat' dir='ltr'>neque</span> <span class='ocrx_word' id='word_1_212' title='bbox 1327 1582 1443 1623; x_wconf 89' lang='lat' dir='ltr'>domi</span> 
     </span>
     <span class='ocr_line' id='line_1_27' title="bbox 103 1639 1443 1694; baseline 0.001 -15"><span class='ocrx_word' id='word_1_213' title='bbox 103 1639 359 1693; x_wconf 88' lang='lat' dir='ltr'>imperaram</span> <span class='ocrx_word' id='word_1_214' title='bbox 385 1642 427 1680; x_wconf 93' lang='lat' dir='ltr'>et</span> <span class='ocrx_word' id='word_1_215' title='bbox 452 1639 533 1693; x_wconf 92' lang='lat' dir='ltr'>hic,</span> <span class='ocrx_word' id='word_1_216' title='bbox 565 1639 676 1694; x_wconf 90' lang='lat' dir='ltr'>apud</span> <span class='ocrx_word' id='word_1_217' title='bbox 708 1654 833 1693; x_wconf 89' lang='lat' dir='ltr'>quem</span> <span class='ocrx_word' id='word_1_218' title='bbox 865 1654 980 1681; x_wconf 88' lang='lat' dir='ltr'>eram</span> <span class='ocrx_word' id='word_1_219' title='bbox 1011 1640 1194 1694; x_wconf 84' lang='lat' dir='ltr'>futurus,</span> <span class='ocrx_word' id='word_1_220' title='bbox 1226 1640 1316 1681; x_wconf 83' lang='lat' dir='ltr'>sine</span> <span class='ocrx_word' id='word_1_221' title='bbox 1349 1654 1443 1681; x_wconf 87' lang='lat' dir='ltr'>mea</span> 
     </span>
     <span class='ocr_line' id='line_1_28' title="bbox 106 1697 836 1751; baseline 0 -13"><span class='ocrx_word' id='word_1_222' title='bbox 106 1697 320 1738; x_wconf 82' lang='lat' dir='ltr'>sententia</span> <span class='ocrx_word' id='word_1_223' title='bbox 350 1700 440 1738; x_wconf 88' lang='lat' dir='ltr'>tam</span> <span class='ocrx_word' id='word_1_224' title='bbox 471 1697 595 1739; x_wconf 89' lang='lat' dir='ltr'>facile</span> <span class='ocrx_word' id='word_1_225' title='bbox 626 1698 836 1751; x_wconf 89' lang='lat' dir='ltr'>promisit.</span> 
     </span>
     <span class='ocr_line' id='line_1_29' title="bbox 221 1755 1443 1811; baseline 0.002 -16"><span class='ocrx_word' id='word_1_226' title='bbox 221 1755 329 1796; x_wconf 84' lang='lat' dir='ltr'>Tum</span> <span class='ocrx_word' id='word_1_227' title='bbox 363 1770 508 1796; x_wconf 89' lang='lat' dir='ltr'>omnes</span> <span class='ocrx_word' id='word_1_228' title='bbox 542 1756 687 1797; x_wconf 89' lang='lat' dir='ltr'>oculos</span> <span class='ocrx_word' id='word_1_229' title='bbox 719 1756 765 1796; x_wconf 91' lang='lat' dir='ltr'>in</span> <span class='ocrx_word' id='word_1_230' title='bbox 794 1756 1033 1797; x_wconf 88' lang='lat' dir='ltr'>Antonium</span> <span class='ocrx_word' id='word_1_231' title='bbox 1065 1756 1356 1811; x_wconf 68' lang='lat' dir='ltr'>coniecerunt,</span> <span class='ocrx_word' id='word_1_232' title='bbox 1400 1759 1443 1797; x_wconf 92' lang='lat' dir='ltr'>et</span> 
     </span>
     <span class='ocr_line' id='line_1_30' title="bbox 103 1813 1443 1868; baseline 0.001 -15"><span class='ocrx_word' id='word_1_233' title='bbox 103 1813 175 1853; x_wconf 91' lang='lat' dir='ltr'>ille</span> <span class='ocrx_word' id='word_1_234' title='bbox 201 1813 358 1854; x_wconf 87' lang='lat' dir='ltr'>Audite</span> <span class='ocrx_word' id='word_1_235' title='bbox 390 1828 503 1868; x_wconf 83' lang='lat' dir='ltr'>vero,</span> <span class='ocrx_word' id='word_1_236' title='bbox 534 1814 677 1855; x_wconf 91' lang='lat' dir='ltr'>audite</span> <span class='ocrx_word' id='word_1_237' title='bbox 707 1814 858 1867; x_wconf 85' lang='lat' dir='ltr'>inquit.</span> <span class='ocrx_word' id='word_1_238' title='bbox 920 1814 1152 1855; x_wconf 89' lang='lat' dir='ltr'>Hominem</span> <span class='ocrx_word' id='word_1_239' title='bbox 1184 1814 1297 1855; x_wconf 84' lang='lat' dir='ltr'>enim</span> <span class='ocrx_word' id='word_1_240' title='bbox 1329 1814 1443 1854; x_wconf 88' lang='lat' dir='ltr'>audi-</span> 
     </span>
     <span class='ocr_line' id='line_1_31' title="bbox 52 1871 1442 1927; baseline 0 -15"><span class='ocrx_word' id='word_1_241' title='bbox 52 1887 86 1912; x_wconf 83' lang='lat'>30</span> <span class='ocrx_word' id='word_1_242' title='bbox 106 1871 186 1912; x_wconf 87' lang='lat' dir='ltr'>etis</span> <span class='ocrx_word' id='word_1_243' title='bbox 231 1871 280 1912; x_wconf 93' lang='lat' dir='ltr'>de</span> <span class='ocrx_word' id='word_1_244' title='bbox 325 1871 471 1912; x_wconf 87' lang='lat' dir='ltr'>schola</span> <span class='ocrx_word' id='word_1_245' title='bbox 514 1875 641 1926; x_wconf 83' lang='lat' dir='ltr'>atque</span> <span class='ocrx_word' id='word_1_246' title='bbox 683 1887 707 1912; x_wconf 91' lang='lat' dir='ltr'>a</span> <span class='ocrx_word' id='word_1_247' title='bbox 743 1872 952 1927; x_wconf 83' lang='lat' dir='ltr'>magistro</span> <span class='ocrx_word' id='word_1_248' title='bbox 992 1876 1034 1913; x_wconf 94' lang='lat' dir='ltr'>et</span> <span class='ocrx_word' id='word_1_249' title='bbox 1073 1872 1246 1913; x_wconf 81' lang='lat' dir='ltr'>Graecis</span> <span class='ocrx_word' id='word_1_250' title='bbox 1284 1872 1442 1913; x_wconf 89' lang='lat' dir='ltr'>litteris</span> 
     </span>
     <span class='ocr_line' id='line_1_32' title="bbox 106 1929 1443 1984; baseline 0.001 -15"><span class='ocrx_word' id='word_1_251' title='bbox 106 1929 328 1970; x_wconf 86' lang='lat' dir='ltr'>eruditum.</span> <span class='ocrx_word' id='word_1_252' title='bbox 390 1929 449 1970; x_wconf 87' lang='lat' dir='ltr'>Et</span> <span class='ocrx_word' id='word_1_253' title='bbox 488 1944 537 1971; x_wconf 94' lang='lat' dir='ltr'>eo</span> <span class='ocrx_word' id='word_1_254' title='bbox 579 1930 749 1984; x_wconf 88' lang='lat' dir='ltr'>quidem</span> <span class='ocrx_word' id='word_1_255' title='bbox 791 1931 943 1984; x_wconf 88' lang='lat' dir='ltr'>loquar</span> <span class='ocrx_word' id='word_1_256' title='bbox 987 1930 1286 1984; x_wconf 84' lang='lat' dir='ltr'>confidentius,</span> <span class='ocrx_word' id='word_1_257' title='bbox 1330 1931 1443 1984; x_wconf 90' lang='lat' dir='ltr'>quod</span> 
     </span>
     <span class='ocr_line' id='line_1_33' title="bbox 106 1985 1442 2042; baseline 0.001 -15"><span class='ocrx_word' id='word_1_258' title='bbox 106 1985 285 2028; x_wconf 87' lang='lat' dir='ltr'>Catulus</span> <span class='ocrx_word' id='word_1_259' title='bbox 329 1987 497 2029; x_wconf 89' lang='lat' dir='ltr'>auditor</span> <span class='ocrx_word' id='word_1_260' title='bbox 541 1989 738 2042; x_wconf 90' lang='lat' dir='ltr'>accessit,</span> <span class='ocrx_word' id='word_1_261' title='bbox 782 1989 849 2030; x_wconf 93' lang='lat' dir='ltr'>cui</span> <span class='ocrx_word' id='word_1_262' title='bbox 886 2003 973 2029; x_wconf 89' lang='lat' dir='ltr'>non</span> <span class='ocrx_word' id='word_1_263' title='bbox 1012 1989 1150 2029; x_wconf 90' lang='lat' dir='ltr'>solum</span> <span class='ocrx_word' id='word_1_264' title='bbox 1186 2003 1265 2029; x_wconf 89' lang='lat' dir='ltr'>nos</span> <span class='ocrx_word' id='word_1_265' title='bbox 1297 1987 1442 2028; x_wconf 89' lang='lat' dir='ltr'>Latini</span> 
     </span>
     <span class='ocr_line' id='line_1_34' title="bbox 107 2045 1442 2101; baseline 0.001 -16"><span class='ocrx_word' id='word_1_266' title='bbox 107 2045 314 2086; x_wconf 87' lang='lat' dir='ltr'>sermonis</span> <span class='ocrx_word' id='word_1_267' title='bbox 353 2046 425 2086; x_wconf 91' lang='lat' dir='ltr'>sed</span> <span class='ocrx_word' id='word_1_268' title='bbox 462 2046 591 2087; x_wconf 84' lang='lat' dir='ltr'>etiam</span> <span class='ocrx_word' id='word_1_269' title='bbox 630 2046 781 2088; x_wconf 83' lang='lat' dir='ltr'>Graeci</span> <span class='ocrx_word' id='word_1_270' title='bbox 824 2047 907 2100; x_wconf 89' lang='lat' dir='ltr'>ipsi</span> <span class='ocrx_word' id='word_1_271' title='bbox 951 2047 1089 2088; x_wconf 91' lang='lat' dir='ltr'>solent</span> <span class='ocrx_word' id='word_1_272' title='bbox 1131 2061 1230 2087; x_wconf 90' lang='lat' dir='ltr'>suae</span> <span class='ocrx_word' id='word_1_273' title='bbox 1270 2046 1442 2101; x_wconf 79' lang='lat' dir='ltr'>linguae</span> 
     </span>
     <span class='ocr_line' id='line_1_35' title="bbox 108 2103 1443 2159; baseline 0.001 -16"><span class='ocrx_word' id='word_1_274' title='bbox 108 2103 392 2157; x_wconf 87' lang='lat' dir='ltr'>suptilitatem</span> <span class='ocrx_word' id='word_1_275' title='bbox 412 2104 752 2159; x_wconf 83' lang='lat' dir='ltr'>elegantiamque</span> <span class='ocrx_word' id='word_1_276' title='bbox 774 2105 1013 2146; x_wconf 87' lang='lat' dir='ltr'>concedere.</span> <span class='ocrx_word' id='word_1_277' title='bbox 1065 2104 1146 2146; x_wconf 90' lang='lat' dir='ltr'>Sed</span> <span class='ocrx_word' id='word_1_278' title='bbox 1173 2104 1273 2158; x_wconf 90' lang='lat' dir='ltr'>quia</span> <span class='ocrx_word' id='word_1_279' title='bbox 1298 2107 1443 2145; x_wconf 91' lang='lat' dir='ltr'>tamen</span> 
     </span>
     <span class='ocr_line' id='line_1_36' title="bbox 55 2161 1443 2216; baseline 0.001 -15"><span class='ocrx_word' id='word_1_280' title='bbox 55 2176 88 2202; x_wconf 83' lang='lat'>35</span> <span class='ocrx_word' id='word_1_281' title='bbox 106 2161 188 2201; x_wconf 91' lang='grc'>1106</span> <span class='ocrx_word' id='word_1_282' title='bbox 220 2164 375 2213; x_wconf 90' lang='lat' dir='ltr'>totum,</span> <span class='ocrx_word' id='word_1_283' title='bbox 407 2162 607 2216; x_wconf 90' lang='lat' dir='ltr'>quicquid</span> <span class='ocrx_word' id='word_1_284' title='bbox 639 2166 715 2216; x_wconf 93' lang='lat' dir='ltr'>est,</span> <span class='ocrx_word' id='word_1_285' title='bbox 750 2163 838 2203; x_wconf 84' lang='lat' dir='ltr'>sive</span> <span class='ocrx_word' id='word_1_286' title='bbox 871 2163 1099 2204; x_wconf 88' lang='lat' dir='ltr'>artificium</span> <span class='ocrx_word' id='word_1_287' title='bbox 1132 2163 1218 2204; x_wconf 84' lang='lat' dir='ltr'>sive</span> <span class='ocrx_word' id='word_1_288' title='bbox 1253 2162 1443 2203; x_wconf 88' lang='lat' dir='ltr'>studium</span> 
     </span>
     <span class='ocr_line' id='line_1_37' title="bbox 108 2218 1442 2275; baseline 0.001 -16"><span class='ocrx_word' id='word_1_289' title='bbox 108 2218 291 2273; x_wconf 89' lang='lat' dir='ltr'>dicendi,</span> <span class='ocrx_word' id='word_1_290' title='bbox 333 2219 417 2260; x_wconf 84' lang='lat' dir='ltr'>nisi</span> <span class='ocrx_word' id='word_1_291' title='bbox 449 2220 627 2261; x_wconf 87' lang='lat' dir='ltr'>accessit</span> <span class='ocrx_word' id='word_1_292' title='bbox 659 2235 724 2274; x_wconf 93' lang='lat' dir='ltr'>os,</span> <span class='ocrx_word' id='word_1_293' title='bbox 763 2220 928 2262; x_wconf 88' lang='lat' dir='ltr'>nullum</span> <span class='ocrx_word' id='word_1_294' title='bbox 959 2224 1103 2275; x_wconf 88' lang='lat' dir='ltr'>potest</span> <span class='ocrx_word' id='word_1_295' title='bbox 1135 2235 1245 2275; x_wconf 93' lang='lat' dir='ltr'>esse,</span> <span class='ocrx_word' id='word_1_296' title='bbox 1282 2220 1442 2260; x_wconf 91' lang='lat' dir='ltr'>docebo</span> 
     </span>
     <span class='ocr_line' id='line_1_38' title="bbox 107 2276 1443 2334; baseline 0 -17"><span class='ocrx_word' id='word_1_297' title='bbox 107 2290 195 2332; x_wconf 83' lang='lat' dir='ltr'>VOS,</span> <span class='ocrx_word' id='word_1_298' title='bbox 226 2276 442 2332; x_wconf 86' lang='lat' dir='ltr'>discipuli,</span> <span class='ocrx_word' id='word_1_299' title='bbox 471 2277 516 2319; x_wconf 91' lang='lat' dir='ltr'>id</span> <span class='ocrx_word' id='word_1_300' title='bbox 547 2279 660 2332; x_wconf 89' lang='lat' dir='ltr'>quod</span> <span class='ocrx_word' id='word_1_301' title='bbox 690 2279 781 2333; x_wconf 91' lang='lat' dir='ltr'>ipse</span> <span class='ocrx_word' id='word_1_302' title='bbox 812 2293 900 2319; x_wconf 92' lang='lat' dir='ltr'>non</span> <span class='ocrx_word' id='word_1_303' title='bbox 931 2279 1078 2334; x_wconf 82' lang='lat' dir='ltr'>didici,</span> <span class='ocrx_word' id='word_1_304' title='bbox 1110 2279 1212 2332; x_wconf 90' lang='lat' dir='ltr'>quid</span> <span class='ocrx_word' id='word_1_305' title='bbox 1244 2278 1293 2318; x_wconf 91' lang='lat' dir='ltr'>de</span> <span class='ocrx_word' id='word_1_306' title='bbox 1327 2277 1443 2318; x_wconf 89' lang='grc'>0111111</span> 
     </span>
    </p>
   </div>
   <div class='ocr_carea' id='block_1_3' title="bbox 1466 1128 1509 1163">
    <p class='ocr_par' dir='ltr' id='par_1_3' title="bbox 1466 1128 1509 1163">
     <span class='ocr_line' id='line_1_39' title="bbox 1466 1128 1509 1163; baseline 0.047 -6"><span class='ocrx_word' id='word_1_307' title='bbox 1466 1128 1509 1163; x_wconf 69' lang='grc'>27</span> 
     </span>
    </p>
   </div>
   <div class='ocr_carea' id='block_1_4' title="bbox 1469 2114 1511 2145">
    <p class='ocr_par' dir='ltr' id='par_1_4' title="bbox 1469 2114 1511 2145">
     <span class='ocr_line' id='line_1_40' title="bbox 1469 2114 1511 2145; baseline 0.024 -1"><span class='ocrx_word' id='word_1_308' title='bbox 1469 2114 1511 2145; x_wconf 82' lang='lat'>29</span> 
     </span>
    </p>
   </div>
  </div>
 </body>
</html>
