1643 2526
430 103 572 138 LIBER
597 103 640 139 Π.
693 102 794 138 ΟΑΡ.
823 106 880 138 40.
920 106 939 144 g
969 105 1166 137 163—173.
1384 100 1466 143 109

122 198 351 241 consulunt
382 198 470 240 cari
500 198 626 239 nobis
658 212 750 239 esse
784 197 953 252 debent,
986 200 1099 239 certe
1129 197 1176 238 in
1206 196 1356 252 primis
1388 196 1465 238 im-

121 260 353 313 peratores,
385 271 566 311 quorum
592 256 782 298 consiliis
810 256 969 297 virtute
1000 256 1200 311 periculis
1233 256 1466 297 retinemus

122 320 165 358 et
195 319 389 357 nostram
421 316 605 357 salutem
638 318 680 356 et
705 315 875 369 imperii
902 315 1169 370 dignitatem.
1220 315 1287 356 Ex
1320 314 1467 355 simili-

122 375 268 416 tudine
302 378 462 416 autem:
502 373 548 415 Si
579 374 693 415 ferae
725 376 873 428 partus
907 388 1007 415 suos
1040 374 1237 429 diligunt,
1270 388 1354 428 qua
1386 387 1464 414 nos

72 430 105 478 ‚¹5
123 434 169 475 in
199 433 356 474 liberos
394 435 567 474 nostros
604 432 873 487 indulgentia
911 447 1002 473 esse
1041 432 1273 473 debemus?
1323 431 1383 472 At
1415 441 1535 472 ex169

63 473 78 528 i
122 491 488 534 dissimilitudine:
540 490 585 532 Si
628 491 910 532 barbarorum
955 494 1020 532 est
1062 491 1108 531 in
1157 491 1270 531 diem
1312 490 1466 544 vivere,

121 554 271 592 nostra
308 550 488 592 consilia
526 549 834 604 sempiternum
871 552 1040 604 tempus
1074 552 1266 603 spectare
1299 549 1465 589 debent.

68 629 74 665 ⁴.
122 610 266 663 Atque
298 612 481 663 utroque
513 609 559 649 in
592 623 744 663 genere
777 611 819 649 et
851 607 1145 649 similitudinis
1178 611 1220 649 et
1252 607 1467 648 dissimili-

123 668 284 709 tudinis
317 667 510 722 exempla
542 670 641 708 sunt
673 681 724 708 ex
756 666 937 707 aliorum
969 666 1096 708 factis
1130 669 1203 707 aut
1235 666 1360 707 dictis
1393 668 1467 706 aut

75 745 104 770 ιο
123 726 286 768 eventis
319 729 361 767 et
391 726 517 768 fictae
549 725 816 766 narrationes
843 740 968 779 saepe
999 725 1230 779 ponendae.
1291 724 1384 765 Iam
1417 738 1467 765 ex

123 785 356 827 contrario:
391 783 437 826 Si
464 784 682 825 Gracchus
707 783 880 838 nefarie,
905 784 1121 838 praeclare
1149 783 1355 838 Opimius.
1399 782 1537 824 Exl70

72 858 76 864 ⁴
123 843 503 898 consequentibus:
549 841 595 884 Si
633 845 675 884 et
706 842 819 883 ferro
850 842 1102 884 interfectus
1133 842 1205 883 ille
1238 844 1280 882 et
1311 844 1359 882 tu
1390 841 1467 881 ini-

124 903 260 944 micus
294 902 331 943 ei
365 917 461 943 cum
494 901 635 956 gladio
670 903 846 942 cruento
880 915 1157 955 comprensus
1187 900 1234 941 in
1264 900 1338 940 illo
1370 899 1465 954 ipso

123 961 219 1002 loco
252 963 294 1001 et
325 974 450 1001 nemo
482 962 652 1014 praeter
684 962 727 1000 te
757 959 819 1000 ibi
847 959 964 1000 visus
991 962 1056 1000 est
1084 962 1126 1000 et
1153 973 1281 1000 causa
1305 957 1467 999 nemini

66 1038 106 1064 '15
126 1022 168 1060 et
199 1022 248 1060 tu
280 1033 446 1073 semper
478 1018 633 1072 audax,
672 1017 773 1071 quid
805 1021 870 1058 est
902 1018 1015 1071 quod
1047 1018 1096 1058 de
1127 1017 1317 1058 facinore
1350 1016 1468 1057 dubi-

123 1081 215 1119 tare
247 1076 491 1132 possimus?
522 1077 590 1117 Ex
617 1075 913 1117 consentaneis
941 1079 983 1117 et
1009 1091 1059 1116 ex
1089 1075 1466 1130 praecurrentibus

124 1139 167 1177 et
205 1151 256 1176 ex
295 1135 654 1190 repugnantibus,
697 1137 745 1175 ut
792 1134 930 1186 [olim]
977 1133 1157 1175 Crassus
1202 1134 1493 1175 adulescens:-

123 1194 224 1236 Non
255 1194 291 1235 si
318 1193 536 1248 Opimium
568 1193 808 1247 defendisti,
840 1192 993 1247 Carbo,
1023 1193 1182 1234 idcirco
1214 1196 1256 1233 te
1288 1192 1363 1233 isti
1395 1192 1468 1232 bo-

61 1281 68 1307 ,
122 1267 227 1294 num
264 1252 400 1294 civem
436 1252 662 1306 putabunt.
725 1250 958 1293 Simulasse
990 1254 1033 1292 te
1065 1254 1108 1292 et
1146 1250 1307 1304 aliquid
1345 1265 1469 1304 quae-

62 1310 105 1352 ‘20
125 1311 230 1353 sisse
261 1311 590 1366 perspicuumst,
622 1310 735 1363 quod
760 1310 822 1351 Ti.
844 1309 1026 1351 Gracchi
1058 1312 1241 1351 mortem
1272 1324 1397 1363 saepe
1422 1309 1469 1349 in

124 1370 398 1412 contionibus
431 1369 682 1423 deplorasti,
723 1369 835 1422 quod
866 1368 912 1409 P.
945 1368 1138 1409 Africani
1174 1367 1290 1409 necis
1326 1367 1466 1409 socius

61 1436 66 1448 '
123 1428 263 1483 fuisti,
313 1428 427 1482 quod
471 1442 565 1468 eam
607 1427 747 1482 legem
789 1427 834 1467 in
877 1427 1101 1467 tribunatu
1145 1426 1303 1480 tulisti,
1353 1425 1468 1479 quod

124 1502 292 1541 semper
324 1502 348 1527 a
378 1486 504 1527 bonis
542 1485 769 1526 dissedisti.
840 1485 907 1526 Ex
952 1485 1091 1526 causis
1136 1488 1280 1525 autem
1323 1493 1537 1525 rerum171

126 1546 203 1587 sic:
234 1545 475 1586 Avaritiam
503 1544 539 1585 si
564 1544 714 1585 tollere
740 1543 882 1598 voltis,
908 1546 1046 1584 mater
1072 1543 1161 1584 eius
1188 1546 1254 1584 est
1279 1542 1468 1583 tollenda

73 1619 105 1645 25
124 1604 325 1645 luxuries.
386 1603 453 1644 Ex
483 1603 537 1644 iis
570 1606 713 1644 autem
745 1616 852 1656 quae
886 1605 986 1643 sunt
1019 1604 1113 1642 orta
1145 1602 1194 1642 de
1227 1601 1385 1643 causis:
1422 1599 1467 1642 Si

125 1663 278 1704 aerarii
309 1662 443 1716 copiis
475 1664 519 1702 et
551 1661 604 1702 ad
640 1660 742 1702 belli
779 1660 1025 1702 adiumenta
1058 1663 1100 1701 et
1132 1660 1185 1701 ad
1217 1662 1468 1701 ornamenta

124 1721 242 1776 pacis
279 1721 459 1775 utimur,
496 1719 780 1774 vectigalibus
820 1719 1066 1760 serviamus.
1126 1718 1292 1759 Maiora
1324 1721 1537 1760 autem172

125 1782 168 1820 et
199 1779 365 1820 minora
398 1781 440 1820 et
470 1779 591 1833 paria
623 1777 965 1832 comparabimus
999 1777 1077 1818 sic:
1116 1791 1167 1818 ex
1197 1776 1376 1818 maiore:
1422 1775 1468 1817 Si

53 1828 60 1898 l
124 1838 239 1879 bona
282 1836 543 1878 existimatio
588 1836 748 1877 divitiis
798 1838 990 1890 praestat
1034 1838 1076 1876 et
1118 1835 1300 1890 pecunia
1343 1837 1466 1875 tanto

55 1901 108 1937 '30
127 1911 252 1950 opere
290 1895 523 1950 expetitur,
562 1897 723 1949 quanto
764 1894 902 1949 gloria
938 1894 1077 1949 magis
1117 1896 1182 1934 est
1214 1893 1465 1948 expetenda!

126 1969 176 1995 ex
207 1968 388 1995 minore:

52 2066 56 2090 ¹.
405 2034 499 2076 Hic
529 2049 715 2089 parvae
747 2033 1138 2076 consuetudinis

48 2096 56 2121 ⁴
127 2092 289 2134 Causa
320 2093 471 2134 huius
503 2096 714 2134 mortem
747 2096 849 2134 tam
880 2092 982 2133 fert
1013 2091 1366 2133 familiariter:

62 2152 65 2155 ’
127 2150 255 2200 Quid
276 2152 318 2193 si
336 2151 446 2206 ipse
468 2151 719 2192 amasset?
741 2151 858 2205 quid
876 2150 958 2191 hic
979 2150 1103 2191 mihi
1123 2149 1282 2192 faciet
1301 2149 1468 2204 patri?

22 2269 33 2291 χ
75 2260 109 2286 85
127 2243 195 2286 Ex
225 2244 334 2298 pari:
385 2243 467 2285 Est
505 2244 693 2286 eiusdem
731 2247 774 2286 et
813 2244 974 2298 eripere
1013 2246 1056 2284 et
1094 2246 1245 2285 contra
1275 2257 1366 2283 rem
1396 2256 1470 2296 pu-

127 2302 285 2344 blicam
316 2302 465 2357 largiri
496 2303 711 2357 pecunias.
761 2302 886 2343 Foris
919 2304 1063 2343 autem
1096 2302 1378 2343 adsumuntur
1409 2309 1539 2354 ea,173
