1643 2526
100 659 151 700 19

97 728 140 758 72

97 1219 140 1249 73

98 2154 141 2184 74

166 60 254 101 442
752 61 813 96 ΤΟ
820 61 925 96 PICA

166 156 290 197 laude
304 156 548 222 ponendum
564 158 641 210 est,
660 156 753 210 pari
775 156 912 211 gloria
931 157 1087 198 debent
1106 172 1198 198 esse
1218 157 1250 198 ii
1271 157 1343 211 qui
1364 171 1512 199 consu-

166 215 263 255 lunt
283 218 325 255 et
351 215 382 255 ii
404 215 475 268 qui
497 214 745 270 defendunt3
778 218 821 256 et
847 216 959 280 quod
978 215 1177 270 primum,
1202 219 1285 271 est3
1317 217 1431 270 quod
1451 231 1511 258 se-

168 273 314 327 quitur
328 274 471 328 igitur.
496 273 692 314 Perfecta
703 276 768 314 est
780 273 918 314 omnis
934 289 980 314 31
983 274 1308 328 gumentorum
1297 275 1511 316 invenien-

167 332 318 372 dorum
344 332 602 386 praeceptio,
628 335 688 386 ut,
715 346 811 373 cum
836 332 1052 386 profectus
1080 333 1138 373 sis
1159 348 1184 373 a
1203 333 1461 388 definitione,
1486 349 1512 375 a

166 390 413 444 partitione,
439 405 463 431 a
481 390 718 445 notatione,
744 405 768 431 a
789 390 1042 446 coniugatis,
1068 406 1092 431 a
1113 405 1278 446 genere,
1304 406 1328 432 a
1347 392 1510 447 formis,
1547 411 1562 436 5

167 463 191 489 a
212 448 504 502 similitudine,
530 464 553 489 a
574 448 824 503 differentia,
850 464 875 490 a
898 449 1136 500 contrariis,
1164 450 1216 490 ab
1237 450 1461 505 adiunctis,
1487 465 1512 491 a

168 507 542 561 consequentibus,
575 507 627 548 ab
655 507 1016 562 antecedentibus,
1047 523 1072 548 a
1103 508 1455 564 repugnantibus,
1487 524 1512 550 a

168 566 319 619 causis,
352 566 404 606 ab
438 565 612 620 effectis,
649 581 673 606 a
705 566 1022 620 comparatione
1056 566 1266 608 maiorum
1297 567 1511 608 minorum

166 624 347 678 parium,
371 624 489 665 nulla
513 627 735 678 praeterea
761 625 879 665 sedes
907 625 1149 679 argumenti
1177 626 1416 679 quaerenda
1441 626 1508 667 sit.

287 681 368 723 Sed
401 683 603 737 quoniam
640 683 703 723 ita
735 697 759 723 a
789 683 999 737 principio
1040 683 1282 738 divisimus,
1321 686 1369 725 ut
1402 683 1508 725 alios
1530 703 1562 727 10

167 741 284 782 locos
311 741 547 782 diceremus
573 740 618 780 in
645 755 694 781 eo
720 741 829 795 ipso,
860 742 909 782 de
936 756 1019 795 quo
1047 742 1293 797 ambigitur,
1324 742 1511 798 haerere,

167 800 216 840 de
250 799 404 853 quibus
439 800 543 840 satis
577 802 641 840 est
674 799 854 854 dictum,
892 800 998 841 alios
1038 801 1203 841 adsumi
1236 801 1511 856 extrinsecus,

167 858 216 898 de
242 857 295 898 iis
323 872 460 911 pauca
486 858 689 912 dicamus,
722 858 802 899 etsi
835 873 883 899 ea
914 858 1022 898 nihil
1055 859 1228 900 omnino
1262 859 1313 900 ad
1344 863 1508 901 vestras

167 916 479 970 disputationes
511 916 745 970 pertinent3
784 917 856 957 sed
889 920 1033 958 tamen
1064 921 1203 958 totam
1234 932 1323 958 rem
1356 918 1510 960 efficia-

167 989 274 1029 mus,
312 975 654 1028 quandoquidem
687 975 916 1028 coepimus.
978 974 1128 1029 Neque
1160 975 1273 1016 enim
1305 979 1353 1017 tu
1383 977 1419 1017 is
1453 991 1510 1032 es,
1531 995 1562 1020 15

167 1048 292 1086 quem
324 1033 432 1073 nihil
463 1033 547 1073 nisi
585 1033 650 1074 ius
690 1033 811 1074 civile
850 1034 1049 1088 delectet,
1087 1038 1129 1075 et
1166 1034 1367 1088 quoniam
1404 1035 1509 1077 haec

166 1091 229 1132 ita
260 1091 313 1132 ad
345 1095 386 1132 te
419 1092 676 1145 scribuntur,
708 1095 755 1132 ut
788 1092 917 1133 etiam
950 1093 994 1132 in
1026 1092 1207 1134 aliorum
1238 1108 1388 1134 manus
1422 1094 1509 1135 sint

167 1152 363 1204 ventura,
408 1150 530 1190 detur
568 1164 713 1204 opera,
756 1153 805 1190 ut
843 1165 969 1204 (1113111
1006 1151 1239 1204 plurimum
1275 1151 1361 1206 his,
1402 1167 1508 1206 quos

167 1211 284 1249 recta
310 1208 451 1248 studia
480 1208 706 1261 delectant,
736 1209 936 1262 prodesse
969 1209 1194 1263 possimus.
1255 1209 1373 1251 Haec
1406 1225 1508 1265 ergo

168 1267 497 1321 argument-atio,
530 1282 636 1320 quae
666 1267 822 1307 dicitur
854 1268 958 1308 artis
991 1282 1153 1322 expers,
1183 1268 1228 1308 in
1259 1269 1508 1310 testimonio
1529 1287 1562 1311 20

166 1325 309 1379 posita
342 1328 418 1365 est.
481 1325 792 1365 Testimonium
825 1329 968 1366 autem
1004 1340 1117 1367 nunc
1155 1326 1334 1368 dicimus
1374 1341 1510 1382 omne,

168 1384 282 1437 quod
308 1384 360 1424 ab
388 1383 532 1437 aliqua
557 1398 601 1424 re
628 1386 803 1424 externa
829 1384 1013 1425 sumitur
1036 1385 1088 1425 ad
1107 1385 1345 1426 faciendam
1370 1386 1509 1427 fidem.

166 1442 355 1483 Persona
382 1445 525 1482 autem
547 1456 635 1482 non
655 1442 975 1496 qualiscumque
996 1446 1061 1484 est
1080 1444 1317 1484 testimonii
1342 1444 1509 1498 pondus

166 1501 315 1555 habet,
348 1501 400 1541 ad
431 1501 557 1541 fidem
590 1500 703 1541 enim
735 1501 973 1542 faciendam
1007 1502 1240 1543 auctoritas
1274 1502 1510 1558 quaeritur3

167 1560 240 1600 sed
273 1559 574 1600 auctoritatem
613 1562 687 1600 aut
724 1562 878 1600 natura
909 1563 983 1600 aut
1014 1563 1182 1614 tempus
1215 1560 1364 1602 adfert.
1425 1560 1510 1602 Na·
1530 1578 1563 1604 25

166 1621 287 1658 turae
329 1617 563 1658 auctoritas
601 1617 646 1657 in
682 1618 840 1658 virtute
882 1621 947 1659 est
988 1619 1190 1673 maxima3
1234 1619 1278 1659 in
1318 1622 1509 1674 tempore

168 1678 310 1716 autem
330 1676 467 1716 multa
487 1678 599 1729 sunt,
613 1690 720 1728 quae
735 1676 929 1717 adferant
950 1677 1266 1717 auctoritatem:
1289 1677 1509 1732 ingenium

167 1748 268 1788 opes
315 1736 431 1774 aetas
478 1733 686 1785 [fortuna]
733 1749 800 1774 ars
844 1749 946 1775 usus
989 1735 1240 1789 necessitas,
1284 1736 1508 1777 concursio

168 1792 298 1833 etiam
330 1806 417 1833 non
443 1807 676 1846 numquam
708 1807 849 1833 rerum
881 1792 1168 1834 fortuitarum.
1231 1793 1344 1835 Nam
1376 1797 1419 1835 et
1448 1794 1510 1836 in-

168 1850 366 1905 geniosos
394 1854 436 1891 et
464 1851 688 1904 opulentos
715 1854 758 1891 et
784 1851 936 1901 aetatis
964 1851 1103 1905 spatio
1129 1853 1335 1906 probatos
1356 1853 1508 1908 dignos
1529 1870 1562 1896 30

168 1909 322 1962 quibus
355 1909 550 1950 credatur
581 1912 753 1964 putant,
796 1924 883 1950 non
913 1913 1027 1950 recte
1060 1910 1255 1964 fortasse,
1288 1911 1360 1952 sed
1391 1911 1510 1966 vulgi

168 1967 312 2021 opinio
351 1967 508 2008 mutari
547 1967 616 2007 vix
655 1970 798 2021 potest
837 1968 888 2008 ad
926 1983 1101 2022 eamque
1141 1969 1285 2010 omnia
1319 1969 1509 2024 dirigunt

167 2030 210 2066 et
237 2025 308 2079 qui
334 2025 525 2066 iudicant
551 2028 593 2066 et
621 2026 692 2080 (1111
718 2026 975 2066 existimant.
1027 2026 1107 2075 Qui
1133 2027 1246 2068 enim
1277 2028 1403 2068 rebus
1430 2028 1509 2083 his,

168 2099 271 2138 quas
305 2083 403 2138 dixi,
435 2084 660 2138 excellunt,
690 2084 784 2138 ipsa
815 2084 973 2125 virtute
1005 2085 1203 2126 videntur
1235 2086 1449 2127 excellere.

289 2141 370 2183 Sed
396 2142 570 2196 reliquis
599 2157 766 2195 quoque
792 2143 931 2196 rebus,
963 2158 1068 2197 quas
1101 2145 1227 2185 modo
1254 2144 1510 2200 enumeravi,
1528 2162 1562 2187 35

167 2215 425 2254 quamquam
468 2201 513 2241 in
553 2200 620 2241 his
661 2201 779 2242 nulla
823 2201 984 2255 species
1025 2202 1197 2244 virtutis
1239 2206 1322 2257 est,
1366 2206 1511 2244 tamen

164 2260 381 2301 interdum
420 2260 697 2301 confirmatur
736 2259 859 2314 fides,
903 2260 939 2300 si
978 2264 1052 2302 aut
1090 2276 1157 2302 ars
1197 2262 1400 2315 quaedam
1441 2262 1510 2303 ad-
