1643 2526
335 98 479 133 LIBER
502 99 546 134 ΙΙ.
597 97 698 134 CAP.
724 101 875 134 26—27.
926 102 945 141 ξ
972 102 1168 134 108-116.
1369 99 1425 140 95

83 194 400 250 Ambiguorum
437 198 579 236 autem
617 208 747 248 quom
789 194 913 248 plura
956 209 1112 249 genera
1155 197 1273 249 sunt,
1316 204 1493 248 quaelll

84 253 189 295 mihi
220 253 419 295 videntur
449 253 480 294 ii
512 253 664 294 melius
695 267 822 294 nosse
855 253 927 307 qui
960 253 1173 295 dialectici
1212 253 1425 308 appellan-

84 315 172 367 tur,
208 312 253 353 hi
292 315 436 353 autem
466 312 605 353 nostri
640 312 858 367 ignorare,
897 311 969 365 qui
999 326 1087 352 non
1124 312 1265 353 minus
1297 326 1423 353 nosse

86 371 286 426 debeant,
323 374 415 412 tum
445 370 551 411 illud
584 373 649 412 est
680 369 1077 424 frequentissimum
1106 370 1153 411 in
1179 370 1296 412 omni
1328 385 1424 412 con—

50 429 306 471 5suetudjne
338 429 405 470 vel
437 429 645 470 sermonis
682 429 750 470 vel
782 429 950 483 scripti,
988 443 1117 482 quom
1154 429 1312 471 idcirco
1352 429 1424 469 ali-

86 488 186 542 quid
219 488 453 543 ambigitur
485 488 599 542 quod
631 490 704 529 aut
735 488 913 529 verbum
939 490 1013 528 aut
1039 488 1169 529 verba
1195 488 1282 529 sint
1307 502 1424 542 prae-

84 546 293 588 termissa.
360 546 523 588 Iterum
567 549 710 587 autem
753 548 948 600 peceant,
992 560 1122 599 quom
1167 561 1299 601 genus
1344 546 1495 587 hoc112

85 620 321 659 causarum,
353 605 465 670 quod
495 605 542 646 in
573 605 722 659 scripti
747 605 1099 659 interpretatione
1132 608 1339 658 versatur,
1371 605 1422 645 ab

83 664 169 705 illis
191 664 344 719 causis,
367 664 413 704 in
433 664 587 717 quibus
608 663 745 728 qualis
767 677 958 717 quaeque
978 677 1044 704 res
1067 663 1123 704 sit
1150 663 1426 717 disceptatur,

33 740 65 764 10
86 723 326 788 seiungunt.
382 721 611 776 Nusquam
655 722 769 763 enim
805 725 896 763 tam
937 722 1156 775 quaeritur
1200 721 1323 775 quale
1368 721 1424 762 sit

86 796 218 837 genus
249 781 392 836 ipsum
423 781 485 822 rei
517 795 645 834 quam
675 781 721 821 in
753 780 926 835 scripto,
959 781 1071 834 quod
1103 783 1244 822 totum
1271 795 1295 821 a
1320 779 1424 820 facti

86 840 377 882 controversia
421 842 665 893 separatum
708 842 784 880 est.
863 838 932 879 Ita
977 838 1062 879 tria
1105 842 1206 880 sunt
1250 838 1494 879 omninollss

87 912 253 954 genera,
280 912 386 952 quae
410 898 457 938 in
476 897 831 952 disceptationem
851 900 894 938 et
914 897 1250 938 controversiam
1277 897 1424 938 cadere

85 957 271 1011 possint:
311 956 436 1004 ‘Quid
467 956 543 997 fiat
580 956 743 997 factum
779 956 1025 997 futurumve
1064 955 1135 996 sit'
1170 959 1243 996 aut
1276 954 1424 1003 ‘Quale

34 1032 66 1059 15
88 1015 159 1057 sit'
194 1018 268 1056 aut
300 1014 539 1063 ‘Quomodo
570 1013 843 1055 nominetur’.
893 1013 1007 1055 Nam
1032 1013 1086 1055 iis
1114 1014 1285 1067 quidem
1312 1014 1426 1067 quod

87 1074 259 1128 quidam
274 1072 425 1114 Graeci
446 1073 700 1127 adiungunt:
722 1072 975 1114 eRectumne
994 1072 1158 1113 factum
1179 1072 1263 1126 sit',
1282 1075 1425 1113 totum

84 1133 130 1173 in
162 1146 210 1174 eo
237 1135 319 1173 est:
351 1131 501 1180 ‘Quale
527 1131 611 1173 sit⁷.
663 1130 746 1173 Sed
770 1131 857 1172 iam
883 1131 935 1172 ad
959 1131 1210 1172 institutum
1235 1133 1426 1172 revertar
1439 1130 1494 1171 27

86 1205 238 1232 meum.

203 1248 342 1298 Quom
372 1249 506 1304 igitur
532 1251 706 1302 accepta
732 1262 860 1289 causa
885 1250 928 1288 et
955 1261 1108 1302 genere
1135 1247 1308 1303 cognito
1334 1256 1496 1288 rem114

34 1326 68 1351 20
86 1311 271 1349 tractare
310 1308 448 1361 coepi,
484 1307 593 1347 nihil
636 1306 755 1360 prius
794 1306 1011 1347 constituo
1051 1320 1179 1359 quam
1223 1306 1325 1359 quid
1369 1306 1426 1347 sit

86 1367 209 1421 illud,
247 1380 331 1420 quo
369 1365 475 1406 mihi
514 1366 570 1406 sit
601 1364 825 1405 referunda
858 1365 995 1405 omnis
1033 1364 1109 1405 illa
1146 1365 1284 1405 oratio
1318 1379 1424 1417 quae

87 1425 144 1466 sit
174 1424 348 1479 propria
380 1423 643 1478 quaestionis
676 1426 718 1464 et
748 1422 912 1475 iudicii3
944 1422 1092 1463 deinde
1117 1422 1193 1463 illa
1218 1423 1301 1463 duo
1334 1422 1427 1463 dili-

88 1484 350 1539 gentissume
383 1482 622 1536 considero,
660 1496 842 1535 quorum
874 1481 1057 1522 alterum
1095 1480 1426 1522 commendatio-

86 1556 184 1583 nem
203 1542 334 1582 habet
352 1544 546 1582 nostram
567 1543 641 1581 aut
661 1554 809 1580 eorum
830 1553 935 1594 quos
951 1539 1228 1593 defendimus,
1243 1539 1425 1580 alterum

35 1619 67 1644 25
88 1604 153 1642 est
179 1600 503 1642 accomodatum
530 1599 582 1640 ad
608 1613 755 1640 eorum
782 1598 945 1639 animos
973 1598 1085 1652 apud
1111 1612 1217 1652 quos
1244 1597 1424 1638 dicimus

88 1659 141 1700 ad
171 1659 214 1699 id
246 1659 359 1712 quod
395 1658 591 1699 volumus
631 1657 970 1699 commovendos.
1031 1656 1099 1697 Ita
1138 1656 1275 1697 omnis
1312 1656 1494 1697 rati0115

88 1717 253 1758 dicendi
290 1717 428 1758 tribus
467 1716 520 1757 ad
554 1715 895 1770 persuadendum
939 1715 1066 1756 rebus
1110 1718 1175 1756 est
1214 1715 1331 1755 nixa:
1377 1717 1426 1755 ut

86 1776 315 1830 probemus
347 1789 447 1816 vera
478 1789 569 1815 esse
603 1789 711 1828 quae
743 1773 1026 1827 defendimus,
1063 1776 1112 1814 ut
1150 1773 1424 1814 conciliemus

88 1848 160 1875 eos
199 1834 325 1874 nobis
367 1833 440 1887 qui
480 1832 676 1886 audiunt,
715 1835 764 1873 ut
801 1832 966 1873 animos
1004 1845 1153 1872 eorum
1193 1832 1245 1872 ad
1283 1846 1426 1884 quem-

35 1909 70 1934 30
89 1906 301 1946 quomque
334 1906 462 1932 causa
491 1890 731 1945 postulabit
769 1893 935 1931 motum
965 1904 1176 1931 vocemus.
1237 1889 1306 1929 Ad
1330 1899 1494 1943 pro-116

87 1951 275 1991 bandum
307 1952 450 1991 autem
487 1950 642 2004 duplex
679 1952 745 1990 est
783 1948 944 1990 oratori
982 1948 1176 1989 subiecta
1206 1947 1423 1988 materies:

88 2023 173 2050 una
202 2022 345 2049 rerum
375 2022 538 2062 earum,
569 2022 676 2061 quae
707 2021 795 2048 non
826 2006 1126 2061 excogitantur
1157 2006 1209 2047 ab
1244 2009 1426 2060 oratore,

89 2067 162 2108 sed
191 2066 238 2107 in
268 2081 313 2107 re
343 2066 508 2120 positae
539 2066 707 2106 ratione
739 2068 992 2119 tractantur,
1022 2067 1072 2105 ut
1102 2064 1273 2105 tabulae
1306 2064 1425 2105 testi-

89 2125 233 2166 monia
262 2128 389 2179 pacta
419 2127 628 2165 conventa
658 2123 930 2178 quaestiones
962 2123 1078 2178 leges
1117 2126 1289 2164 senatus
1329 2136 1425 2163 con-

36 2200 69 2226 35
90 2183 203 2224 sulta
239 2197 306 2224 res
342 2182 553 2224 iudicatae
591 2182 761 2224 decreta
797 2195 1002 2235 responsa
1038 2181 1204 2235 reliqua
1242 2181 1278 2221 si
1317 2194 1424 2233 quae

90 2244 201 2295 sunt,
226 2255 333 2295 quae
358 2255 446 2281 non
469 2240 738 2294 reperiuntur
758 2240 811 2281 ab
833 2242 1013 2292 oratore,
1039 2240 1113 2281 sed
1132 2240 1185 2280 ad
1211 2242 1426 2279 oratorem

89 2314 114 2340 a
145 2314 273 2341 causa
304 2302 433 2353 atque
465 2313 490 2340 a
519 2298 602 2340 reis
629 2298 893 2352 deferuntur3
926 2298 1060 2339 altera
1085 2300 1162 2352 est,
1194 2310 1300 2351 quae
1332 2298 1426 2335 tota
