1643 2526
521 110 621 147 CAP.
649 114 797 147 74-76.
848 115 867 153 ς
892 115 1089 148 257—263.
1380 113 1464 155 291

128 203 308 246 Sisenna
340 208 484 247 autem
516 206 637 260 quasi
670 206 916 248 emendator
948 206 1157 248 sermonis
1192 207 1338 248 usitati
1370 222 1467 249 cum

127 278 218 304 esse
250 263 390 318 vellet,
419 278 472 305 ne
502 279 526 305 a
552 262 596 306 C.
616 264 750 306 Rusio
783 265 953 320 quidem
985 267 1231 307 accusatore
1263 266 1466 307 deterreri

126 321 269 376 potuit
300 336 384 376 quo
417 322 555 364 minus
587 322 804 364 inusitatis
830 323 971 365 verbis
997 326 1198 365 uteretur.
1251 324 1535 373 Quidnam260

126 381 238 421 istuc
266 381 359 421 est?
392 380 533 434 inquit
559 381 736 437 Brutus3
768 385 842 423 aut
874 381 968 435 quis
1002 385 1067 423 est
1098 382 1179 423 iste
1211 381 1255 424 C.
1274 382 1464 424 Rusius‘?

92 456 108 481 5
127 438 186 479 Et
215 438 304 479 ille:
348 438 450 480 Fuit
482 443 721 494 accusator,
756 439 915 494 inquit,
946 443 1086 494 vetus,
1122 454 1206 494 quo
1238 444 1464 482 accusante

128 495 171 538 C.
203 496 427 538 Hirtilium
466 496 645 539 Sisenna
687 498 914 539 defendens
958 499 1082 552 dixit,
1124 500 1331 552 quaedam
1375 499 1464 541 eius

127 555 432 609 sputatilica
463 570 554 597 esse
587 556 775 598 crimina.
825 557 934 598 Tum
961 555 1005 598 C.
1032 556 1209 598 Rusius:
1243 557 1463 599 Circum·
1480 557 1534 599 75

126 613 320 668 venior,
349 614 503 669 inquit,
533 615 746 670 iudices,
770 615 871 656 nisi
897 615 1199 656 subvenitis.
1250 614 1466 658 Sisenna

127 672 246 726 quid
271 672 408 714 dicat
432 673 624 727 nescio3
656 676 823 715 metuo
849 674 1079 715 insidias.
1132 673 1465 729 Sputatilica,

74 748 107 773 10
128 730 246 784 quid
273 734 350 772 est
379 731 502 772 hoc‘?
534 735 681 786 sputa
708 732 825 786 quid
851 732 919 773 sit
946 732 1069 784 scio,
1101 732 1249 774 tilica
1279 732 1463 774 nescio.

125 788 316 829 Maxumi
353 789 483 845 risus3
527 790 599 831 sed
635 790 706 831 ille
745 794 890 832 tamen
926 790 1150 832 familiaris
1190 805 1308 832 meus
1349 793 1463 832 recte

124 847 243 901 loqui
274 848 456 901 putabat
487 862 578 889 esse
612 848 817 890 inusitate
848 849 977 902 loqui.
1040 848 1195 891 Caesar
1227 852 1371 890 autem
1401 861 1529 892 ra--261

126 905 288 946 tionem
315 906 520 947 adhibens
548 907 898 948 consuetudinem
923 907 1124 948 vitiosam
1150 910 1192 948 et
1218 910 1463 962 corruptam

125 979 232 1018 pura
258 967 301 1005 et
324 964 574 1019 incorrupta
600 965 906 1006 consuetudine
934 966 1140 1007 emendat.
1191 965 1341 1019 Itaque
1369 980 1465 1007 cum

73 1037 105 1062 15
126 1023 178 1063 ad
197 1022 307 1064 hanc
327 1023 584 1078 elegantiam
603 1024 830 1065 verborum
843 1023 1097 1065 Latinorum
1122 1048 1168 1052 —
1194 1038 1314 1079 quae,
1334 1024 1464 1065 etiam

127 1080 162 1122 si
184 1084 329 1122 orator
353 1095 440 1122 non
466 1082 523 1122 sis
551 1084 593 1122 et
620 1082 677 1123 sis
703 1082 914 1137 ingenuus
941 1082 1045 1124 civis
1065 1082 1297 1137 Romanus,
1320 1085 1465 1123 tamen

124 1139 365 1180 necessaria
396 1142 461 1180 est
491 1165 548 1169 —
581 1140 774 1195 adiungit
804 1140 879 1181 illa
911 1140 1100 1182 oratoria
1131 1143 1382 1195 ornamenta
1407 1140 1465 1181 di—

126 1198 259 1252 cendi,
289 1201 381 1239 tum
411 1197 580 1239 videtur
610 1202 830 1252 tamquam
860 1199 1030 1240 tabula-s
1062 1199 1168 1239 bene
1198 1199 1337 1253 pictas
1370 1213 1466 1240 con-
1500 1205 1507 1209 ’

125 1256 265 1297 locare
290 1256 337 1296 in
360 1257 474 1297 bono
499 1256 668 1298 lumine.
724 1257 846 1299 Hanc
876 1271 972 1298 cum
1003 1257 1161 1298 habeat
1191 1257 1465 1311 praecipuam

73 1331 106 1355 20
124 1314 294 1355 laudem
324 1314 370 1355 in
402 1315 717 1369 communibus,
753 1330 840 1356 non
870 1316 992 1356 video
1025 1315 1093 1356 cui
1124 1315 1275 1356 debeat
1307 1316 1464 1357 cedere.

128 1371 401 1427 Splendidam
439 1374 666 1426 quamdam
703 1374 960 1428 minimeque
998 1373 1300 1415 veteratoriam
1337 1374 1466 1415 ratio-

124 1445 223 1472 nem
250 1430 414 1472 dicendi
440 1434 569 1486 tenet,
599 1445 701 1473 voce
727 1435 848 1473 motu
872 1432 1012 1472 forma
1038 1432 1167 1472 etiam
1192 1432 1465 1486 magnificam

126 1492 168 1530 et
196 1503 446 1543 generosam
478 1490 662 1543 quodam
688 1490 825 1531 modo.
886 1490 996 1531 Tum
1026 1490 1204 1531 Brutus:
1238 1489 1535 1532 Orationes262

127 1547 297 1601 quidem
338 1547 427 1589 eius
465 1547 572 1589 mihi
602 1548 874 1589 vehementer
910 1548 1159 1602 probantur.
1221 1546 1464 1602 Compluris

73 1621 105 1647 25
127 1609 270 1647 autem
318 1605 404 1661 legi
454 1609 580 1660 atque
630 1606 761 1648 etiam
805 1606 1153 1660 commentarios,
1203 1620 1308 1660 quos
1353 1607 1465 1647 idem

127 1664 298 1718 scripsit
328 1678 470 1705 rerum
503 1679 686 1706 suarum.
747 1664 883 1706 Valde
917 1664 1105 1719 quidem,
1141 1664 1335 1719 inquam,
1371 1679 1465 1719 pro-

126 1723 306 1777 bandos3
335 1722 438 1763 nudi
470 1723 583 1764 enim
615 1726 726 1777 sunt,
756 1723 862 1764 recti
888 1726 930 1764 et
955 1722 1137 1777 venusti,
1169 1723 1285 1764 omni
1312 1726 1465 1764 ornatu

128 1780 333 1821 orationis
376 1784 596 1834 tamquam
639 1784 756 1822 veste
801 1781 1001 1823 detracta.
1066 1780 1148 1822 Sed
1187 1781 1288 1822 dum
1328 1781 1465 1822 voluit

128 1839 233 1879 alios
266 1838 422 1880 habere
452 1843 620 1894 parata,
659 1840 769 1880 unde
807 1842 1024 1881 sumerent
1062 1839 1134 1893 qui
1171 1839 1329 1880 vellent
1367 1839 1467 1880 scri-

74 1913 108 1938 30
127 1897 226 1937 bere
257 1896 501 1951 historiam,
535 1897 692 1952 ineptis
726 1900 896 1953 gratum
927 1897 1110 1938 fortasse
1141 1896 1261 1951 fecit,
1293 1897 1365 1950 qui
1396 1911 1466 1938 vo-

127 1955 216 1995 lent
247 1954 322 1995 illa
350 1955 604 1996 calamistris
635 1956 821 1997 inurere:
854 1970 979 1997 sanos
1013 1955 1183 2010 quidem
1213 1955 1408 1996 homines
1442 1970 1465 1996 a

129 2013 350 2054 scribendo
397 2013 618 2069 deterruit3
660 2014 768 2055 1111111
806 2017 871 2055 est
908 2014 1020 2055 enim
1057 2014 1103 2054 in
1141 2013 1323 2054 historia
1359 2027 1467 2067 pura

129 2074 171 2112 et
207 2070 379 2112 inlustri
415 2071 624 2113 brevitate
662 2072 837 2114 dulcius.
901 2071 983 2113 Sed
1020 2072 1073 2113 ad
1110 2086 1201 2126 eos,
1241 2071 1277 2112 si
1314 2071 1466 2126 placet,

130 2129 201 2184 qui
233 2129 324 2170 vita
355 2134 638 2184 excesserunt,
668 2133 943 2172 revertamur.
1482 2163 1535 2204 ,6

76 2203 110 2228 35
248 2185 291 2228 C.
314 2186 497 2228 Sicinius
522 2187 656 2242 igitur
675 2188 722 2237 Q.
741 2188 920 2243 Pompei
944 2188 1073 2243 illius,
1099 2187 1171 2243 qui
1197 2201 1347 2229 censor
1371 2185 1466 2240 fuit,
1489 2172 1499 2204 ί

130 2259 180 2286 ex
204 2245 293 2286 filia
317 2259 462 2300 nepos,
488 2246 754 2299 quaestorius
781 2250 975 2288 mortuus
1004 2251 1085 2300 est,
1117 2245 1352 2301 probabilis
1377 2231 1536 2284 ora-263

129 2306 209 2358 tor,
239 2304 325 2345 iam
356 2317 455 2345 vero
482 2303 611 2345 etiam
641 2305 861 2360 probatus,
891 2319 942 2346 ex
971 2305 1052 2347 hac
1082 2304 1202 2359 inopi
1235 2303 1287 2344 ad
1319 2316 1467 2343 ornan-

1113 2372 1182 2405 19*
