1643 2526
414 71 558 105 LIBER
583 71 608 106 1.
660 70 891 107 CAP..s-9.
941 74 960 113 ξ
987 73 1137 106 30—37.
1425 71 1450 111 9

104 165 166 208 Ut
195 181 296 208 vero
327 166 414 208 iam
446 166 498 207 ad
528 166 604 207 illa
635 181 802 208 summa
839 166 1079 222 veniamus,
1117 180 1224 220 quae
1261 165 1326 208 vis
1365 165 1449 207 alia

103 225 247 280 potuit
278 228 353 266 aut
384 224 598 279 dispersos
629 225 825 266 homines
857 239 990 266 unum
1021 224 1066 266 in
1096 225 1240 266 locum
1273 239 1448 279 congre—

104 298 204 339 gare
246 287 320 325 aut
361 298 385 324 a
426 283 517 324 fera
557 283 800 338 agrestique
840 283 930 325 vita
971 283 1024 324 ad
1060 283 1172 324 hunc
1210 283 1447 324 humanum

103 342 267 384 cultum
299 342 550 396 civilemque
582 343 786 383 deducere
825 344 899 383 aut
935 342 1023 383 iam
1064 341 1314 384 constitutis
1348 341 1447 382 civi-

67 401 265 442 §.tatibus
305 401 422 456 leges
462 400 621 442 iudicia
659 400 754 441 iura
794 400 1053 442 discribere?
1112 400 1176 442 Ac
1217 415 1270 441 ne
1310 400 1445 455 plura,
1471 409 1517 441 34

103 473 210 513 quae
237 462 337 500 sunt
362 473 496 524 paene
521 459 862 513 innumerabilia,
887 461 1119 513 consecter,
1145 459 1447 512 comprendam

102 517 238 559 brevi:
277 517 337 559 sic
375 517 488 558 enim
520 520 684 572 statuo,
719 517 898 572 perfecti
939 517 1121 558 oratoris
1153 517 1446 558 moderatione

103 579 146 617 et
178 576 389 630 sapientia
418 590 507 617 non
531 575 707 617 solum
696 576 831 630 lpsius
859 575 1116 631 dignitatem
1143 576 1216 617 sed
1242 579 1284 617 et
1309 575 1446 629 priva—

103 637 246 676 torum
277 634 561 689 plurimorum
592 637 635 676 et
666 634 888 675 universae
926 634 989 675 rei
1026 634 1223 689 publicae
1262 634 1446 675 salutem

53 710 87 736 10
106 693 288 734 maxime
327 693 546 734 contineri
609 692 746 741 Quam
785 693 839 734 ob
877 707 968 734 rem
1005 693 1171 748 pergite
1209 696 1258 733 ut
1290 692 1446 747 facitis,

103 751 415 806 adulescentes,
453 754 579 805 atque
615 751 661 792 in
696 751 741 792 id
773 751 979 805 studium,
1018 751 1065 792 in
1103 766 1186 805 quo
1226 751 1348 805 estis,
1386 751 1446 791 111-

104 810 311 865 cumbite,
347 813 395 851 ut
427 813 469 851 et
500 810 623 851 vobis
655 810 809 851 honori
841 812 884 851 et
916 809 1064 851 amicis
1096 809 1277 850 utilitati
1310 812 1352 850 et
1383 809 1444 850 rei
1471 832 1497 873 9

103 869 299 923 publicae
343 869 632 909 emolumento
677 883 768 909 esse
817 868 1004 922 possitis.
1085 868 1195 909 Tum
1241 867 1446 909 Scaevola
1472 900 1516 932 35

105 927 302 981 comiter,
333 930 382 967 ut
414 927 599 980 solebat,
630 925 799 981 Cetera,
829 926 988 980 inquit,
1027 926 1245 967 adsentior
1277 924 1445 979 Crasso,
1471 921 1477 929 ’

52 1002 85 1027 15
104 1000 157 1026 ne
191 988 264 1026 aut
296 986 345 1026 de
385 983 428 1026 C.
460 984 597 1026 Laelii
635 985 770 1026 soceri
807 985 890 1026 mei
929 987 1003 1025 aut
1040 985 1090 1025 de
1130 985 1257 1025 huius
1300 984 1445 1039 generi

105 1047 180 1085 aut
218 1046 308 1084 arte
346 1046 420 1085 aut
457 1043 595 1098 gloria
636 1043 988 1098 detraham3('sed
1024 1043 1099 1084 illa
1140 1043 1242 1096 duo,
1280 1041 1446 1097 Crasse,

103 1116 252 1143 vereor
283 1105 331 1143 ut
362 1102 442 1143 tibi
473 1102 636 1156 possim
669 1102 916 1143 concedere:
948 1116 1094 1156 imum,
1125 1102 1238 1155 quod
1270 1101 1322 1142 ab
1357 1115 1447 1142 ora-

104 1161 271 1202 toribus
305 1160 499 1202 civitates
532 1163 574 1201 et
604 1160 729 1201 initio
762 1159 1020 1201 constitutas
1055 1163 1098 1200 et
1129 1174 1254 1214 saepe
1281 1174 1446 1201 conser—
1484 1163 1505 1205 ἰ,

105 1222 226 1260 vatas
260 1234 351 1260 esse
378 1218 535 1273 dixisti,
567 1219 761 1273 alterum,
793 1218 906 1272 quod
931 1221 1098 1259 remoto
1123 1218 1218 1259 foro
1246 1218 1444 1260 contione

53 1295 87 1320 20
104 1277 274 1318 iudiciis
307 1280 457 1318 senatu
490 1277 682 1318 statuisti
715 1280 930 1318 oratorem
961 1277 1007 1317 in
1039 1277 1155 1318 omni
1183 1291 1335 1332 genere
1363 1291 1445 1318 ser-

106 1335 244 1377 monis
276 1338 319 1376 et
348 1335 629 1376 humanitatis
661 1349 753 1376 esse
782 1335 1061 1389 perfectum.
1082 1334 1186 1383 Quis
1219 1335 1332 1376 enim
1363 1335 1444 1376 tibi
1471 1345 1515 1376 36

105 1394 187 1435 hoc
208 1394 477 1447 concesserit,
504 1396 577 1434 aut
601 1393 726 1434 initio
753 1407 885 1447 genus
904 1393 1129 1434 hominum
1153 1393 1198 1433 in
1224 1393 1443 1434 montibus

106 1467 154 1494 ac
196 1452 313 1493 silvis
356 1451 624 1506 dissupatum
663 1466 750 1492 non
789 1451 1063 1505 prudentium
1103 1451 1293 1493 consiliis
1335 1465 1446 1492 com—

105 1511 277 1565 pulsum
307 1510 452 1565 potius
485 1525 613 1563 quam
638 1509 895 1551 disertorum
921 1510 1113 1551 oratione
1140 1509 1374 1550 delenitum
1400 1524 1444 1550 se

53 1585 87 1612 25
107 1569 274 1623 oppidis
297 1568 604 1622 moenibusque
630 1568 868 1622 saepsisse?
895 1571 969 1609 aut
994 1582 1094 1609 vero
1120 1568 1306 1621 reliquas
1332 1568 1445 1609 utili-

106 1630 217 1669 tates
251 1630 325 1669 aut
354 1627 401 1668 in
432 1627 742 1669 constituendis
775 1630 849 1668 aut
888 1627 934 1667 in
966 1627 1266 1668 conservandis
1299 1627 1445 1668 civita-

105 1686 222 1727 tibus
253 1700 340 1727 non
372 1701 396 1727 a
423 1685 687 1740 sapientibus
714 1688 757 1726 et
781 1685 967 1726 fortibus
993 1685 1097 1726 viris
1124 1685 1197 1726 sed
1223 1700 1248 1725 a
1273 1685 1443 1726 disertis

107 1747 338 1798 ornateque
376 1744 615 1785 dicentibus
654 1758 745 1785 esse
785 1743 1073 1785 constitutas?
1122 1743 1193 1784 An
1223 1757 1324 1784 vero
1362 1743 1443 1785 tibi
1469 1754 1513 1785 37

105 1802 313 1844 Romulus
338 1803 410 1843 ille
437 1806 510 1844 aut
534 1805 727 1857 pastores
755 1805 797 1843 et
823 1816 1032 1843 convenas
1060 1816 1342 1857 congregasse
1370 1805 1444 1842 aut

54 1878 88 1903 30
109 1860 367 1902 Sabinorum
399 1861 597 1916 coniugia
629 1860 899 1902 coniunxisse
938 1863 1012 1901 aut
1042 1860 1326 1901 finitimorum
1356 1860 1444 1901 vim

106 1919 359 1974 repressisse
386 1919 629 1973 eloquentia
654 1919 832 1971 videtur,
856 1933 943 1959 non
963 1918 1142 1960 consilio
1170 1922 1212 1960 et
1232 1918 1444 1972 sapientia

108 1977 343 2032 singulari?
388 1977 526 2026 Quid?
558 1978 603 2018 in
628 1977 771 2018 Numa
802 1977 1029 2031 Pompilio,
1061 1977 1190 2031 quid?
1222 1977 1268 2017 in
1295 1975 1442 2018 Servio

105 2035 266 2090 Tullio,
298 2036 427 2090 quid?
464 2035 510 2076 in
548 2036 699 2077 ceteris
731 2035 924 2090 regibus,
962 2050 1143 2089 quorum
1173 2035 1310 2076 multa
1342 2038 1443 2076 sunt

107 2094 261 2135 eximia
275 2095 327 2135 ad
341 2094 683 2135 constituendam
702 2108 792 2134 rem
810 2093 1039 2148 publicam,
1051 2109 1155 2134 num
1175 2093 1443 2147 eloquentiae

53 2168 88 2194 35
106 2153 337 2208 vestigium
380 2153 584 2207 apparet?
640 2151 779 2200 Quid?
829 2152 988 2193 exactis
1032 2152 1226 2207 regibus,
1270 2151 1442 2192 tametsi

104 2211 243 2265 ipsam
263 2211 527 2252 exactionem
546 2213 701 2264 mente,
718 2224 806 2251 non
824 2210 971 2265 lingua
990 2210 1224 2264 perfectam
1250 2209 1297 2250 L.
1317 2208 1442 2249 Bruti

106 2283 197 2310 esse
229 2269 459 2325 cernimus,
496 2269 569 2310 sed
606 2268 803 2323 deinceps
843 2268 987 2310 omnia
1016 2283 1157 2310 nonne
1187 2268 1314 2322 plena
1346 2281 1443 2308 con-
