1643 2526
430 57 575 92 LIBER
599 57 661 92 III.
711 56 811 93 CAP.
839 61 988 92 23-24.
1029 61 1047 99 ξ
1074 61 1224 93 84-91.
1414 59 1497 100 185

156 154 230 195 sed
269 154 365 208 plus
409 167 560 208 operae
601 153 696 194 foro
736 152 956 194 tribuebat
997 153 1144 195 amicis
1185 152 1246 194 rei
1283 152 1497 194 familiari.

155 212 353 253 Valerius
386 212 541 253 cotidie
575 212 794 266 cantabat3
826 214 918 252 erat
950 211 1064 253 enim
1097 211 1326 253 scaenicus.
1388 211 1498 260 Quid

156 271 316 312 faceret
348 271 492 327 aliud?
542 270 602 311 At
633 269 863 311 Numerius
895 270 1049 311 Furius
1082 274 1229 311 noster
1258 270 1498 325 familiaris,
1523 282 1567 313 87

157 344 254 371 cum
285 332 350 370 est
375 330 659 383 commodum,
690 331 845 370 cantat.
907 328 989 369 Est
1015 329 1128 369 enim
1153 332 1275 383 pater
1299 329 1498 383 familias,

120 405 136 429 5
157 391 222 429 est
243 402 370 442 eques
391 387 629 442 Romanus3
660 402 765 442 puer
791 387 939 428 didicit
959 388 1072 441 quod
1092 388 1339 429 discendum
1366 386 1497 443 [fuit]

156 447 319 487 Eadem
350 446 461 487 ratio
495 449 559 488 est
590 446 743 487 harum
774 446 932 487 artium
963 446 1257 487 maximarum.
1319 446 1422 487 Dies
1456 449 1499 487 et

155 507 304 546 noctes
336 506 475 546 virum
509 519 675 545 summa
706 505 863 545 virtute
902 508 944 545 et
979 505 1206 558 prudentia
1237 505 1499 559 videbamus,

155 563 413 617 philosopho
441 578 538 604 cum
565 578 737 617 operam
762 564 893 617 daret,
925 562 971 611 Q.
991 563 1271 604 Tuberonem.
1321 563 1381 604 At
1407 563 1496 604 eius

157 622 414 663 avunculum
440 622 510 663 vix
535 622 805 677 intellegeres
831 621 875 662 id
895 636 1032 676 agere,
1058 637 1155 663 cum
1176 624 1322 677 ageret
1341 625 1498 675 tamen,

105 698 138 723 ιο
157 679 421 722 Africanum.
482 680 574 721 Ista
600 680 822 721 discimtur
846 680 985 734 facile,
1017 680 1053 721 si
1078 683 1121 721 et
1147 684 1316 721 tantum
1343 695 1499 733 sumaS,

157 742 364 792 quantum
391 753 497 793 opus
525 739 607 792 sit,
626 742 668 779 et
694 739 850 780 habeas
879 739 950 792 qui
977 740 1126 780 docere
1152 739 1335 780 fideliter
1359 739 1498 793 possit

157 800 199 838 et
231 797 339 838 scias
372 797 502 838 etiam
533 797 624 851 ipse
657 797 835 851 discere3
867 798 939 838 sed
965 797 1001 837 si
1026 800 1121 838 tota
1146 797 1235 838 vita
1259 797 1368 838 nihil
1393 797 1497 838 velis
1525 809 1569 840 88

157 855 272 896 aliud
311 870 454 910 agere,
496 855 591 910 ipsa
629 855 832 897 tractatio
871 859 912 896 et
951 856 1144 910 quaestio
1184 856 1338 897 cotidie
1372 871 1422 896 ex
1455 870 1498 896 se

159 914 301 969 gignit
321 914 494 968 aliquid,
514 914 626 967 quod
647 929 743 955 cum
763 914 974 955 desidiosa
993 914 1274 955 delectatione
1301 914 1498 969 vestiges

107 990 137 1014 15
158 972 228 1013 Ita
258 973 326 1026 fit,
358 975 406 1013 ut
439 972 619 1027 agitatio
651 987 703 1013 ne
735 987 877 1013 rerum
910 973 966 1013 sit
997 972 1184 1027 infinita,
1218 973 1409 1027 cognitio
1441 973 1500 1013 fa-

157 1031 268 1084 cilis,
312 1045 414 1072 usus
453 1031 691 1071 doctrinam
732 1031 973 1085 confirmet,
1009 1031 1233 1072 mediocris
1268 1046 1396 1085 opera
1427 1031 1500 1071 tri-

157 1090 326 1143 buatur,
357 1089 564 1130 memoria
589 1089 862 1142 studiumque
894 1092 1153 1143 permaneat.
1202 1089 1331 1130 Libet
1357 1093 1500 1130 autem

158 1162 324 1202 semper
364 1147 542 1202 discere,
587 1150 634 1188 ut
667 1148 703 1188 si
735 1147 863 1188 velim
900 1162 979 1202 ego
1017 1147 1116 1188 talis
1156 1147 1316 1202 optime
1354 1148 1499 1188 ludere

157 1209 232 1246 aut
255 1206 367 1260 pilae
403 1206 545 1247 studio
576 1208 735 1259 tenear,
767 1206 896 1246 etiam
921 1206 1118 1259 fortasse,
1149 1206 1186 1247 si
1218 1206 1388 1260 assequi
1412 1208 1504 1247 non*

104 1282 138 1306 20
157 1264 337 1318 possim3
381 1267 426 1304 at
463 1264 536 1304 alii
574 1264 673 1317 quia
713 1264 927 1317 praeclare
969 1264 1150 1317 faciunt,
1194 1264 1500 1318 vehementius,

158 1337 287 1376 quam
313 1337 441 1363 causa
465 1322 670 1376 postulat,
697 1322 973 1375 delectantur,
998 1325 1047 1362 ut
1072 1322 1211 1363 Titius
1237 1323 1326 1377 pila
1351 1323 1499 1363 Brulla

157 1380 268 1421 tah's.
331 1379 468 1428 Quare
500 1380 608 1420 nihil
647 1383 711 1420 est
749 1381 863 1433 quod
897 1381 1122 1434 quisquam
1160 1381 1499 1435 magnitudinem
1526 1393 1570 1424 Si}

158 1439 315 1480 artium
346 1453 397 1479 ex
428 1452 490 1491 eo,
522 1438 635 1493 quod
667 1453 787 1479 senes
814 1438 994 1492 discunt,
1024 1439 1311 1492 pertimescat.
1371 1438 1501 1480 Nam—

158 1511 238 1551 que
271 1500 345 1538 aut
374 1511 494 1537 senes
522 1497 574 1537 ad
600 1511 670 1537 eas
704 1499 973 1538 accesserunt
1005 1499 1079 1537 aut
1110 1512 1244 1551 usque
1278 1498 1330 1538 ad
1362 1512 1500 1538 senec-

105 1571 138 1597 25
157 1558 296 1596 tutem
327 1555 372 1596 in
404 1555 557 1596 studiis
590 1555 833 1596 detinentur
871 1558 944 1596 aut
976 1558 1076 1596 sunt
1107 1555 1353 1596 tardissimi.
1413 1555 1500 1596 Res

158 1614 329 1668 quidem
355 1628 399 1655 se
425 1628 520 1655 mea
552 1614 764 1654 sententia
790 1613 849 1655 sic
875 1613 1018 1666 habet,
1049 1616 1109 1667 ut,
1139 1614 1223 1654 nisi
1250 1614 1364 1668 quod
1390 1614 1501 1668 quis-

159 1687 239 1726 que
272 1672 358 1713 cito
389 1672 591 1726 potuerit,
624 1687 843 1726 nunquam
876 1672 1048 1713 omnino
1081 1672 1219 1726 possit
1250 1672 1499 1726 perdisceie.

157 1730 262 1784 lam,
290 1730 390 1784 iam,
420 1730 562 1784 inquit
589 1728 780 1784 Catulus,
805 1730 1022 1785 intellego,
1049 1729 1212 1784 Crasse
1239 1731 1340 1784 quid
1366 1731 1500 1785 dicas,

159 1791 202 1829 et
232 1764 403 1830 liercule
437 1789 656 1829 assentior
720 1788 834 1830 Satis
861 1788 983 1830 video
1015 1789 1097 1829 tibi
1128 1789 1294 1830 homini
1327 1790 1379 1830 ad
1409 1804 1500 1843 per-

106 1863 140 1889 30
160 1847 406 1888 discendum
427 1847 632 1888 acerrimo
648 1848 700 1888 ad
714 1862 763 1888 ea
783 1847 1090 1902 cognoscenda,
1110 1862 1217 1902 quae
1232 1847 1349 1901 dicis,
1368 1847 1499 1888 fuisse

160 1905 376 1959 temporis.
426 1905 643 1960 Pergisne,
674 1906 814 1959 inquit
841 1904 1032 1959 Crassus,
1058 1920 1124 1946 me
1151 1920 1258 1958 quae
1285 1906 1423 1946 dicam
1450 1906 1500 1946 de

160 1977 240 2017 me,
269 1977 357 2004 non
388 1963 437 2004 de
468 1978 513 2004 re
545 1967 695 2018 putare
728 1964 896 2005 dicere?
945 1963 1027 2004 Sed
1056 1964 1162 2017 iam,
1197 1963 1233 2004 si
1263 1964 1417 2018 placet,
1449 1964 1501 2004 ad

159 2021 361 2062 instituta
386 2022 618 2063 redeamus.
679 2021 788 2062 Mihi
818 2036 932 2075 vero,
964 2020 1142 2062 Catulus
1167 2022 1321 2076 inquit,
1349 2022 1500 2076 placet.

276 2079 387 2120 Tum
418 2078 614 2121 Crassus:
659 2080 873 2129 Quorsum
908 2080 1044 2135 igitur
1080 2080 1186 2121 haec
1219 2084 1403 2134 spectat,
1439 2081 1500 2120 in*
1526 2091 1566 2120 91

107 2155 139 2180 35
161 2138 271 2193 quit,
317 2142 407 2179 tam
449 2138 580 2193 longa
625 2141 667 2179 et
709 2142 798 2180 tam
842 2139 927 2179 alte
969 2138 1153 2192 repetita
1191 2139 1357 2179 oratio?
1408 2138 1500 2178 Hae

161 2197 267 2238 duae
293 2200 451 2250 partes,
477 2210 583 2250 quae
604 2197 709 2238 mihi
730 2200 970 2251 supersunt,
994 2196 1272 2238 illustrandae
1294 2196 1500 2237 orationis

162 2269 210 2296 ac
241 2255 377 2296 totius
410 2255 677 2308 eloquentiae
709 2255 999 2309 cumulandae,
1040 2270 1219 2309 quarum
1252 2255 1386 2295 altera
1418 2253 1501 2294 dici

1514 1710 1571 1750 24

1491 1765 1572 1808 ’90
