1643 2526
171 106 228 146 42
679 105 742 139 DE
769 104 996 140 ORATOR-E

171 200 362 242 omnium
394 203 436 241 et
467 199 691 254 disciplina
719 199 825 240 iuris
858 199 994 241 civilis
1027 199 1340 241 eruditissimus
1373 202 1416 241 et
1445 200 1507 241 in-

172 258 296 313 genio
340 258 648 312 prudentiaque
692 258 964 299 acutissimus
1006 260 1049 299 et
1089 257 1281 299 oratione
1323 258 1506 300 maxime

170 317 344 357 limatus
372 319 498 369 atque
525 315 694 371 suptilis
722 319 862 371 atque,
892 319 940 357 ut
966 330 1046 371 ego
1079 316 1194 357 soleo
1221 316 1371 371 dicere,
1401 316 1506 357 iuris

170 375 405 429 peritorum
431 374 817 428 eloquentissimus,
848 374 1139 428 eloquentium
1170 374 1274 415 iuris
1300 374 1506 429 peritissi-

171 448 278 487 mus,
303 447 353 473 ex
374 432 533 486 scripto
558 435 915 473 testamentorum
939 432 1034 473 iura
1054 431 1296 473 defenderet
1314 436 1508 487 negaret—

172 506 265 545 que,
294 491 378 531 nisi
408 494 635 544 postumus
661 494 704 532 et
728 494 854 531 natus
888 494 941 545 et,
974 493 1202 544 antequam
1226 491 1272 531 in
1297 505 1419 532 suam
1443 494 1507 532 tu-

170 549 301 590 telam
326 549 501 603 veniret,
532 551 725 590 mortuus
752 552 877 603 esset,
907 548 1104 589 heredem
1131 563 1227 589 eum
1253 563 1344 590 esse
1369 563 1507 603 posse,

172 608 244 660 qui
276 610 387 648 esset
420 607 651 648 secundum
682 610 930 661 postumum
962 610 1005 647 et
1035 610 1185 648 natum
1217 610 1260 648 et
1290 610 1507 648 mortuum

169 666 291 706 heres
322 666 567 720 institutus3
599 679 679 720 ego
706 668 849 706 autem
881 665 1146 706 defenderem
1177 680 1274 706 eum
1304 665 1384 707 hac
1415 668 1508 707 tum

170 727 311 764 mente
343 724 493 777 fuisse,
534 723 606 777 qui
643 726 949 764 testamentum
985 723 1175 778 fecisset,
1213 727 1279 778 ut,
1320 724 1356 764 si
1392 724 1506 765 filius

169 796 257 822 non
282 785 406 836 esset,
432 782 504 835 qui
530 782 575 822 in
601 797 721 823 suam
740 782 920 822 tutelam
939 781 1114 836 veniret,
1139 781 1194 822 Μ’
1217 781 1369 823 Curius
1396 785 1508 824 esset

170 840 311 894 heres,
350 855 453 880 num
491 840 657 881 destitit
694 843 871 893 uterque
909 843 1106 881 nostrum
1141 840 1187 880 in
1225 855 1274 881 ea
1305 855 1433 881 causa
1462 840 1508 881 in

171 898 514 953 auctoritatibus,
537 898 583 938 in
609 898 824 952 exemplis,
848 898 894 938 in
918 901 1275 939 testamentorum
1299 898 1509 953 formulis,

170 957 251 998 hoc
290 960 373 1011 est,
415 957 460 997 in
498 957 636 997 medio
680 957 771 998 iure
811 956 925 998 civili
962 956 1150 997 versari?
1213 955 1377 998 Omitto
1421 957 1507 998 iam

169 1016 294 1069 plura
338 1015 530 1069 exempla
574 1030 797 1056 causarum
838 1014 1216 1070 amplissimarum,
1260 1029 1366 1068 quae
1408 1018 1508 1056 sunt

169 1073 514 1127 innumerabilia3
558 1073 710 1126 capitis
741 1073 879 1114 nostri
911 1087 1034 1127 saepe
1066 1076 1209 1126 potest
1241 1073 1429 1114 accidere
1461 1076 1509 1114 ut

171 1146 321 1172 causae
354 1134 576 1171 versentur
612 1131 658 1171 in
694 1131 796 1171 iure.
858 1130 916 1171 Et
953 1131 1067 1171 enim
1105 1131 1141 1171 si
1174 1129 1217 1171 C.
1248 1130 1508 1185 Mancinum,

169 1189 487 1230 nobilissimum
520 1192 645 1242 atque
676 1189 886 1243 optimum
911 1189 1049 1229 virum
1075 1192 1202 1242 atque
1229 1190 1508 1243 consularem,

171 1261 300 1300 quom
331 1250 508 1301 propter
538 1247 742 1288 invidiam
773 1247 1028 1287 Numantini
1066 1247 1248 1288 foederis
1285 1251 1407 1301 pater
1437 1263 1508 1301 pa-

170 1308 309 1346 tratus
342 1320 392 1346 ex
425 1304 465 1346 S.
487 1304 531 1346 C.
551 1304 828 1346 Numantinis
862 1305 1091 1346 dedidisset
1122 1319 1301 1358 eumque
1332 1305 1396 1346 illi
1421 1320 1508 1346 non

170 1364 430 1417 recepissent
461 1366 693 1417 posteaque
719 1363 942 1404 Mancinus
974 1364 1147 1404 domum
1178 1363 1410 1405 revenisset
1440 1378 1509 1404 ne-

171 1436 251 1475 que
282 1422 328 1462 in
359 1425 559 1462 senatum
584 1422 762 1463 introire
795 1422 1046 1475 dubitasset,
1082 1420 1126 1462 P
1158 1421 1348 1462 Rutilius
1379 1421 1434 1462 M.
1461 1421 1507 1462 F.

170 1480 367 1520 tribunus
400 1480 537 1534 plebis
569 1480 696 1521 iussit
727 1479 861 1533 educi,
893 1480 1004 1533 quod
1036 1494 1132 1520 eum
1165 1480 1300 1521 civem
1330 1483 1508 1534 negaret

170 1553 281 1593 esse,
324 1538 423 1591 quia
460 1538 666 1579 memoria
703 1538 763 1579 sic
802 1541 914 1578 esset
949 1537 1184 1592 proditum,
1225 1552 1350 1591 quem
1385 1541 1508 1592 pater

171 1611 272 1636 suus
305 1599 379 1637 aut
410 1596 593 1650 populus
623 1596 880 1636 vendidisset
913 1599 987 1636 aut
1019 1599 1140 1649 pater
1170 1598 1365 1649 patratus
1397 1596 1508 1637 dedi-

102 1654 315 1706 182disset‚
346 1654 385 1694 ei
415 1654 581 1694 nullum
613 1668 705 1694 esse
736 1653 1067 1707 postliminium:
1118 1667 1245 1706 quam
1278 1668 1506 1707 possumus

100 934 156 975 40

102 1003 165 1034 181

1528 741 1561 766 10

1529 1030 1561 1056 15

1527 1322 1560 1346 20

1528 1611 1560 1637 25

169 1712 353 1765 reperire
380 1726 430 1752 ex
457 1712 653 1752 omm'bus
680 1711 807 1752 rebus
840 1711 1037 1752 civilibus
1070 1726 1242 1752 causam
1273 1713 1507 1753 contentio·
1535 1714 1542 1721 '

168 1784 349 1823 nemque
376 1770 581 1810 maiorem
608 1784 735 1823 quam
761 1770 811 1810 de
838 1769 994 1823 ordine,
1020 1769 1069 1810 de
1091 1769 1281 1823 civitate,
1307 1770 1356 1811 de
1382 1770 1506 1811 liber-

170 1831 277 1881 tate,
318 1828 367 1868 de
407 1828 543 1882 capite
582 1827 787 1881 hominis,
828 1827 1062 1869 consularis
1100 1828 1370 1882 praesertim,
1410 1843 1506 1869 cum

169 1886 273 1927 haec
304 1900 392 1927 non
422 1886 468 1926 in
499 1886 674 1927 crimine
707 1886 863 1939 aliquo,
895 1886 1008 1938 quod
1040 1885 1109 1925 iile
1141 1889 1287 1939 posset
1317 1886 1506 1941 infitiari,

171 1944 244 1984 sed
285 1944 332 1984 in
372 1944 485 1985 civili
525 1944 616 1984 iure
662 1943 943 1985 consisteret?
994 1942 1215 1998 Similique
1259 1944 1305 1984 in
1342 1958 1507 1999 genere,

169 2002 369 2042 inferiore
397 2002 555 2056 ordine,
587 2002 623 2042 si
655 2002 749 2055 quis
782 2002 893 2055 apud
924 2015 1001 2042 nos
1035 2002 1235 2043 servisset
1266 2016 1316 2043 ex
1346 2003 1505 2057 populo

169 2059 387 2100 foederato
427 2074 601 2113 seseque
638 2059 864 2101 liberasset
906 2062 949 2100 et
991 2063 1141 2113 postea
1185 2060 1358 2101 domum
1394 2075 1506 2101 reve-

169 2118 323 2172 nisset,
360 2118 645 2171 quaesitumst
683 2118 793 2171 apud
830 2117 1011 2158 maiores
1048 2120 1220 2159 nostros
1251 2133 1354 2159 num
1384 2118 1421 2159 is
1454 2119 1506 2159 ad

170 2190 270 2217 suos
301 2176 567 2230 postliminio
604 2176 784 2216 ledisset
816 2178 858 2216 et
889 2175 1103 2216 amisisset
1134 2176 1243 2217 hanc
1276 2176 1504 2217 civitatem

103 2233 310 2282 183Quid?
343 2234 392 2275 de
423 2234 634 2288 libertate,
667 2248 750 2287 quo
782 2233 986 2274 iudicium
1019 2234 1190 2288 glavius
1222 2248 1313 2275 esse
1341 2234 1506 2275 nullum

169 2295 330 2347 potest,
376 2306 517 2333 nonne
561 2306 612 2333 ex
654 2292 744 2332 iure
789 2291 902 2333 civili
945 2294 1090 2345 potest
1140 2306 1230 2333 esse
1276 2292 1506 2347 contentio,

1526 1903 1560 1928 30

1525 2192 1558 2218 35
