1643 2526
159 89 215 131 28
669 86 733 121 DE
761 85 986 121 ORATORE

160 183 311 238 Neque
338 183 464 235 enim,
489 183 525 224 si
551 182 782 223 multitudo
807 181 963 235 litium,
993 181 1030 222 81
1054 180 1238 222 varietas
1264 194 1500 234 causarum,

161 243 197 284 si
228 243 332 284 haec
363 242 492 283 turba
517 244 559 282 et
583 240 784 282 barbaria
808 239 990 281 forensis
1016 239 1089 280 dat
1118 239 1260 280 locum
1285 238 1352 280 vel
1376 238 1500 279 vitio-

164 301 345 342 sissimis
384 299 646 353 oratoribus,
681 298 839 339 idcirco
876 312 955 339 nos
992 297 1062 338 hic
1103 297 1216 350 quod
1257 296 1499 350 quaerimus

163 359 422 400 omittemus.
465 358 617 411 Itaque
635 357 682 397 in
700 357 753 398 iis
775 356 952 410 artibus,
976 356 1022 396 in
1048 355 1202 409 quibus
1223 369 1308 395 non
1332 354 1498 395 utilitas

163 417 383 471 quaeritur
407 415 647 457 necessaria
673 415 745 456 sed
772 415 903 456 animi
927 415 1063 455 libera
1089 413 1295 468 quaedam
1317 412 1499 454 oblecta·
1519 428 1535 453 5

162 476 243 530 tio,
280 490 408 529 quam
446 474 673 529 diligenter
710 476 753 514 et
794 488 922 527 quam
960 486 1092 526 prope
1134 471 1356 512 fastidiose
1395 470 1501 511 iudi-

163 535 325 576 camus!
375 532 530 574 Nullae
569 532 682 573 enim
721 531 819 572 lites
859 545 996 584 neque
1036 530 1350 571 controversiae
1388 532 1502 583 811111,

163 607 270 646 (11136
297 594 454 647 cogant
478 591 673 631 homines
702 589 812 631 sicut
837 589 883 630 111
914 589 1008 630 foro
1033 603 1121 629 non
1145 588 1283 629 bonos
1310 590 1500 629 oratores

94 651 267 692 119item
309 650 356 691 in
398 650 566 691 theatro
612 651 778 690 actores
822 647 958 688 malos
1000 647 1177 701 perpeti.
1243 646 1325 687 Est
1367 645 1502 701 igitur

165 709 325 750 oratori
351 708 578 763 diligenter
602 706 922 761 providendum,
946 719 1031 746 non
1057 705 1122 745 uti
1149 704 1208 745 eis
1229 704 1334 745 satis
1361 703 1503 759 faciat,
1522 719 1556 745 ιο

164 767 319 821 quibus
338 781 511 807 necesse
532 768 609 819 est,
635 765 707 805 sed
726 765 789 805 uti
814 764 882 805 his
903 763 1166 805 admirabilis
1188 777 1279 804 esse
1298 762 1504 817 Videatur,

165 826 320 879 quibus
350 825 483 865 libere
515 824 643 865 liceat
672 823 871 863 iudicare.
932 822 1014 875 Ac,
1051 822 1087 862 si
1120 821 1342 875 quaeritis,
1377 820 1503 874 plane

165 883 266 937 quid
293 883 475 924 sentiam
502 881 735 922 enuntiabo
763 881 875 935 apud
898 880 1093 921 homines
1120 879 1505 932 familiarissumos,

166 942 279 995 quod
311 941 448 982 adhuc
481 954 647 993 semper
678 939 794 980 tacui
826 942 868 979 et
906 938 1133 979 tacendum
1163 937 1322 991 putavi.
1383 936 1504 992 Mihi,

165 1000 295 1041 etiam
340 999 411 1053 qui
456 998 616 1052 optime
660 997 807 1038 dicunt
851 996 1007 1051 quique
1049 996 1093 1037 id
1135 995 1336 1037 facillime
1375 998 1502 1049 atque
1523 1010 1557 1036 15

166 1057 437 1099 ornatissime
468 1057 607 1097 facere
638 1058 838 1109 possunt,
868 1058 1030 1108 tamen,
1065 1054 1149 1094 nisi
1181 1054 1330 1095 timide
1362 1054 1415 1095 ad
1447 1053 1504 1094 di-

166 1117 346 1158 cendum
372 1115 578 1156 accedunt
604 1117 646 1154 et
671 1114 715 1154 in
742 1113 943 1154 ordienda
970 1113 1161 1153 oratione
1187 1112 1506 1166 perturbantur,

165 1189 298 1229 paene
334 1174 604 1227 impudentes
642 1172 856 1226 videntur3
893 1171 1066 1211 tametsi
1106 1171 1149 1211 id
1189 1170 1377 1211 accidere
1417 1184 1504 1210 non

98 1235 321 1287 12opotest.
384 1231 443 1272 Ut
486 1231 599 1272 enim
640 1230 819 1284 quisque
861 1230 1021 1283 optime
1059 1228 1179 1282 dicit,
1218 1229 1281 1269 ita
1321 1228 1503 1269 maxime

166 1290 331 1333 dicendi
376 1289 673 1331 difficultatem
716 1287 940 1341 variosque
975 1290 1150 1328 eventus
1190 1286 1397 1328 orationis
1438 1301 1505 1327 ex-
1523 1302 1558 1328 20

165 1349 537 1404 pectationemque
568 1347 791 1388 hominum
821 1345 1096 1400 pertimescit.
1153 1345 1236 1394 Qui
1266 1359 1366 1386 vero
1397 1344 1506 1385 nihil

165 1410 309 1462 potest
350 1407 527 1461 dignum
566 1420 630 1459 re,
667 1405 844 1459 dignum
880 1404 1052 1445 nomine
1091 1403 1292 1457 oratoris,
1329 1403 1505 1457 dignum

165 1466 389 1507 hominum
415 1465 589 1505 auribus
616 1463 782 1504 efficere
809 1466 936 1517 atque
962 1463 1095 1515 edere,
1125 1462 1162 1503 is
1188 1461 1307 1515 1111111,
1338 1461 1505 1502 611311181

167 1526 458 1566 commovetur
483 1523 529 1563 in
554 1522 744 1576 dicendo,
769 1524 913 1562 tamen
937 1520 1161 1574 impudens
1186 1519 1364 1560 videtur.
1404 1518 1505 1560 Non

166 1583 280 1624 enim
317 1581 511 1623 faciendo
545 1580 684 1621 solum
716 1579 829 1632 quod
860 1580 981 1620 decet
1012 1579 1085 1619 sed
1114 1591 1202 1618 non
1232 1577 1425 1618 faciendo
1459 1577 1504 1618 id
1523 1591 1558 1618 25

167 1641 280 1694 quod
305 1654 392 1680 non
418 1639 538 1680 decet
566 1637 855 1691 impudentiae
886 1651 1043 1677 nomen
1074 1636 1258 1690 effugere
1290 1636 1504 1676 debemus.

98 1698 302 1747 121Quem
320 1711 420 1739 vero
439 1711 527 1737 non
550 1696 681 1750 pudet
709 1719 758 1724 —-
787 1695 830 1735 id
856 1695 969 1748 quod
992 1695 1038 1735 in
1055 1694 1268 1748 plerisque
1293 1693 1416 1734 video
1440 1718 1505 1748 —‚

164 1757 278 1798 hunc
310 1770 390 1811 ego
423 1769 510 1796 non
547 1753 875 1808 reprehensione
914 1753 1053 1793 solum
1085 1753 1158 1793 sed
1198 1752 1326 1793 etiam
1366 1766 1505 1806 poena

166 1815 342 1870 dignum
368 1816 485 1868 puto.
528 1812 740 1866 Equidem
773 1814 815 1852 61
845 1811 891 1851 111
915 1811 1037 1851 vobis
1065 1810 1254 1851 animum
1286 1810 1503 1851 advertere

167 1873 282 1914 soleo
325 1875 367 1913 et
408 1872 455 1912 in
496 1885 563 1911 me
601 1871 695 1924 ipso
734 1869 980 1923 saepissime
1018 1869 1230 1923 experior,
1272 1871 1321 1908 ut
1358 1871 1400 1909 et
1438 1883 1504 1909 ex·
1522 1883 1558 1908 30

167 1931 380 1972 albescam
416 1930 463 1970 in
498 1928 721 1983 principiis
765 1927 929 1969 dicendi
972 1930 1015 1968 et
1057 1930 1153 1968 tota
1196 1930 1337 1968 11161116
1377 1929 1504 1980 atque

167 1989 346 2030 artubus
381 1988 579 2029 omnibus
611 1989 957 2028 contremescam.
1013 1984 1372 2026 Adulescentulus
1403 1999 1504 2025 vero

167 2047 227 2088 sic
258 2046 383 2091 initio
417 2045 702 2087 accusationis
741 2044 1008 2085 exanimatus
1049 2058 1161 2097 sum,
1196 2046 1245 2084 ut
1281 2042 1362 2084 hoc
1395 2057 1505 2084 sum-

164 2120 282 2146 mum
312 2104 566 2146 beneficium
598 2102 645 2151 Q.
670 2102 859 2143 Maximo
885 2101 1120 2155 debuerim,
1152 2101 1265 2155 quod
1297 2100 1499 2142 continuo

165 2163 391 2205 consilium
412 2161 633 2215 dimiserit,
653 2161 780 2202 simul
801 2175 849 2201 ac
869 2175 936 2201 me
955 2159 1140 2201 fractum
1161 2174 1209 2201 ac
1229 2159 1499 2208 debilitatum
1518 2174 1556 2200 35

165 2225 282 2263 metu
313 2220 478 2262 viderit.

95 2291 159 2321 122
280 2279 364 2321 Hic
398 2293 543 2320 omnes
571 2277 733 2319 assensi
766 2276 1006 2332 significare
1037 2276 1150 2317 inter
1182 2290 1272 2317 sese
1304 2277 1348 2316 et
1378 2274 1504 2316 collo-
