1643 2526
122 522 175 563 13

120 590 163 621 55

121 904 164 938 56

122 1373 165 1404 57

125 1955 167 1987 58

190 99 246 140 14
700 97 764 132 DE
792 97 1018 133 ORATORE

188 208 261 236 cus
293 193 648 248 philosophorum
679 193 878 248 proprius
909 193 1077 235 videtur
1115 208 1251 248 neque
1285 198 1430 236 orator
1461 209 1528 237 me

189 255 360 294 auct-ore
380 266 570 307 unquam
589 252 863 307 repugnabit,
889 253 962 293 sed
982 266 1110 307 quom
1128 252 1216 294 illis
1237 253 1528 309 cognitionem

187 325 331 352 rerum
363 309 631 362 concesserit,
667 311 780 365 quod
803 311 849 351 in
875 325 924 352 ea
950 312 1089 352 solum
1120 311 1184 352 illi
1209 312 1423 353 voluerint
1448 312 1529 353 ela-

191 370 355 424 borare,
374 369 676 410 tractationem
696 369 915 423 orationis,
936 385 1041 423 quae
1063 369 1152 410 sine
1172 369 1247 411 illa
1267 373 1331 412 est
1351 370 1529 412 scientia

188 428 320 483 nulla,
352 427 435 469 sibi
462 432 666 481 assumet3
698 428 779 468 1100
814 428 961 479 [enim]
995 432 1061 469 est
1091 425 1313 482 propriu'm
1345 429 1526 470 oratoris
1545 444 1562 470 5

192 487 306 540 quod
332 500 456 540 saepe
481 486 568 527 iam
593 486 697 526 dixi:
731 486 868 527 oratio
902 486 1044 541 gravis
1071 489 1113 527 et
1146 490 1298 528 ornata
1328 492 1370 528 et
1394 487 1529 528 homi—

189 559 294 586 num
326 545 522 586 sensibus
555 559 603 586 ac
635 544 850 585 mentibus
885 545 1217 586 accommodata.
1281 545 1445 594 Quibus
1478 545 1528 587 de

189 604 315 644 rebus
350 603 625 644 Aristotelem
664 606 706 644 et
738 602 1081 657 Theophrastum
1120 603 1341 658 scripsisse
1378 604 1528 645 fateor.

192 660 275 703 Sed
305 661 399 702 vide
430 676 483 702 ne
509 662 602 715 1100,
635 659 849 715 Scaevola,
880 665 1022 703 totum
1049 662 1105 702 sit
1131 677 1155 703 a
1180 677 1257 703 me.
1308 662 1422 704 Nam
1448 676 1527 718 ego

192 735 298 773 quae
326 722 425 761 sunt
452 719 612 760 oratori
639 734 734 761 cum
764 719 851 760 illis
885 720 1128 761 communia
1157 735 1245 761 non
1275 724 1448 762 mutuor
1474 721 1527 762 ab
1549 737 1581 762 10

190 778 294 833 illis3
336 778 411 819 isti
450 778 522 831 qui
560 778 609 818 de
646 778 700 818 iis
737 778 864 819 rebus
903 778 1123 833 disputant
1166 779 1270 820 haec
1309 782 1530 820 oratorum

192 851 283 878 esse
316 837 564 878 concedunt.
626 836 776 890 Itaque
815 839 977 878 ceteros
1015 837 1148 878 libros
1189 837 1292 878 artis
1325 852 1425 879 suae
1456 852 1529 878 no-

191 895 322 950 mine,
363 896 441 935 hos
478 894 716 935 rhetoricos
755 897 797 935 et
834 894 1074 936 inscribunt
1106 899 1149 936 et
1180 895 1409 950 appellant.
1470 895 1529 937 Et

192 954 305 995 enim
337 967 466 1007 quom
503 953 567 994 illi
604 952 649 993 in
687 953 862 994 dicendo
892 953 1121 995 inciderint
1152 953 1254 1008 loci,
1295 954 1408 1008 quod
1438 969 1531 1008 per-

193 1026 317 1066 saepe
338 1011 490 1065 evenit,
515 1014 563 1052 ut
583 1012 632 1052 de
654 1011 717 1052 dis
740 1011 1068 1066 immortalibus,
1095 1013 1144 1053 de
1164 1012 1338 1066 pietate,
1363 1012 1413 1053 de
1434 1026 1529 1054 con·
1549 1027 1583 1054 15

193 1070 348 1124 cordia,
369 1070 417 1111 de
439 1069 641 1123 amicitia,
661 1070 710 1110 de
732 1070 947 1110 communi
968 1070 1136 1125 civium,
1156 1071 1205 1111 (16
1225 1071 1461 1125 hominum,
1480 1071 1530 1112 de

194 1129 386 1184 gentium
405 1128 510 1182 iure,
535 1128 584 1168 de
605 1128 832 1182 aequitate,
858 1129 907 1169 de
927 1129 1223 1183 temperantia,
1248 1129 1297 1170 de
1318 1129 1531 1184 magnitu-

193 1187 288 1228 dine
321 1186 465 1241 animi,
497 1186 546 1227 de
574 1187 689 1227 omni
716 1186 888 1227 virtutis
915 1201 1068 1241 genere
1101 1187 1157 1228 sit
1183 1187 1418 1242 dicendum,
1450 1188 1531 1229 cla-

192 1246 372 1286 mabunt
411 1245 534 1286 credo
574 1245 716 1286 omnia
752 1245 975 1300 gymnasia
1006 1249 1134 1300 atque
1167 1259 1312 1287 omnes
1344 1245 1531 1300 philoso-

191 1303 376 1358 phorum
414 1303 583 1344 scholae
622 1318 698 1344 sua
736 1318 827 1344 esse
865 1304 968 1345 haec
1010 1303 1153 1345 omnia
1190 1303 1383 1359 propria,
1421 1304 1530 1345 nihil
1550 1321 1584 1346 20

194 1362 367 1403 omnino
401 1362 453 1402 ad
485 1365 696 1403 oratorem
728 1361 951 1415 pertinere.
1009 1362 1173 1411 Quibus
1205 1377 1285 1417 ego
1317 1365 1366 1403 ut
1396 1362 1446 1403 de
1476 1362 1530 1404 iis

191 1421 319 1462 rebus
350 1420 396 1460 in
428 1420 596 1475 angulis
629 1420 904 1462 consumendi
937 1420 999 1462 oti
1031 1435 1159 1462 causa
1190 1420 1402 1462 disserant
1434 1435 1531 1463 cum

193 1493 461 1533 concessero,
496 1479 603 1519 illud
641 1482 785 1520 tamen
825 1479 985 1519 oratori
1022 1479 1211 1520 tribuam
1243 1482 1285 1520 et
1317 1479 1446 1533 dabo,
1482 1482 1532 1536 ut

193 1538 358 1592 eadem,
399 1537 448 1578 de
490 1537 644 1590 quibus
682 1537 745 1577 illi
782 1537 901 1577 tenui
939 1537 1122 1590 quodam
1160 1541 1202 1578 et
1234 1537 1417 1592 exangui
1449 1552 1531 1578 ser-

193 1610 317 1637 mone
346 1596 579 1650 disputant,
602 1595 672 1636 hic
698 1610 794 1636 cum
821 1594 936 1635 omni
960 1595 1223 1636 iucunditate
1250 1598 1292 1636 et
1318 1595 1529 1650 gravitate
1550 1611 1585 1638 25

193 1654 386 1708 explicet.
436 1653 553 1695 Haec
579 1667 658 1708 ego
685 1667 781 1694 cum
805 1653 910 1707 ipsis
942 1653 1211 1707 philosophis
1246 1655 1374 1705 [tum]
1400 1653 1532 1695 Athe-

192 1712 259 1754 nis
299 1711 571 1752 disserebam.
633 1709 826 1766 Cogebat
868 1711 981 1752 enim
1017 1726 1084 1753 me
1116 1711 1171 1752 M.
1202 1712 1430 1753 Marcellus
1461 1712 1532 1754 hic

193 1774 359 1824 noster,
401 1770 472 1824 qui
509 1784 621 1810 nunc
660 1769 806 1810 aedilis
840 1769 999 1811 curulis
1031 1773 1095 1811 est
1127 1773 1170 1811 et
1200 1770 1412 1825 profecto,
1446 1770 1531 1812 nisi

193 1829 316 1869 ludos
347 1843 460 1870 nunc
491 1828 662 1882 faceret,
692 1827 791 1869 huic
815 1831 964 1869 nostro
992 1828 1177 1869 sermoni
1208 1828 1452 1884 interesset,
1482 1843 1531 1870 ac

193 1887 280 1928 iam
317 1890 411 1928 tum
448 1890 540 1927 erat
577 1886 919 1927 adulescentulus
958 1886 1024 1927 his
1058 1886 1209 1928 studiis
1250 1886 1426 1928 mirifice
1465 1887 1531 1929 de·
1549 1903 1586 1929 30

195 1946 321 1986 ditus.
371 1945 464 1986 Iam
489 1959 589 1986 vero
622 1945 671 1986 de
703 1945 870 2000 legibus
897 1944 1078 1998 tuendis,
1110 1945 1159 1985 de
1184 1945 1310 2000 bello,
1342 1946 1390 1986 de
1416 1960 1532 2000 pace,

195 2004 245 2044 de
272 2003 411 2058 sociis,
443 2003 492 2044 de
517 2003 813 2058 vectigalibus,
845 2003 894 2043 de
925 2003 1015 2043 iure
1042 2003 1199 2044 civium
1226 2003 1462 2058 generatim
1486 2003 1532 2044 in

196 2061 363 2103 ordines
397 2037 658 2116 aetatesquer>
675 2061 879 2115 discripto
912 2061 1055 2102 dicant
1085 2061 1151 2102 vel
1185 2061 1354 2115 Graeci,
1394 2062 1430 2102 si
1461 2076 1533 2103 vo-

195 2121 308 2174 lunt,
342 2119 587 2174 Lycurgum
618 2123 661 2160 et
693 2119 893 2161 Solonem
924 2144 981 2148 —
1013 2133 1270 2174 quamquam
1307 2095 1404 2160 11106
1444 2119 1532 2174 qui-

196 2179 292 2220 dem
324 2192 542 2220 censemus
572 2178 619 2218 in
649 2192 824 2219 1111111610
858 2178 1148 2231 eloquentium
1179 2178 1442 2232 leponendos
1478 2201 1526 2207 —
1549 2193 1585 2219 35

198 2237 327 2279 scisse
353 2236 504 2277 melius
532 2251 658 2290 quam
684 2237 751 2291 H)
755 2236 943 2290 peridem
969 2239 1043 2277 aut
1067 2236 1414 2290 Demosthenem,
1440 2250 1532 2290 per-

196 2296 332 2338 fectos
357 2295 444 2336 iam
468 2295 663 2336 homines
689 2295 735 2336 in
760 2294 935 2336 dicendo
963 2297 1006 2335 et
1029 2295 1278 2350 perpolitos,
1303 2294 1369 2336 vel
1393 2294 1531 2335 nostri
