1643 2526
178 78 263 120 202
688 80 750 114 DE
778 79 1002 115 ORATORE

111 174 546 215 155incurvescere.
607 174 776 216 Tertius
808 175 880 216 ille
912 175 1063 216 modus
1089 174 1372 217 transferendi
1396 176 1515 218 verbi

177 233 263 273 late
304 235 442 287 patet,
482 247 608 286 quem
647 234 880 275 necessitas
920 234 1067 289 genuit
1103 233 1248 288 inopia
1287 237 1435 275 coacta
1472 238 1515 276 et

179 291 410 346 angustiis,
458 294 557 345 post
609 295 751 333 autem
799 292 1041 333 iucunditas
1092 292 1403 346 delectatioque
1454 307 1516 334 ce-

177 349 372 390 lebravit.
433 348 546 390 Nam
577 353 626 391 ut
657 351 787 391 vestis
819 350 993 406 frigoris
1026 350 1260 405 depellendi
1294 365 1422 392 causa
1454 365 1515 392 re-

176 411 300 462 perta
344 407 503 462 primo,
548 411 648 462 post
692 409 883 450 adhiberi
921 412 1072 463 coepta
1109 412 1174 449 est
1218 409 1270 450 ad
1317 412 1550 451 ornatum5

178 466 308 507 etiam
340 466 529 521 corporis
562 470 604 508 et
636 467 907 522 dignitatem,
948 467 1009 508 sic
1040 466 1159 508 verbi
1190 467 1363 509 tralatio
1395 467 1516 508 insti-

176 527 272 565 tuta
299 527 364 565 est
389 524 559 579 inopiae
585 540 725 579 causa,
755 526 1027 579 frequentata
1051 525 1358 567 delectationis.
1401 525 1515 567 Nam

178 597 427 637 gemmare
459 583 600 638 vitis,
630 584 880 625 luxuriem
907 598 1015 625 esse
1046 584 1097 624 in
1128 584 1319 638 herbis,
1350 584 1513 625 laetas

178 644 379 696 segetes
421 641 551 682 etiam
590 642 741 683 rustici
782 642 938 684 dicunt.
1001 641 1122 690 Quod
1159 642 1272 683 enim
1310 642 1515 684 declarari

176 699 246 739 vix
277 700 407 740 verbo
438 700 612 754 proprio
643 704 804 755 potest,
840 701 885 741 id
921 700 1078 741 tralato
1117 716 1213 742 cum
1245 704 1310 741 est
1341 701 1515 755 dictum,
1534 717 1568 741 10
1641 708 1643 748 Ι

176 757 379 799 inlustrat
415 758 477 812 id,
515 759 627 811 quod
664 758 857 813 intellegi
894 759 1109 813 volumus,
1149 759 1239 800 eius
1270 759 1350 814 rei,
1387 774 1514 813 quam
1641 749 1643 804 l

110 815 316 857 156alieno
345 817 475 857 verbo
506 816 742 871 posuimus,
773 817 1019 858 similitudo.
1075 817 1193 872 Ergo
1219 817 1299 858 hae
1325 817 1515 858 tralatio-

174 888 249 914 nes
289 874 410 928 quasi
448 875 738 916 mutuationes
781 878 898 929 sunt,
943 890 1039 916 cum
1080 876 1192 929 quod
1228 890 1316 916 non
1355 875 1513 917 habeas

176 932 344 973 aliunde
384 947 545 987 sumas3
587 933 686 974 illae
722 934 851 988 paulo
891 934 1156 988 audaciores,
1193 948 1300 987 quae
1337 948 1425 975 non
1453 934 1515 974 in-

177 990 318 1044 opiam
343 991 572 1045 vindicant,
604 992 676 1032 sed
703 992 888 1032 orationi
921 992 1156 1046 splendoris
1189 992 1349 1046 aliquid
1380 1006 1515 1034 arces·
1535 1009 1567 1034 15

176 1052 293 1103 sunt3
326 1064 505 1103 quarum
532 1064 611 1104 ego
640 1049 740 1103 quid
771 1050 893 1091 vobis
926 1054 1000 1091 aut
1030 1050 1271 1092 inveniendi
1303 1051 1514 1092 rationem

178 1110 252 1147 aut
284 1121 440 1161 genera
469 1108 656 1161 ponam?

106 1141 160 1181 39

111 1210 171 1240 157

296 1164 597 1207 Similitudinis
630 1169 695 1207 est
722 1166 774 1207 ad
799 1166 976 1207 verbum
1009 1181 1139 1207 imum
1173 1170 1393 1208 contracta
1422 1167 1515 1208 bre-

175 1223 298 1278 vitas,
330 1224 443 1276 quod
467 1224 644 1265 verbum
669 1224 714 1264 in
741 1224 878 1265 alieno
904 1225 999 1266 loco
1026 1228 1231 1278 tanquam
1261 1225 1306 1265 in
1338 1239 1416 1266 suo
1442 1239 1514 1279 po-

179 1281 327 1334 situm,
366 1281 401 1322 si
434 1282 701 1337 agnoscitur,
738 1283 939 1333 delectat-3
985 1283 1020 1323 si
1053 1283 1190 1324 simile
1227 1283 1335 1324 nihil
1371 1283 1514 1338 habet,
1533 1300 1567 1325 20

175 1340 434 1393 repudiatur.
498 1339 579 1381 Sed
613 1356 661 1381 ea
692 1340 862 1381 traferri
895 1344 1083 1395 oportet,
1122 1356 1228 1395 quae
1261 1344 1335 1382 aut
1367 1341 1514 1382 cla-rio-

174 1412 264 1438 rem
296 1398 461 1439 faciunt
493 1414 595 1453 rem,
626 1403 674 1439 ut
705 1399 780 1440 illa
812 1399 971 1440 omnia:
997 1423 1003 1429 ·

892 1480 1213 1521 Inhorrescit
1244 1495 1397 1534 mare,

175 1537 432 1578 Tenebrae
460 1538 908 1592 conduplicantur,
931 1538 1201 1591 noctisque
1223 1541 1270 1578 et
1289 1538 1511 1579 nimbum

1020 1598 1259 1636 occaecat
1289 1596 1482 1651 nigror,
1533 1614 1566 1639 25

173 1653 397 1694 Flamma
427 1653 565 1694 inter
601 1654 760 1694 nubes
793 1657 1046 1707 coruscat,
1084 1653 1275 1694 caelum
1313 1654 1513 1695 tonitru

1019 1711 1313 1766 contremit,

175 1769 375 1810 Grando
420 1769 579 1810 mixta
621 1769 774 1810 imbri
818 1769 1061 1824 largifico
1108 1769 1277 1810 subita
1320 1770 1513 1824 praeci—

999 1827 1189 1881 pitans
1222 1828 1377 1882 cadit,

172 1885 404 1939 Undique
431 1899 604 1926 omnes
630 1885 770 1926 venti
798 1888 1085 1939 erumpunt,
1117 1886 1255 1926 saevi
1283 1886 1513 1927 existunt
1532 1904 1566 1928 30

1016 1944 1271 1985 turbines:

173 2001 352 2042 Fervit
384 2004 529 2042 aestu
560 2001 772 2057 pelagus
803 2025 860 2031 —-

175 2094 318 2134 omnia
355 2094 462 2148 fere,
506 2108 589 2148 quo
629 2098 772 2135 essent
809 2094 1006 2149 clariora,
1050 2095 1217 2135 tralatis
1255 2109 1330 2149 per
1367 2094 1514 2136 simili-

106 2152 366 2193 158tudinem
398 2152 538 2193 verbis
578 2152 692 2194 dicta
730 2156 845 2207 sunt,
890 2156 963 2194 aut
1005 2167 1087 2206 quo
1128 2153 1392 2207 significetur
1428 2168 1513 2194 ma-

178 2211 242 2265 gis
283 2225 349 2251 res
388 2213 481 2251 tota
519 2210 605 2252 sive
643 2206 746 2252 facti
785 2211 962 2252 alicuius
1001 2211 1087 2252 sive
1128 2211 1312 2265 consilii,
1351 2213 1399 2251 ut
1428 2211 1513 2266 ille,
1531 2227 1565 2253 35

175 2269 247 2322 qui
291 2268 576 2310 occultantem
618 2269 833 2324 consulto,
878 2284 930 2310 ne
973 2269 1018 2310 id
1063 2270 1175 2323 quod
1219 2272 1416 2324 ageretur
1451 2269 1513 2309 in-
