1643 2526
490 109 587 144 CAP.
615 112 763 145 62—63.
817 114 836 152 g
859 113 1056 145 207—213.
1353 111 1438 152 373

104 206 152 244 ut
181 203 227 244 in
258 206 410 257 quarto
444 204 728 245 accusationis
761 204 810 245 de
842 204 1060 245 Hennensi
1093 203 1257 260 Cerere,
1288 206 1338 247 de
1372 205 1441 247 Se-

105 264 282 316 gestana
312 261 470 315 Diana,
507 263 556 303 de
590 261 897 316 Syracusarum
929 263 1016 303 situ
1048 263 1242 305 diximus.
1306 263 1440 319 Saepe

104 320 233 360 etiam
269 320 314 360 in
352 320 649 374 amplificanda
686 335 730 362 re
769 335 972 362 concessu
1018 322 1207 363 omnium
1248 322 1441 364 funditur

102 392 326 419 numerose
365 381 407 419 et
444 379 690 420 volubiliter
728 379 876 420 oratio.
938 379 987 420 Id
1024 394 1101 421 nos
1140 380 1323 422 fortasse
1354 395 1441 422 non

68 436 377 491 5perfecimus‚
421 437 562 478 conati
608 437 778 490 quidem
822 437 1068 491 saepissime
1114 453 1278 494 sumus3
1329 440 1442 493 quod

102 494 296 548 plurimis
327 495 432 536 locis
465 496 757 548 perorationes
788 499 959 537 nostrae
986 496 1170 537 voluisse
1201 512 1280 538 nos
1313 500 1441 551 atque

103 553 244 594 animo
290 553 556 594 contendisse
603 554 829 595 declarant.
902 554 951 594 Id
996 557 1139 595 autem
1181 558 1274 595 tum
1316 556 1443 610 valet,

102 626 198 652 cum
229 611 266 652 is
299 612 371 665 qui
404 612 521 652 audit
559 612 611 653 ab
651 615 817 653 oratore
859 612 945 653 iam
978 613 1176 653 obsessus
1209 617 1274 654 est
1305 628 1353 654 ac
1385 617 1443 654 te-

102 672 236 710 netur.
298 669 399 710 Non
436 670 549 711 enim
583 670 627 710 id
663 670 771 724 agit,
807 674 855 711 ut
892 670 1117 711 insidietur
1154 675 1196 712 et
1235 672 1443 725 observet,

53 746 82 770 10
105 729 176 769 sed
212 728 299 769 iam
337 728 453 769 favet
489 743 817 782 processumque
852 729 944 769 volt
975 729 1224 783 dicendique
1255 730 1343 770 vim
1375 730 1443 770 ad-

103 786 262 827 mirans
300 800 387 827 non
425 787 613 841 anquirit
651 787 752 840 quid
790 787 1082 841 reprehendat.
1143 787 1260 829 Haec
1299 791 1510 828 autemml

102 845 240 885 forma
271 845 492 885 retinenda
523 860 610 886 non
641 845 711 885 diu
738 848 815 899 est,
846 859 932 886 non
958 845 1052 886 dico
1084 845 1129 886 in
1159 846 1443 901 peroratione,

103 917 231 956 quam
270 903 408 957 ipsam
451 903 648 957 includit,
693 904 765 944 sed
805 903 850 943 in
894 903 1100 944 orationis
1138 904 1312 958 reliquis
1350 919 1444 958 par-

102 962 230 1002 tibus.
291 960 404 1002 Nam
448 976 543 1002 cum
588 961 645 1002 sis
689 961 741 1002 iis
786 961 891 1002 locis
936 976 1038 1002 usus
1080 962 1234 1015 quibus
1277 962 1443 1003 ostendi

52 1036 82 1061 15
102 1020 242 1075 licere,
273 1020 566 1060 transferenda
597 1022 690 1060 tota
722 1019 852 1060 dictio
879 1022 944 1060 est
971 1020 1022 1060 ad
1053 1020 1128 1060 illa
1160 1035 1266 1074 quae
1297 1020 1442 1062 nescio

103 1093 189 1132 cur,
221 1093 317 1120 cum
350 1077 500 1119 Graeci
532 1079 727 1131 κόμματα
759 1081 801 1118 et
832 1081 949 1118 κῶλα
981 1078 1216 1132 nominent,
1246 1093 1324 1119 nos
1355 1093 1443 1119 non

103 1140 215 1178 recte
247 1136 410 1177 incisa
442 1138 484 1176 et
515 1136 735 1176 membra
766 1136 966 1176 dicamus.
1023 1136 1172 1190 Neque
1205 1136 1317 1177 enim
1351 1151 1441 1177 esse

103 1197 284 1248 possunt
320 1194 446 1235 rebus
484 1194 644 1248 ignotis
688 1196 792 1235 nota
834 1194 1026 1248 nomina,
1070 1195 1143 1235 sed
1180 1209 1276 1235 cum
1314 1195 1444 1235 verba

104 1256 178 1294 aut
210 1252 434 1293 suavitatis
468 1255 542 1293 aut
576 1252 745 1306 inopiae
784 1267 911 1293 causa
949 1252 1179 1293 transferre
1218 1252 1443 1307 soleamus,

51 1328 84 1352 20
103 1311 148 1351 in
181 1311 379 1351 omnibus
410 1310 491 1351 hoc
523 1310 572 1350 fit
604 1310 788 1364 artibus,
824 1313 890 1363 ut,
928 1325 1024 1351 cum
1060 1310 1105 1350 id
1143 1310 1443 1363 appellandum

105 1369 161 1410 sit
188 1369 300 1422 quod
330 1371 505 1422 propter
536 1382 677 1408 rerum
707 1368 1023 1422 ignorationem
1054 1367 1245 1422 ipsarum
1276 1368 1443 1408 nullum

104 1426 302 1468 habuerit
335 1429 432 1467 ante
463 1440 630 1479 nomen,
665 1426 896 1467 necessitas
930 1428 1058 1480 cogat
1089 1429 1162 1466 aut
1193 1440 1353 1466 novum
1384 1425 1443 1466 fa-

105 1500 198 1526 cere
230 1485 407 1525 verbum
440 1487 513 1524 aut
545 1499 569 1524 a
601 1484 730 1524 simili
761 1484 960 1524 mutuari.

224 1542 315 1591 Quo
348 1545 490 1583 autem
521 1545 648 1596 pacto
675 1542 820 1582 deceat
845 1542 977 1583 incise
1010 1542 1332 1582 membratimve
1359 1541 1441 1583 dici

52 1618 85 1642 25
103 1601 191 1642 iam
227 1601 483 1653 videbimus3
526 1614 638 1640 nunc
682 1603 788 1653 quot
824 1600 960 1640 modis
998 1603 1218 1640 mutentur
1256 1614 1443 1653 compre-

104 1658 330 1700 hensiones
357 1658 734 1711 conclusionesque
755 1658 978 1698 dicendum
998 1661 1073 1698 est.
1124 1658 1242 1698 Fluit
1269 1658 1442 1698 omnino

105 1731 304 1758 numerus
332 1731 356 1757 a
380 1716 518 1770 primo
545 1719 637 1756 tum
661 1715 880 1756 incitatius
912 1716 1121 1756 brevitate
1152 1716 1319 1770 pedum,
1351 1718 1443 1756 tum

104 1775 361 1829 proceritate
402 1774 577 1815 tardius.
646 1772 827 1814 Cursum
868 1773 1162 1815 contentiones
1205 1773 1342 1828 magis
1383 1788 1444 1814 re-

106 1833 293 1886 quirunt,
318 1832 605 1885 expositiones
631 1846 773 1872 rerum
799 1832 1056 1872 tarditatem.
1103 1831 1274 1872 Insistit
1300 1834 1443 1872 autem

54 1908 87 1932 30
107 1891 294 1932 ambitus
338 1890 474 1930 modis
517 1889 730 1943 pluribus,
773 1904 794 1929 e
833 1890 987 1942 quibus
1025 1904 1157 1929 unum
1195 1892 1259 1929 est
1298 1892 1444 1930 secuta

106 1949 213 1990 Asia
237 1947 433 2000 maxime,
464 1947 536 2001 qui
562 1947 784 1988 dichoreus
811 1950 1000 2001 vocatur,
1032 1961 1127 1988 cum
1154 1947 1236 1987 duo
1263 1947 1443 1987 extremi

107 2006 251 2048 chorei
283 2008 395 2059 sunt,
424 2005 469 2045 id
501 2008 565 2045 est
591 2020 612 2045 e
640 2005 819 2060 singulis
851 2005 992 2059 longis
1024 2008 1067 2045 et
1098 2005 1310 2046 brevibus.
1361 2005 1445 2045 Ex-

106 2064 365 2119 planandum
397 2066 461 2103 est
493 2062 616 2116 enim,
648 2063 761 2116 quod
786 2063 838 2104 ab
875 2063 969 2103 aliis
1018 2062 1154 2103 eidem
1185 2062 1313 2115 pedes
1347 2061 1441 2101 aliis

1431 1519 1512 1560 -63

1446 1587 1511 1616 212

106 2122 325 2164 vocabulis
356 2120 642 2161 nominantur.
691 2121 926 2162 Dichoreus
957 2135 1045 2161 non
1076 2124 1141 2161 est
1171 2121 1243 2161 ille
1273 2120 1512 2173 quidem213

54 2197 87 2221 35
109 2195 186 2222 sua
217 2182 367 2234 sponte
399 2179 578 2219 vitiosus
609 2178 655 2218 in
687 2179 904 2231 clausulis,
947 2179 1019 2219 sed
1054 2178 1100 2218 in
1132 2178 1338 2219 orationis
1370 2192 1444 2217 nu-

107 2253 223 2280 mero
249 2237 357 2278 nihil
389 2239 453 2277 est
481 2239 570 2276 tam
595 2236 799 2277 vitiosum
825 2251 951 2291 quam
977 2237 1013 2277 si
1040 2251 1205 2290 semper
1230 2238 1295 2276 est
1319 2235 1443 2275 idem.

109 2296 233 2338 Cadit
265 2298 407 2336 autem
438 2308 513 2348 per
545 2308 588 2334 se
619 2293 691 2334 ille
721 2294 812 2348 ipse
843 2295 1071 2348 praeclare,
1103 2308 1185 2348 quo
1219 2293 1347 2333 etiam
1381 2307 1444 2332 sa-
