1643 2526
412 96 556 131 LIBER
582 97 608 133 I.
659 97 759 135 CAP.
787 102 841 134 12.
881 102 900 141 ἓ
926 101 1076 134 46-54,
1365 99 1419 140 13

79 190 316 233 Carneades
347 191 393 232 in
423 192 551 233 rebus
583 192 655 248 iis,
691 193 740 234 de
774 193 929 248 quibus
962 194 1306 250 disputaverunt,
1337 194 1421 236 elo-

79 253 256 304 quentes
283 253 325 291 et
349 250 395 291 in
421 251 597 292 dicendo
625 266 775 293 suaves
802 255 929 306 atque
956 252 1096 294 ornati
1121 253 1306 308 fuerunt,
1333 253 1420 295 sint

78 323 150 350 eae
171 323 251 364 res,
277 309 326 350 de
353 309 508 363 quibus
535 310 769 365 disputant,
792 310 837 351 in
862 311 956 352 aliis
978 311 1233 365 quibusdam
1254 311 1419 367 studiis,

79 367 218 408 oratio
240 367 412 421 quidem
436 368 531 422 ipsa
555 369 730 423 propria
755 372 820 410 est
844 369 970 411 huius
997 370 1122 411 unius
1149 370 1342 424 rationis,
1367 370 1418 412 de

42 443 60 470 5
80 441 163 480 qua
192 425 408 479 loquimur
440 430 482 467 et
515 427 769 480 quaerimus.
819 428 878 468 Et
911 428 1023 469 enim
1049 428 1240 470 videmus
1265 429 1416 470 iisdem
1445 439 1488 471 50

78 485 128 525 de
164 485 291 525 rebus
328 484 467 526 ieiune
507 486 714 539 quosdam
751 489 793 527 et
832 486 1016 541 exiliter,
1053 490 1102 528 ut
1140 502 1255 542 eum,
1293 502 1419 541 quem

78 542 373 584 acutissimum
414 543 575 599 ferunt,
616 543 919 599 Chrysippum,
960 545 1243 599 disputavisse
1282 560 1419 600 neque

78 601 133 642 ob
166 616 260 642 eam
290 616 380 643 rem
410 602 708 657 philosophiae
738 617 827 644 non
858 603 962 645 satis
993 604 1158 659 fecisse,
1189 604 1302 658 quod
1332 619 1419 645 non

77 659 276 701 habuerit
306 660 351 701 in
382 660 461 702 hac
494 661 658 702 dicendi
692 665 782 703 arte
814 662 952 703 aliena
983 662 1244 704 facultatem.
1308 662 1418 711 Quid
1435 663 1488 705 12

26 736 59 761 10
79 732 180 773 ergo
211 718 421 760 interest?
454 722 528 760 aut
555 719 627 773 qui
654 720 867 761 discernes
893 735 1041 762 eorum
1067 735 1174 775 quos
1200 721 1419 762 nominavi

77 777 320 818 ubertatem
345 777 391 818 in
410 777 586 819 dicendo
613 781 656 819 et
683 779 849 833 copiam
875 780 927 820 ab
955 794 1103 821 eorum
1129 779 1320 821 exilitate
1347 780 1419 834 qui

77 835 158 876 hac
183 835 349 877 dicendi
375 837 583 877 varietate
610 840 652 878 613
678 837 891 892 elegantia
920 852 1009 879 non
1033 838 1243 879 utuntur?
1276 838 1419 879 Unum

79 894 159 934 erit
189 893 401 949 profecto,
439 896 550 948 quod
580 895 630 949 ii,
668 895 740 949 qui
772 896 878 937 bene
910 896 1074 951 dicunt,
1113 897 1296 938 afferunt
1326 911 1420 950 pro-

78 952 238 1007 prium,
275 953 558 1007 compositam
591 953 829 995 orationem
862 957 904 995 et
936 958 1131 996 ornatam
1162 958 1205 996 et
1237 954 1418 996 artificio

26 1026 58 1053 15
80 1011 263 1064 quodam
289 1014 331 1052 et
357 1011 617 1065 expolitione
643 1012 899 1054 distinctam.
949 1013 1067 1055 Haec
1099 1016 1242 1054 autem
1269 1013 1420 1067 oratio,

79 1069 115 1110 81
146 1083 213 1110 res
244 1083 332 1110 non
364 1070 511 1111 subest
543 1070 595 1111 ab
629 1074 798 1112 oratore
828 1074 1029 1126 percepta
1061 1074 1103 1112 et
1129 1071 1314 1127 cognita,
1346 1075 1420 1112 aut

77 1128 196 1168 nulla
236 1127 292 1168 sit
331 1142 503 1170 11666886
544 1131 608 1170 6813
649 1133 723 1170 aut
765 1130 955 1171 omnium
998 1130 1195 1171 irrisione
1236 1130 1418 1171 ludatur.

80 1185 190 1234 Quid
215 1189 280 1227 est
306 1187 419 1227 enim
450 1190 540 1228 tam
571 1187 782 1229 furiosum
815 1202 942 1242 quam
967 1189 1195 1229 verborum
1219 1189 1287 1229 vel
1313 1188 1420 1243 opti·
1446 1199 1487 1230 51

78 1258 246 1285 morum
269 1247 396 1298 atque
424 1246 795 1287 ornatissimorum
822 1247 987 1288 sonitus
1013 1246 1153 1288 inanis
1178 1247 1299 1288 nulla
1325 1248 1421 1288 sub-

26 1319 61 1346 20
78 1302 190 1344 iecta
223 1304 436 1344 sententia
466 1318 543 1345 1166
576 1305 787 1346 scientia?
820 1304 1031 1359 Quicquid
1056 1305 1137 1346 erit
1161 1305 1296 1360 igitur
1322 1320 1421 1359 qua-

80 1375 259 1414 cumque
292 1376 342 1402 ex
374 1365 483 1416 arte,
526 1376 793 1417 quocumque
825 1364 875 1404 de
909 1378 1079 1418 genere,
1117 1367 1261 1404 orator
1290 1364 1353 1419 id,
1385 1364 1421 1405 si

79 1422 286 1473 tanquam
319 1419 486 1461 clientis
520 1435 692 1462 causam
718 1421 924 1475 didicerit,
957 1422 1068 1463 dicet
1099 1422 1250 1462 melius
1284 1424 1326 1462 et
1358 1436 1421 1462 or-

77 1477 222 1518 natius
256 1492 383 1531 quam
414 1479 505 1532 ipse
536 1479 609 1520 ille
642 1479 731 1520 eius
764 1480 826 1520 rei
864 1480 1063 1521 inventor
1095 1483 1222 1533 atque
1255 1480 1419 1521 artifex.

79 1535 194 1577 Nam
226 1536 262 1577 81
294 1536 388 1590 quis
421 1537 520 1592 erit,
558 1538 630 1591 qui
667 1538 748 1579 hoc
790 1538 921 1593 dicat,
958 1553 1049 1579 esse
1088 1539 1293 1593 quasdam
1331 1553 1421 1579 ora—
1447 1549 1490 1579 52

27 1611 61 1638 25
80 1597 224 1636 torum
263 1595 458 1649 proprias
501 1596 735 1637 sententias
777 1599 903 1651 atque
941 1611 1090 1638 causas
1129 1600 1171 1638 et
1210 1600 1421 1638 certarum

79 1667 221 1694 rerum
257 1653 500 1695 forensibus
540 1655 738 1696 cancellis
778 1655 1145 1709 circumscriptam
1186 1655 1422 1711 scientiam,

79 1711 248 1752 fatebor
292 1712 487 1765 equidem
529 1712 575 1753 in
616 1713 670 1754 iis
715 1713 852 1768 magis
899 1714 1065 1755 assidue
1106 1714 1267 1754 versari
1310 1714 1420 1755 hanc

79 1773 273 1810 nostram
305 1770 553 1824 dictionem3
595 1772 668 1812 sed
700 1774 844 1812 tamen
874 1772 919 1812 in
949 1772 1002 1813 iis
1035 1772 1140 1826 ipsis
1171 1773 1298 1813 rebus
1329 1787 1422 1826 per-

80 1828 216 1869 multa
248 1831 360 1882 sunt,
392 1843 497 1882 quae
523 1829 608 1883 ipsi
633 1830 842 1885 magistri,
874 1830 947 1883 qui
972 1830 1176 1871 rhetorici
1201 1834 1421 1886 vocantur,

27 1903 62 1929 30
79 1900 156 1928 nec
183 1887 358 1927 tradunt
382 1901 459 1928 nec
484 1890 641 1928 tenent.
693 1888 797 1937 Quis
824 1889 936 1946 enim
961 1889 1099 1929 nescit
1124 1888 1307 1929 maxime
1332 1889 1420 1930 vim
1446 1898 1489 1930 53

80 1945 260 1985 existere
287 1945 469 1986 oratoris
494 1946 540 1986 in
565 1946 786 1987 hominum
812 1946 1028 1988 mentibus
1048 1948 1113 1987 vel
1136 1947 1189 1987 ad
1220 1946 1327 1988 iram
1353 1948 1420 1988 vel

81 2003 134 2044 ad
166 2003 310 2044 odium
342 2006 416 2044 aut
448 2004 638 2045 dolorem
670 2005 897 2046 incitandis
930 2005 996 2045 vel
1035 2005 1087 2046 ab
1119 2005 1236 2046 hisce
1264 2005 1421 2062 iisdem

79 2061 421 2115 permotionibus
471 2063 523 2103 ad
571 2062 794 2104 lenitatem
842 2063 1261 2117 misericordiamque
1305 2078 1421 2105 revo-

82 2119 255 2160 candis?
294 2119 422 2174 Quae,
452 2121 536 2161 nisi
569 2121 641 2174 qui
671 2125 848 2162 naturas
879 2121 1103 2162 hominum
1132 2122 1302 2175 vimque
1336 2137 1422 2163 om-

29 2194 62 2220 35
81 2192 180 2219 nem
219 2178 502 2219 humanitatis
545 2194 778 2234 causasque
821 2194 909 2233 eas,
950 2180 1104 2233 quibus
1143 2183 1306 2221 mentes
1347 2182 1421 2220 aut

81 2236 316 2277 incitantur
343 2239 416 2277 aut
436 2237 727 2293 reflectuntur,
751 2238 922 2292 penitus
942 2238 1218 2293 perspexerit,
1243 2238 1419 2279 dicendo

82 2295 195 2348 quod
225 2294 341 2336 volet
370 2295 571 2349 perficere
602 2310 689 2337 non
720 2297 889 2350 poterit.
945 2297 1088 2350 Atque
1122 2299 1239 2337 totus
1268 2296 1337 2337 1116
1362 2295 1421 2336 lo·
1447 2305 1492 2337 54
