1643 2526
537 78 636 113 OAP.
664 81 718 114 58.
769 82 788 120 g
815 81 1010 113 192—198.
1356 79 1441 120 369

105 176 249 215 autem
281 173 419 214 sentio
458 173 596 214 omnis
627 173 673 214 in
704 173 897 214 oratione
930 187 1021 214 esse
1054 173 1175 227 quasi
1205 173 1441 227 permixtos

105 235 148 273 et
179 231 378 273 confusos
409 232 550 286 pedes,
588 246 665 273 nec
697 231 810 272 enim
841 231 1026 286 effugere
1056 245 1279 285 possemus
1312 231 1443 272 anim-

105 290 416 344 adversionem,
464 290 500 330 si
545 304 710 344 semper
751 290 886 330 isdem
937 292 1171 344 uteremur,
1220 289 1320 343 quia
1364 304 1443 331 nec

104 362 332 389 numerosa
363 362 473 402 esse,
509 351 558 388 ut
587 362 757 402 poema,
795 362 932 401 neque
964 351 1085 389 extra
1115 362 1359 403 numerum,
1396 352 1444 389 ut

71 420 244 447 5serm0
283 406 419 461 vulgi,
456 421 547 447 esse
585 406 709 447 debet
747 406 884 447 oratio
920 431 969 435 —
1005 406 1187 447 alterum
1217 406 1346 447 nimis
1378 410 1443 447 est

105 464 314 518 vinctum,
356 467 405 505 ut
442 464 492 505 de
534 464 745 505 industria
787 464 950 505 factum
995 468 1218 519 appareat,
1259 465 1443 506 alterum

104 522 231 563 nimis
264 523 532 577 dissolutum,
564 526 611 563 ut
641 526 920 577 pervagatum
953 538 1000 564 ac
1025 523 1200 577 vulgare
1232 523 1443 578 Videatur3

104 583 153 621 ut
197 580 250 621 ab
295 581 430 621 altero
473 595 560 621 non
603 581 826 634 delectere,
870 581 1053 622 alterum
1097 581 1235 622 oderis
1270 599 1342 636 —3
1385 582 1512 622 311196

103 639 255 693 igitur,
286 642 335 679 ut
368 653 496 693 supra
528 639 632 693 dixi,
668 639 880 693 permixta
911 643 954 680 et
985 642 1223 694 temperata
1253 640 1442 680 numeris

55 714 86 738 ιο
104 711 182 738 1166
208 697 417 737 dissoluta
441 712 518 738 nec
544 700 637 738 tota
660 711 900 752 numerosa,
929 712 1088 752 paeane
1114 698 1310 752 maxime,
1342 712 1443 751 quo-

103 755 219 796 niam
264 755 450 808 optimus
491 759 641 797 auctor
677 756 740 796 ita
777 759 938 810 censet,
983 756 1055 796 sed
1094 756 1270 810 reliquis
1312 757 1442 797 etiam

103 813 304 867 numeris,
336 828 442 867 quos
473 813 545 854 ille
576 814 793 868 praeterit,
823 817 1072 868 temperata.

223 870 337 919 Quos
376 874 518 912 autem
554 886 754 912 numeros
793 887 889 913 cum
921 872 1074 926 quibus
1110 875 1315 927 tanquam
1346 888 1442 926 pur·
1456 872 1510 914 58

103 944 255 983 puram
281 929 450 970 misceri
477 933 673 984 oporteat
694 945 806 972 nunc
826 930 1049 971 dicendum
1069 934 1134 971 est
1159 934 1286 985 atque
1312 931 1442 972 etiam

53 1004 84 1029 15
105 988 259 1040 quibus
292 988 497 1028 orationis
530 988 756 1042 generibus
789 988 874 1029 sint
905 988 1060 1041 quique
1092 989 1442 1030 accommodatis-

105 1045 214 1086 simi.
274 1045 448 1086 Iambus
493 1046 606 1086 enim
649 1046 1020 1099 frequentissimus
1058 1050 1124 1087 est
1160 1047 1206 1087 in
1240 1047 1294 1087 iis
1333 1062 1440 1100 quae

104 1104 288 1144 demisso
321 1106 448 1157 atque
480 1104 631 1144 humili
664 1118 857 1145 sermone
889 1104 1106 1159 dicuntur3
1136 1119 1273 1159 paean
1298 1109 1509 1146 autemiffl'

102 1161 148 1202 in
180 1161 476 1216 amplioribus,
512 1162 558 1202 in
589 1165 769 1215 utroque
802 1163 1006 1216 dactylus.
1068 1162 1218 1216 Itaque
1248 1163 1294 1203 in
1324 1164 1443 1204 varia
1500 1208 1507 1211 Δ

104 1223 146 1260 61
189 1223 395 1274 perpetua
438 1220 631 1260 oratione
674 1220 720 1261 hi
765 1224 864 1261 sunt
906 1221 1018 1261 inter
1062 1235 1106 1261 36
1149 1221 1355 1262 miscendi
1399 1225 1442 1262 et

51 1294 85 1319 20
104 1278 381 1331 temperandi.
444 1277 512 1318 Sic
545 1278 717 1319 minime
753 1278 1113 1319 animadvertetur
1145 1279 1440 1320 delectationis

104 1336 332 1389 aucupium
358 1339 400 1376 et
426 1336 694 1389 quadrandae
721 1336 926 1377 orationis
946 1336 1174 1391 industria3
1208 1351 1314 1390 quae
1339 1337 1442 1378 late-

103 1394 168 1434 bit
195 1408 243 1434 eo
270 1394 421 1448 magis,
451 1394 488 1434 si
513 1397 555 1434 et
579 1394 805 1435 verborum
837 1397 879 1434 et
910 1395 1218 1435 sententiarum
1248 1395 1443 1448 ponderi-

103 1452 184 1492 bus
208 1454 389 1492 utemur.
432 1451 545 1492 Nam
571 1452 644 1505 qui
670 1453 848 1493 audiunt
872 1452 976 1493 haec
996 1452 1078 1493 duo
1100 1452 1443 1494 animadvertunt

104 1512 147 1550 et
170 1509 355 1550 iucunda
381 1510 463 1550 sibi
490 1513 675 1562 censent,
706 1510 835 1551 verba
860 1510 954 1552 dico
975 1514 1018 1551 et
1037 1511 1284 1564 sententias,
1310 1525 1441 1565 eaque

53 1584 86 1610 25
106 1568 206 1608 dum
235 1567 388 1608 animis
414 1568 590 1609 attentis
618 1568 875 1609 admirantes
902 1568 1131 1622 excipiunt,
1162 1568 1275 1622 fugit
1302 1583 1373 1610 eos
1400 1572 1442 1610 et

102 1626 392 1680 praetervolat
422 1641 641 1680 numerus3
685 1626 758 1680 qui
789 1629 935 1667 tamen
966 1626 1002 1667 si
1034 1627 1214 1680 abesset,
1244 1627 1319 1667 illa
1348 1627 1443 1680 ipsa

104 1683 364 1725 delectarent
394 1684 546 1725 minus.
595 1683 685 1725 Nec
711 1698 809 1726 vero
835 1684 872 1725 is
899 1699 1048 1725 cursus
1074 1688 1139 1726 est
1165 1694 1511 1726 numerorum198

108 1766 156 1771 —
181 1742 388 1783 orationis
416 1743 524 1797 dico,
553 1757 653 1783 nam
685 1745 750 1784 est
780 1742 908 1797 longe
941 1743 1065 1784 aliter
1089 1742 1135 1783 in
1160 1743 1353 1784 versibus
1375 1768 1443 1797 ——,

103 1799 212 1840 nihil
231 1802 280 1840 ut
299 1800 376 1841 fiat
396 1803 515 1841 extra
535 1801 724 1855 modum3
756 1815 856 1841 nam
880 1800 924 1841 id
945 1801 1115 1854 quidem
1140 1804 1253 1841 esset
1272 1816 1441 1855 poema3

52 1875 86 1899 30
105 1858 179 1898 sed
205 1857 341 1898 omnis
366 1872 444 1899 nec
470 1858 710 1899 claudicans
736 1873 812 1899 nec
840 1859 961 1911 quasi
987 1859 1198 1900 fluctuans
1225 1862 1267 1899 et
1292 1874 1443 1913 aequa-

103 1915 248 1956 biliter
257 1918 586 1969 constanterque
599 1916 841 1971 ingrediens
854 1931 1082 1957 numerosa
1095 1917 1278 1957 habetur
1293 1917 1440 1958 oratio.

103 1973 247 2026 Atque
284 1973 328 2013 id
363 1973 409 2013 in
446 1973 621 2015 dicendo
660 1988 935 2015 numerosum
970 1977 1165 2029 putatur,
1204 1989 1291 2015 non
1328 1975 1441 2028 quod

104 2034 245 2072 totum
277 2034 446 2072 constat
476 2046 498 2072 e
529 2032 734 2087 numeris,
776 2032 848 2073 sed
887 2033 999 2085 quod
1031 2033 1082 2073 ad
1113 2047 1312 2073 numeros
1344 2047 1439 2087 pro-

103 2089 216 2130 xime
260 2089 439 2143 accedit3
482 2104 564 2143 quo
606 2090 735 2131 etiam
778 2090 994 2131 difficilius
1038 2094 1104 2131 est
1145 2091 1336 2131 oratione
1377 2090 1440 2131 uti

53 2163 87 2188 35
106 2161 234 2200 quam
264 2147 470 2201 versibus,
501 2148 612 2200 quod
635 2148 682 2188 in
711 2148 797 2188 illis
824 2152 939 2189 certa
965 2149 1171 2202 quaedam
1197 2152 1240 2189 et
1266 2148 1440 2189 definita

103 2205 172 2245 lex
210 2208 292 2258 est,
336 2219 464 2258 quam
501 2206 619 2259 sequi
657 2206 713 2247 sit
749 2220 938 2261 necesse3
987 2207 1033 2247 111
1076 2207 1252 2248 dicendo
1298 2208 1440 2246 autem

103 2263 212 2303 nihil
243 2265 308 2304 est
338 2263 618 2317 propositum,
648 2263 731 2304 nisi
763 2267 837 2304 aut
867 2278 919 2305 ne
951 2264 1233 2305 immoderata
1265 2266 1338 2304 aut
1370 2278 1439 2303 an-

175 2336 244 2362 616.
264 2337 286 2361 1.
308 2338 322 2361 2
1114 2335 1159 2365 24
