1643 2526
104 360 156 401 16

102 429 144 459 55

102 917 144 947 5ss

110 1641 156 1680 17

105 2255 148 2285 58

169 112 256 153 402
531 108 850 144 PARTI'HONES
878 107 1152 143 ORATORIAE

171 210 214 248 et
232 207 278 247 in
299 206 465 247 actione
489 220 616 246 causa
641 204 723 245 erit
746 203 1019 258 ponderanda
1046 206 1089 243 et
1112 217 1190 256 pro
1216 217 1262 243 re
1289 203 1510 257 agendum.

170 264 284 306 Nam
302 264 407 305 haee
429 264 529 317 quia
547 263 745 304 videntur
762 261 1035 316 perabsurda,
1061 275 1158 302 cum
1183 261 1380 316 graviora
1400 264 1512 316 sunt,

173 338 301 377 quam
333 337 461 363 causa
491 322 588 375 fert,
619 321 846 376 diligenter
872 320 972 374 quid
998 333 1209 372 quamque
1236 319 1382 360 deceat
1407 319 1512 360 iudi-

173 382 354 423 eandum
380 383 456 421 est.
506 379 667 420 Rerum
688 382 830 420 autem
851 377 1128 431 amplificatio
1150 377 1333 418 sumitur
1353 377 1512 418 eisdem

172 455 223 481 ex
253 439 359 480 loeis
394 439 611 492 omnibus,
651 452 672 478 e
705 437 859 491 quibus
896 436 989 489 illa,
1033 450 1139 489 quae
1178 435 1291 477 diota
1328 439 1428 476 sunt
1459 436 1512 476 ad

172 498 316 552 fidem,
359 497 626 550 maximeque
662 496 805 537 valent
844 497 886 536 et
921 494 1190 535 definitiones
1229 494 1511 549 conglobatae

172 559 215 597 et
247 555 598 609 consequentium
628 553 916 607 frequentatio
949 556 992 593 et
1024 552 1332 594 contrariarum
1364 555 1407 593 et
1433 552 1513 593 dis·

173 614 377 655 similium
409 617 452 654 et
488 613 601 654 inter
639 627 682 653 se
720 611 1004 667 pugnantium
1042 625 1184 651 rerum
1223 610 1438 652 conflictio
1470 613 1513 651 et

173 687 324 714 causae
362 686 511 725 eaque,
549 686 656 724 quae
696 674 795 711 sunt
833 673 927 710 orta
966 670 1014 710 de
1048 669 1207 723 causis,
1245 669 1511 722 maximeque

173 730 473 772 similitudines
507 733 549 770 et
583 729 793 782 exempla3
824 729 948 769 fictae
981 728 1111 768 etiam
1141 741 1360 781 personae,
1391 732 1512 768 muta

173 789 352 842 denique
389 789 638 841 loquantur,
675 787 932 840 omninoque
971 801 1020 826 ea
1051 789 1151 826 sunt
1183 786 1438 840 adhibenda,
1476 785 1512 826 si

173 862 300 889 causa
330 847 512 900 patitur,
544 860 650 899 quae
681 845 895 885 habentur
926 859 1099 899 magna,
1131 858 1312 898 quorum
1345 846 1409 885 est
1441 844 1513 884 du-

172 906 270 960 plex
303 919 447 960 genus.
508 903 608 944 Alia
647 904 759 944 enim
796 906 952 943 natura
988 916 1144 956 magna
1174 902 1388 956 Videntur,
1429 902 1513 943 alia

172 978 270 1017 usu3
300 967 466 1017 natura,
496 965 545 1003 ut
571 962 782 1015 caelestia,
813 964 861 1002 ut
887 961 1040 1015 divina,
1071 964 1119 1001 ut
1145 975 1205 1014 ea,
1234 975 1415 1014 quorum
1441 961 1512 1001 ob-

173 1036 319 1063 scurae
353 1035 516 1075 causae,
548 1024 595 1061 ut
619 1020 664 1060 in
690 1020 815 1060 terris
841 1020 1084 1073 mundoque
1111 1019 1379 1059 admirabilia
1405 1033 1511 1072 quae

173 1083 284 1133 sunt,
310 1095 360 1120 ex
381 1080 535 1133 quibus
560 1079 868 1131 similibusque,
894 1078 929 1118 si
950 1078 1167 1131 adtendas,
1193 1077 1244 1118 ad
1271 1077 1511 1131 augendum

171 1139 384 1193 permulta
410 1140 660 1191 suppetunt,
691 1152 784 1191 usu,
810 1151 915 1190 quae
942 1136 1138 1176 videntur
1163 1135 1409 1176 hominibus
1437 1138 1511 1175 aut

172 1197 371 1251 prodesse
398 1199 472 1236 aut
501 1196 649 1235 obesse
675 1194 980 1247 vehementius,
1012 1208 1192 1247 quorum
1225 1196 1324 1233 sunt
1357 1207 1512 1248 genera

173 1255 225 1296 ad
264 1254 609 1308 amplificandum
647 1253 740 1293 tria.
809 1252 921 1293 Nam
960 1255 1034 1292 aut
1072 1252 1248 1292 caritate
1287 1254 1512 1292 moventur

171 1313 386 1366 homines,
428 1315 476 1352 ut
514 1312 706 1364 deorum,
749 1314 797 1351 ut
837 1310 1020 1364 patriae,
1061 1313 1109 1350 ut
1150 1313 1394 1365 parentum3
1438 1312 1546 1351 aute

174 1385 330 1424 amore,
361 1374 409 1411 ut
439 1370 634 1423 fratrum,
666 1372 713 1410 ut
745 1369 988 1423 coniugum,
1019 1371 1066 1408 ut
1097 1368 1343 1421 liberorum,
1373 1370 1422 1408 ut
1453 1367 1512 1408 fa-

173 1429 422 1481 miliarium,
443 1432 517 1469 aut
536 1428 774 1481 honestate,
788 1430 834 1467 ut
848 1428 1057 1467 virtutum
1075 1426 1340 1479 maximeque
1356 1441 1513 1480 earum,

175 1502 281 1541 quae
314 1488 366 1528 ad
401 1486 744 1528 communionem
782 1485 1003 1526 hominum
1037 1488 1078 1525 et
1109 1484 1413 1525 liberalitatem
1444 1499 1513 1524 va-

172 1546 272 1587 lent.
334 1546 400 1586 Ex
436 1545 490 1585 iis
530 1548 572 1585 et
609 1544 926 1585 cohortationes
968 1546 1195 1584 sumuntur
1237 1543 1288 1583 ad
1326 1557 1375 1583 ea
1412 1542 1510 1583 reti-

172 1604 310 1645 nenda
342 1607 385 1644 et
415 1604 459 1644 in
492 1617 582 1656 eos,
617 1618 640 1643 a
673 1602 826 1656 quibus
859 1617 908 1642 ea
939 1601 1098 1642 violata
1130 1604 1246 1655 sunt,
1285 1601 1382 1641 odia
1411 1600 1513 1641 inci-

173 1665 338 1713 tantur,
388 1664 430 1702 et
474 1660 694 1701 miseratio
744 1660 944 1700 nascitur.
1020 1659 1241 1712 [Proprius
1284 1659 1403 1700 locus
1448 1662 1513 1699 est

174 1719 357 1774 augendi
394 1719 440 1759 in
476 1719 528 1759 iis
567 1719 693 1758 rebus
734 1721 807 1758 aut
845 1717 1012 1758 amissis
1046 1720 1119 1757 aut
1151 1717 1374 1757 amittendi
1405 1716 1513 1771 peri-

174 1778 299 1829 culo]
362 1777 483 1818 Nihil
515 1779 579 1817 est
611 1776 724 1817 enim
755 1779 845 1816 tam
877 1775 1117 1816 miserabile
1150 1789 1277 1828 quam
1303 1790 1353 1815 ex
1384 1775 1512 1815 beato

174 1837 313 1877 miser.
374 1835 433 1876 Et
475 1835 557 1876 hoe
601 1838 742 1875 totum
785 1837 850 1875 est
891 1834 1003 1887 quod
1043 1834 1230 1888 moveat,
1274 1833 1310 1874 si
1349 1848 1432 1887 qua
1462 1848 1513 1874 ex

172 1895 347 1935 fortuna
390 1893 485 1947 quis
527 1894 650 1934 eadat
688 1896 730 1933 et
768 1896 1010 1946 a'quorum
1055 1892 1232 1932 caritate
1276 1891 1512 1945 divellatur,

175 1967 283 2006 quae
321 1952 494 1993 amittat
532 1955 605 1992 aut
644 1950 851 2004 amiserit,
887 1950 933 1990 in
971 1950 1125 2003 quibus
1157 1950 1280 1990 malis
1314 1949 1370 1990 sit
1402 1949 1513 1990 futu-

174 2025 298 2051 rusve
344 2010 400 2050 sit
443 2009 696 2063 exprimitur
740 2008 935 2050 breviter.
1010 2008 1106 2049 Cito
1152 2009 1265 2048 enim
1306 2007 1512 2048 exarescit

173 2068 368 2121 lacrima,
406 2068 658 2121 praesertim
696 2067 741 2107 in
779 2066 927 2107 alienis
966 2066 1100 2107 malis.
1163 2066 1252 2107 Neo
1284 2066 1512 2119 quiequam

173 2127 218 2167 in
251 2126 582 2180 amplificatione
618 2125 747 2165 nimis
786 2124 1092 2165 enucleandum
1129 2127 1211 2177 est,
1251 2124 1417 2164 minuta
1447 2126 1512 2164 est

175 2185 288 2226 enim
333 2184 470 2225 omnis
514 2183 753 2238 diligentia3
795 2183 864 2223 hic
903 2186 1044 2223 autem
1081 2183 1200 2224 locus
1239 2182 1416 2237 grandia
1452 2196 1512 2222 re-

177 2243 319 2297 quirit.
380 2242 491 2283 Illud
531 2242 617 2282 iam
656 2241 712 2281 sit
749 2241 912 2285 iudicii,
957 2255 1040 2294 quo
1086 2255 1251 2294 quaque
1294 2240 1340 2280 in
1384 2255 1511 2280 eausa

177 2315 329 2357 genere
361 2303 533 2341 utamur
565 2299 757 2354 augendi.
807 2299 858 2340 In
889 2299 974 2340 illis
1004 2299 1117 2340 enim
1144 2298 1295 2353 causis,
1327 2312 1433 2351 quae
1459 2298 1512 2338 ad

1533 745 1564 767 10

1532 1035 1565 1060 15

1532 1617 1564 1642 25

1532 1909 1565 1932 30

1531 2198 1564 2223 35

1625 2291 1635 2325 ἑὲ
