<?xml version="1.0" encoding="UTF-8"?>
<!DOCTYPE html PUBLIC "-//W3C//DTD XHTML 1.0 Transitional//EN"
    "http://www.w3.org/TR/xhtml1/DTD/xhtml1-transitional.dtd">
<html xmlns="http://www.w3.org/1999/xhtml" xml:lang="en" lang="en">
 <head>
  <title>
</title>
<meta http-equiv="Content-Type" content="text/html;charset=utf-8" />
  <meta name='ocr-system' content='tesseract 3.04.00' />
  <meta name='ocr-capabilities' content='ocr_page ocr_carea ocr_par ocr_line ocrx_word'/>
</head>
<body>
  <div class='ocr_page' id='page_1' title='image "./p2scriptaquaemanse01ciceuoft_0138.png"; bbox 0 0 1643 2526; ppageno 0'>
   <div class='ocr_carea' id='block_1_1' title="bbox 155 103 983 145">
    <p class='ocr_par' dir='ltr' id='par_1_1' title="bbox 155 103 983 145">
     <span class='ocr_line' id='line_1_1' title="bbox 155 103 983 145; baseline 0.004 -9"><span class='ocrx_word' id='word_1_1' title='bbox 155 103 214 145; x_wconf 84' lang='grc'>40</span> <span class='ocrx_word' id='word_1_2' title='bbox 666 104 729 138; x_wconf 89' lang='lat' dir='ltr'>DE</span> <span class='ocrx_word' id='word_1_3' title='bbox 757 104 983 140; x_wconf 84' lang='lat' dir='ltr'><strong>ORATORE</strong></span> 
     </span>
    </p>
   </div>
   <div class='ocr_carea' id='block_1_2' title="bbox 88 197 1643 1702">
    <p class='ocr_par' dir='ltr' id='par_1_2' title="bbox 159 197 1497 355">
     <span class='ocr_line' id='line_1_2' title="bbox 159 197 1497 255; baseline 0.003 -17"><span class='ocrx_word' id='word_1_4' title='bbox 159 197 253 239; x_wconf 86' lang='lat' dir='ltr'>onis</span> <span class='ocrx_word' id='word_1_5' title='bbox 297 213 414 239; x_wconf 89' lang='lat' dir='ltr'>meae</span> <span class='ocrx_word' id='word_1_6' title='bbox 458 197 655 239; x_wconf 83' lang='lat' dir='ltr'>voluistis</span> <span class='ocrx_word' id='word_1_7' title='bbox 699 213 790 240; x_wconf 87' lang='lat' dir='ltr'>esse</span> <span class='ocrx_word' id='word_1_8' title='bbox 833 200 1083 255; x_wconf 87' lang='lat' dir='ltr'>participes,</span> <span class='ocrx_word' id='word_1_9' title='bbox 1122 200 1230 241; x_wconf 82' lang='lat' dir='ltr'>nihil</span> <span class='ocrx_word' id='word_1_10' title='bbox 1273 201 1497 243; x_wconf 84' lang='lat' dir='ltr'>occultabo</span> 
     </span>
     <span class='ocr_line' id='line_1_3' title="bbox 159 257 1497 313; baseline 0.002 -15"><span class='ocrx_word' id='word_1_11' title='bbox 159 259 219 310; x_wconf 87' lang='lat' dir='ltr'>et,</span> <span class='ocrx_word' id='word_1_12' title='bbox 260 257 399 310; x_wconf 86' lang='lat' dir='ltr'>quoad</span> <span class='ocrx_word' id='word_1_13' title='bbox 434 259 605 311; x_wconf 91' lang='lat' dir='ltr'>potero,</span> <span class='ocrx_word' id='word_1_14' title='bbox 645 257 768 298; x_wconf 83' lang='lat' dir='ltr'>vobis</span> <span class='ocrx_word' id='word_1_15' title='bbox 802 272 1010 312; x_wconf 81' lang='lat' dir='ltr'>exponam</span> <span class='ocrx_word' id='word_1_16' title='bbox 1043 258 1143 311; x_wconf 88' lang='lat' dir='ltr'>quid</span> <span class='ocrx_word' id='word_1_17' title='bbox 1175 259 1224 300; x_wconf 91' lang='lat' dir='ltr'>de</span> <span class='ocrx_word' id='word_1_18' title='bbox 1257 273 1422 313; x_wconf 87' lang='lat' dir='ltr'>quaque</span> <span class='ocrx_word' id='word_1_19' title='bbox 1452 274 1497 301; x_wconf 89' lang='lat' dir='ltr'>re</span> 
     </span>
     <span class='ocr_line' id='line_1_4' title="bbox 159 314 350 355; baseline -0.005 0"><span class='ocrx_word' id='word_1_20' title='bbox 159 314 350 355; x_wconf 86' lang='lat' dir='ltr'>sentiam.</span> 
     </span>
    </p>

    <p class='ocr_par' dir='ltr' id='par_1_3' title="bbox 88 372 1532 720">
     <span class='ocr_line' id='line_1_5' title="bbox 88 372 1496 430; baseline 0.003 -18"><span class='ocrx_word' id='word_1_21' title='bbox 88 372 143 413; x_wconf 85' lang='lat'>38</span> <span class='ocrx_word' id='word_1_22' title='bbox 274 372 438 413; x_wconf 82' lang='lat' dir='ltr'>Antom&#39;</span> <span class='ocrx_word' id='word_1_23' title='bbox 478 372 740 414; x_wconf 89' lang='lat' dir='ltr'>incredibilis</span> <span class='ocrx_word' id='word_1_24' title='bbox 781 374 988 428; x_wconf 77' lang='lat' dir='ltr'>quaedam</span> <span class='ocrx_word' id='word_1_25' title='bbox 1026 377 1068 415; x_wconf 92' lang='lat' dir='ltr'>et</span> <span class='ocrx_word' id='word_1_26' title='bbox 1103 389 1234 429; x_wconf 84' lang='lat' dir='ltr'>prope</span> <span class='ocrx_word' id='word_1_27' title='bbox 1267 375 1496 430; x_wconf 81' lang='lat' dir='ltr'>singularis</span> 
     </span>
     <span class='ocr_line' id='line_1_6' title="bbox 159 430 1532 486; baseline 0.005 -16"><span class='ocrx_word' id='word_1_28' title='bbox 159 432 202 470; x_wconf 92' lang='lat' dir='ltr'>et</span> <span class='ocrx_word' id='word_1_29' title='bbox 228 430 369 471; x_wconf 87' lang='lat' dir='ltr'>divina</span> <span class='ocrx_word' id='word_1_30' title='bbox 394 430 458 472; x_wconf 91' lang='lat' dir='ltr'>vis</span> <span class='ocrx_word' id='word_1_31' title='bbox 485 430 647 486; x_wconf 82' lang='lat' dir='ltr'>ingenii</span> <span class='ocrx_word' id='word_1_32' title='bbox 673 431 852 486; x_wconf 90' lang='lat' dir='ltr'>videtur,</span> <span class='ocrx_word' id='word_1_33' title='bbox 883 432 1052 473; x_wconf 80' lang='lat' dir='ltr'>etiamsi</span> <span class='ocrx_word' id='word_1_34' title='bbox 1083 432 1162 476; x_wconf 84' lang='lat' dir='ltr'>hac</span> <span class='ocrx_word' id='word_1_35' title='bbox 1189 433 1367 474; x_wconf 84' lang='lat' dir='ltr'>scientia</span> <span class='ocrx_word' id='word_1_36' title='bbox 1390 433 1496 475; x_wconf 91' lang='lat' dir='ltr'>iuris</span> <span class='ocrx_word' id='word_1_37' title='bbox 1515 451 1532 477; x_wconf 88' lang='lat'>5</span> 
     </span>
     <span class='ocr_line' id='line_1_7' title="bbox 158 488 1496 545; baseline 0.003 -17"><span class='ocrx_word' id='word_1_38' title='bbox 158 488 319 529; x_wconf 88' lang='lat' dir='ltr'>nudata</span> <span class='ocrx_word' id='word_1_39' title='bbox 359 488 434 543; x_wconf 80' lang='lat' dir='ltr'>sit,</span> <span class='ocrx_word' id='word_1_40' title='bbox 477 503 602 543; x_wconf 88' lang='lat' dir='ltr'>posse</span> <span class='ocrx_word' id='word_1_41' title='bbox 642 504 685 531; x_wconf 91' lang='lat' dir='ltr'>se</span> <span class='ocrx_word' id='word_1_42' title='bbox 723 489 847 531; x_wconf 86' lang='lat' dir='ltr'>facile</span> <span class='ocrx_word' id='word_1_43' title='bbox 887 491 1039 531; x_wconf 84' lang='lat' dir='ltr'>ceteris</span> <span class='ocrx_word' id='word_1_44' title='bbox 1079 491 1206 532; x_wconf 90' lang='lat' dir='ltr'>armis</span> <span class='ocrx_word' id='word_1_45' title='bbox 1246 492 1496 545; x_wconf 74' lang='lat' dir='ltr'>prudentiae</span> 
     </span>
     <span class='ocr_line' id='line_1_8' title="bbox 159 546 1496 600; baseline 0.003 -14"><span class='ocrx_word' id='word_1_46' title='bbox 159 546 270 587; x_wconf 88' lang='lat' dir='ltr'>tueri</span> <span class='ocrx_word' id='word_1_47' title='bbox 308 549 435 600; x_wconf 85' lang='lat' dir='ltr'>atque</span> <span class='ocrx_word' id='word_1_48' title='bbox 474 547 707 588; x_wconf 82' lang='lat' dir='ltr'>defendere.</span> <span class='ocrx_word' id='word_1_49' title='bbox 775 547 910 596; x_wconf 82' lang='lat' dir='ltr'>Quam</span> <span class='ocrx_word' id='word_1_50' title='bbox 950 549 1004 589; x_wconf 94' lang='lat' dir='ltr'>ob</span> <span class='ocrx_word' id='word_1_51' title='bbox 1041 563 1131 589; x_wconf 90' lang='lat' dir='ltr'>rem</span> <span class='ocrx_word' id='word_1_52' title='bbox 1167 549 1237 590; x_wconf 87' lang='lat' dir='ltr'>hic</span> <span class='ocrx_word' id='word_1_53' title='bbox 1277 549 1402 590; x_wconf 89' lang='lat' dir='ltr'>nobis</span> <span class='ocrx_word' id='word_1_54' title='bbox 1440 550 1496 590; x_wconf 91' lang='lat' dir='ltr'>sit</span> 
     </span>
     <span class='ocr_line' id='line_1_9' title="bbox 160 607 1496 661; baseline 0.004 -17"><span class='ocrx_word' id='word_1_55' title='bbox 160 607 379 659; x_wconf 80' lang='lat' dir='ltr'>exceptus3</span> <span class='ocrx_word' id='word_1_56' title='bbox 422 608 585 647; x_wconf 85' lang='lat' dir='ltr'>ceteros</span> <span class='ocrx_word' id='word_1_57' title='bbox 617 620 716 647; x_wconf 86' lang='lat' dir='ltr'>vero</span> <span class='ocrx_word' id='word_1_58' title='bbox 747 621 835 647; x_wconf 87' lang='lat' dir='ltr'>non</span> <span class='ocrx_word' id='word_1_59' title='bbox 866 607 1071 648; x_wconf 90' lang='lat' dir='ltr'>dubitabo</span> <span class='ocrx_word' id='word_1_60' title='bbox 1102 607 1288 661; x_wconf 90' lang='lat' dir='ltr'>primum</span> <span class='ocrx_word' id='word_1_61' title='bbox 1318 608 1496 649; x_wconf 88' lang='lat' dir='ltr'>inertiae</span> 
     </span>
     <span class='ocr_line' id='line_1_10' title="bbox 160 663 1496 730; baseline 0.004 -28"><span class='ocrx_word' id='word_1_62' title='bbox 160 663 440 704; x_wconf 74' lang='lat' dir='ltr'>condemnare</span> <span class='ocrx_word' id='word_1_63' title='bbox 482 665 694 705; x_wconf 87' lang='lat' dir='ltr'>sententia</span> <span class='ocrx_word' id='word_1_64' title='bbox 733 679 845 719; x_wconf 90' lang='lat' dir='ltr'>mea,</span> <span class='ocrx_word' id='word_1_65' title='bbox 886 668 986 730; x_wconf 83' lang='lat' dir='ltr'>post</span> <span class='ocrx_word' id='word_1_66' title='bbox 1029 664 1158 706; x_wconf 89' lang='lat' dir='ltr'>etiam</span> <span class='ocrx_word' id='word_1_67' title='bbox 1197 665 1496 720; x_wconf 84' lang='lat' dir='ltr'>impudentiae.</span> 
     </span>
    </p>

    <p class='ocr_par' dir='ltr' id='par_1_4' title="bbox 92 719 1643 1308">
     <span class='ocr_line' id='line_1_11' title="bbox 92 719 1550 778; baseline 0.004 -18"><span class='ocrx_word' id='word_1_68' title='bbox 92 719 274 761; x_wconf 82' lang='lat' dir='ltr'>173Nam</span> <span class='ocrx_word' id='word_1_69' title='bbox 311 721 490 762; x_wconf 88' lang='lat' dir='ltr'>volitare</span> <span class='ocrx_word' id='word_1_70' title='bbox 527 722 571 762; x_wconf 92' lang='lat' dir='ltr'>in</span> <span class='ocrx_word' id='word_1_71' title='bbox 608 722 721 776; x_wconf 87' lang='lat' dir='ltr'>foro,</span> <span class='ocrx_word' id='word_1_72' title='bbox 759 723 932 764; x_wconf 86' lang='lat' dir='ltr'>haerere</span> <span class='ocrx_word' id='word_1_73' title='bbox 969 723 1015 763; x_wconf 91' lang='lat' dir='ltr'>in</span> <span class='ocrx_word' id='word_1_74' title='bbox 1050 723 1141 764; x_wconf 87' lang='lat' dir='ltr'>iure</span> <span class='ocrx_word' id='word_1_75' title='bbox 1173 738 1221 765; x_wconf 86' lang='lat' dir='ltr'>ac</span> <span class='ocrx_word' id='word_1_76' title='bbox 1251 727 1497 778; x_wconf 88' lang='lat' dir='ltr'>praetorum</span> <span class='ocrx_word' id='word_1_77' title='bbox 1516 743 1550 768; x_wconf 75' lang='grc' dir='ltr'>ιο</span> 
     </span>
     <span class='ocr_line' id='line_1_12' title="bbox 160 779 1497 836; baseline 0.004 -18"><span class='ocrx_word' id='word_1_78' title='bbox 160 779 468 834; x_wconf 81' lang='lat' dir='ltr'>tribunalibus,</span> <span class='ocrx_word' id='word_1_79' title='bbox 504 779 663 821; x_wconf 86' lang='lat' dir='ltr'>iudicia</span> <span class='ocrx_word' id='word_1_80' title='bbox 698 781 866 835; x_wconf 85' lang='lat' dir='ltr'>privata</span> <span class='ocrx_word' id='word_1_81' title='bbox 902 795 1155 836; x_wconf 84' lang='lat' dir='ltr'>magnarum</span> <span class='ocrx_word' id='word_1_82' title='bbox 1192 796 1334 823; x_wconf 87' lang='lat' dir='ltr'>rerum</span> <span class='ocrx_word' id='word_1_83' title='bbox 1367 782 1497 836; x_wconf 87' lang='lat' dir='ltr'>obire,</span> 
     </span>
     <span class='ocr_line' id='line_1_13' title="bbox 159 837 1495 893; baseline 0.003 -16"><span class='ocrx_word' id='word_1_84' title='bbox 159 837 204 877; x_wconf 89' lang='lat' dir='ltr'>in</span> <span class='ocrx_word' id='word_1_85' title='bbox 231 837 384 890; x_wconf 86' lang='lat' dir='ltr'>quibus</span> <span class='ocrx_word' id='word_1_86' title='bbox 411 853 535 892; x_wconf 83' lang='lat' dir='ltr'>saepe</span> <span class='ocrx_word' id='word_1_87' title='bbox 560 853 648 879; x_wconf 90' lang='lat' dir='ltr'>non</span> <span class='ocrx_word' id='word_1_88' title='bbox 674 839 723 879; x_wconf 90' lang='lat' dir='ltr'>de</span> <span class='ocrx_word' id='word_1_89' title='bbox 749 838 864 880; x_wconf 88' lang='lat' dir='ltr'>facto</span> <span class='ocrx_word' id='word_1_90' title='bbox 894 840 967 880; x_wconf 89' lang='lat' dir='ltr'>sed</span> <span class='ocrx_word' id='word_1_91' title='bbox 999 840 1047 880; x_wconf 91' lang='lat' dir='ltr'>de</span> <span class='ocrx_word' id='word_1_92' title='bbox 1080 840 1294 893; x_wconf 88' lang='lat' dir='ltr'>aequitate</span> <span class='ocrx_word' id='word_1_93' title='bbox 1326 855 1374 882; x_wconf 86' lang='lat' dir='ltr'>ao</span> <span class='ocrx_word' id='word_1_94' title='bbox 1405 841 1495 881; x_wconf 91' lang='lat' dir='ltr'>iure</span> 
     </span>
     <span class='ocr_line' id='line_1_14' title="bbox 161 896 1496 953; baseline 0.003 -18"><span class='ocrx_word' id='word_1_95' title='bbox 161 898 358 950; x_wconf 89' lang='lat' dir='ltr'>certetur,</span> <span class='ocrx_word' id='word_1_96' title='bbox 388 896 548 937; x_wconf 86' lang='lat' dir='ltr'>iactare</span> <span class='ocrx_word' id='word_1_97' title='bbox 581 912 624 937; x_wconf 91' lang='lat' dir='ltr'>se</span> <span class='ocrx_word' id='word_1_98' title='bbox 655 897 702 937; x_wconf 92' lang='grc'>111</span> <span class='ocrx_word' id='word_1_99' title='bbox 733 897 872 938; x_wconf 88' lang='lat' dir='ltr'>causis</span> <span class='ocrx_word' id='word_1_100' title='bbox 904 898 1295 952; x_wconf 72' lang='lat' dir='ltr'>centumviralibus,</span> <span class='ocrx_word' id='word_1_101' title='bbox 1330 898 1376 939; x_wconf 91' lang='lat' dir='ltr'>in</span> <span class='ocrx_word' id='word_1_102' title='bbox 1407 898 1496 953; x_wconf 88' lang='lat' dir='ltr'>qui-</span> 
     </span>
     <span class='ocr_line' id='line_1_15' title="bbox 160 953 1496 1010; baseline 0.003 -17"><span class='ocrx_word' id='word_1_103' title='bbox 160 953 240 994; x_wconf 89' lang='lat' dir='ltr'>bus</span> <span class='ocrx_word' id='word_1_104' title='bbox 273 954 583 1008; x_wconf 89' lang='lat' dir='ltr'>usucapionum</span> <span class='ocrx_word' id='word_1_105' title='bbox 620 955 853 996; x_wconf 86' lang='lat' dir='ltr'>tutelarum</span> <span class='ocrx_word' id='word_1_106' title='bbox 892 956 1183 1010; x_wconf 78' lang='lat' dir='ltr'>gentilitatum</span> <span class='ocrx_word' id='word_1_107' title='bbox 1218 956 1496 1010; x_wconf 83' lang='lat' dir='ltr'>agnationum</span> 
     </span>
     <span class='ocr_line' id='line_1_16' title="bbox 162 1011 1549 1069; baseline 0.004 -17"><span class='ocrx_word' id='word_1_108' title='bbox 162 1011 437 1053; x_wconf 86' lang='lat' dir='ltr'>adluvionum</span> <span class='ocrx_word' id='word_1_109' title='bbox 458 1013 840 1054; x_wconf 87' lang='lat' dir='ltr'>circumluvionum</span> <span class='ocrx_word' id='word_1_110' title='bbox 859 1028 1066 1054; x_wconf 83' lang='lat' dir='ltr'>nexorum</span> <span class='ocrx_word' id='word_1_111' title='bbox 1092 1015 1402 1068; x_wconf 84' lang='lat' dir='ltr'>mancipiorum</span> <span class='ocrx_word' id='word_1_112' title='bbox 1426 1030 1496 1069; x_wconf 82' lang='lat' dir='ltr'>pa·</span> <span class='ocrx_word' id='word_1_113' title='bbox 1517 1032 1549 1058; x_wconf 90' lang='lat'>15</span> 
     </span>
     <span class='ocr_line' id='line_1_17' title="bbox 160 1069 1497 1127; baseline 0.004 -18"><span class='ocrx_word' id='word_1_114' title='bbox 160 1069 316 1110; x_wconf 90' lang='lat' dir='ltr'>rietum</span> <span class='ocrx_word' id='word_1_115' title='bbox 348 1070 558 1111; x_wconf 91' lang='lat' dir='ltr'>luminum</span> <span class='ocrx_word' id='word_1_116' title='bbox 597 1071 929 1126; x_wconf 76' lang='lat' dir='ltr'>stillicidiorum,</span> <span class='ocrx_word' id='word_1_117' title='bbox 967 1075 1322 1113; x_wconf 83' lang='lat' dir='ltr'>testamentorum</span> <span class='ocrx_word' id='word_1_118' title='bbox 1353 1076 1497 1127; x_wconf 87' lang='lat' dir='ltr'>rupto-</span> 
     </span>
     <span class='ocr_line' id='line_1_18' title="bbox 161 1130 1497 1183; baseline 0.002 -15"><span class='ocrx_word' id='word_1_119' title='bbox 161 1142 256 1168; x_wconf 86' lang='lat' dir='ltr'>rum</span> <span class='ocrx_word' id='word_1_120' title='bbox 282 1130 355 1168; x_wconf 85' lang='lat' dir='ltr'>aut</span> <span class='ocrx_word' id='word_1_121' title='bbox 380 1132 571 1169; x_wconf 88' lang='lat' dir='ltr'>ratorum</span> <span class='ocrx_word' id='word_1_122' title='bbox 599 1132 918 1183; x_wconf 85' lang='lat' dir='ltr'>ceterarumque</span> <span class='ocrx_word' id='word_1_123' title='bbox 949 1144 1091 1170; x_wconf 89' lang='lat' dir='ltr'>rerum</span> <span class='ocrx_word' id='word_1_124' title='bbox 1121 1130 1497 1172; x_wconf 87' lang='lat' dir='ltr'>innumerabilium</span> 
     </span>
     <span class='ocr_line' id='line_1_19' title="bbox 160 1185 1496 1242; baseline 0.003 -16"><span class='ocrx_word' id='word_1_125' title='bbox 160 1185 255 1226; x_wconf 90' lang='lat' dir='ltr'>iura</span> <span class='ocrx_word' id='word_1_126' title='bbox 286 1190 520 1241; x_wconf 85' lang='lat' dir='ltr'>versentur,</span> <span class='ocrx_word' id='word_1_127' title='bbox 551 1200 679 1240; x_wconf 90' lang='lat' dir='ltr'>quom</span> <span class='ocrx_word' id='word_1_128' title='bbox 707 1188 879 1228; x_wconf 89' lang='lat' dir='ltr'>omnino</span> <span class='ocrx_word' id='word_1_129' title='bbox 907 1188 1007 1241; x_wconf 87' lang='lat' dir='ltr'>quid</span> <span class='ocrx_word' id='word_1_130' title='bbox 1033 1203 1157 1229; x_wconf 90' lang='lat' dir='ltr'>suum</span> <span class='ocrx_word' id='word_1_131' title='bbox 1183 1189 1283 1242; x_wconf 91' lang='lat' dir='ltr'>quid</span> <span class='ocrx_word' id='word_1_132' title='bbox 1311 1189 1496 1230; x_wconf 91' lang='lat' dir='ltr'>alienum</span> 
     </span>
     <span class='ocr_line' id='line_1_20' title="bbox 163 1244 1643 1308; baseline 0.003 -24"><span class='ocrx_word' id='word_1_133' title='bbox 163 1258 291 1298; x_wconf 88' lang='lat' dir='ltr'>quare</span> <span class='ocrx_word' id='word_1_134' title='bbox 333 1244 512 1298; x_wconf 90' lang='lat' dir='ltr'>denique</span> <span class='ocrx_word' id='word_1_135' title='bbox 553 1245 655 1286; x_wconf 85' lang='lat' dir='ltr'>civis</span> <span class='ocrx_word' id='word_1_136' title='bbox 694 1249 768 1286; x_wconf 84' lang='lat' dir='ltr'>aut</span> <span class='ocrx_word' id='word_1_137' title='bbox 804 1246 1053 1301; x_wconf 81' lang='lat' dir='ltr'>peregrinus</span> <span class='ocrx_word' id='word_1_138' title='bbox 1091 1261 1236 1287; x_wconf 87' lang='lat' dir='ltr'>servus</span> <span class='ocrx_word' id='word_1_139' title='bbox 1276 1250 1350 1287; x_wconf 86' lang='lat' dir='ltr'>aut</span> <span class='ocrx_word' id='word_1_140' title='bbox 1388 1247 1497 1288; x_wconf 89' lang='lat' dir='ltr'>liber</span> <span class='ocrx_word' id='word_1_141' title='bbox 1640 1287 1643 1308; x_wconf 56' lang='grc' dir='ltr'>Ι</span> 
     </span>
    </p>

    <p class='ocr_par' dir='ltr' id='par_1_5' title="bbox 93 1302 1643 1625">
     <span class='ocr_line' id='line_1_21' title="bbox 93 1302 1643 1363; baseline 0.003 -19"><span class='ocrx_word' id='word_1_142' title='bbox 93 1302 374 1356; x_wconf 83' lang='lat' dir='ltr'>174quispiam</span> <span class='ocrx_word' id='word_1_143' title='bbox 415 1303 472 1343; x_wconf 87' lang='lat' dir='ltr'>sit</span> <span class='ocrx_word' id='word_1_144' title='bbox 510 1303 699 1358; x_wconf 78' lang='lat' dir='ltr'>ignoret,</span> <span class='ocrx_word' id='word_1_145' title='bbox 736 1304 918 1359; x_wconf 81' lang='lat' dir='ltr'>insignis</span> <span class='ocrx_word' id='word_1_146' title='bbox 957 1307 1022 1345; x_wconf 87' lang='lat' dir='ltr'>est</span> <span class='ocrx_word' id='word_1_147' title='bbox 1057 1304 1356 1358; x_wconf 89' lang='lat' dir='ltr'>impudentiae.</span> <span class='ocrx_word' id='word_1_148' title='bbox 1416 1305 1497 1346; x_wconf 86' lang='lat' dir='ltr'>Illa</span> <span class='ocrx_word' id='word_1_149' title='bbox 1516 1323 1550 1349; x_wconf 81' lang='lat'>20</span> <span class='ocrx_word' id='word_1_150' title='bbox 1640 1319 1643 1363; x_wconf 71' lang='lat'>1</span> 
     </span>
     <span class='ocr_line' id='line_1_22' title="bbox 162 1360 1496 1418; baseline 0.003 -18"><span class='ocrx_word' id='word_1_151' title='bbox 162 1374 261 1401; x_wconf 88' lang='lat' dir='ltr'>vero</span> <span class='ocrx_word' id='word_1_152' title='bbox 300 1360 526 1401; x_wconf 88' lang='lat' dir='ltr'>deridenda</span> <span class='ocrx_word' id='word_1_153' title='bbox 564 1362 810 1416; x_wconf 79' lang='lat' dir='ltr'>arrogantia</span> <span class='ocrx_word' id='word_1_154' title='bbox 848 1365 928 1415; x_wconf 85' lang='lat' dir='ltr'>est,</span> <span class='ocrx_word' id='word_1_155' title='bbox 965 1362 1010 1402; x_wconf 86' lang='lat' dir='ltr'>in</span> <span class='ocrx_word' id='word_1_156' title='bbox 1047 1362 1283 1404; x_wconf 88' lang='lat' dir='ltr'>minoribus</span> <span class='ocrx_word' id='word_1_157' title='bbox 1314 1362 1496 1418; x_wconf 83' lang='lat' dir='ltr'>navigiis</span> 
     </span>
     <span class='ocr_line' id='line_1_23' title="bbox 163 1418 1496 1474; baseline 0.003 -16"><span class='ocrx_word' id='word_1_158' title='bbox 163 1418 313 1459; x_wconf 85' lang='lat' dir='ltr'>rudem</span> <span class='ocrx_word' id='word_1_159' title='bbox 334 1433 424 1460; x_wconf 87' lang='lat' dir='ltr'>esse</span> <span class='ocrx_word' id='word_1_160' title='bbox 447 1421 525 1471; x_wconf 83' lang='lat' dir='ltr'>[se]</span> <span class='ocrx_word' id='word_1_161' title='bbox 549 1420 754 1474; x_wconf 88' lang='lat' dir='ltr'>confiteri,</span> <span class='ocrx_word' id='word_1_162' title='bbox 775 1420 1090 1474; x_wconf 87' lang='lat' dir='ltr'>quinqueremis</span> <span class='ocrx_word' id='word_1_163' title='bbox 1111 1424 1253 1461; x_wconf 90' lang='lat' dir='ltr'>autem</span> <span class='ocrx_word' id='word_1_164' title='bbox 1274 1424 1347 1462; x_wconf 88' lang='lat' dir='ltr'>aut</span> <span class='ocrx_word' id='word_1_165' title='bbox 1367 1421 1496 1462; x_wconf 90' lang='lat' dir='ltr'>etiam</span> 
     </span>
     <span class='ocr_line' id='line_1_24' title="bbox 162 1476 1495 1532; baseline 0.002 -16"><span class='ocrx_word' id='word_1_166' title='bbox 162 1476 345 1517; x_wconf 88' lang='lat' dir='ltr'>maiores</span> <span class='ocrx_word' id='word_1_167' title='bbox 373 1478 608 1532; x_wconf 81' lang='lat' dir='ltr'>gubernare</span> <span class='ocrx_word' id='word_1_168' title='bbox 635 1478 843 1519; x_wconf 87' lang='lat' dir='ltr'>didicisse.</span> <span class='ocrx_word' id='word_1_169' title='bbox 893 1478 956 1519; x_wconf 87' lang='lat' dir='ltr'>Tu</span> <span class='ocrx_word' id='word_1_170' title='bbox 982 1479 1088 1519; x_wconf 87' lang='lat' dir='ltr'>mihi</span> <span class='ocrx_word' id='word_1_171' title='bbox 1115 1493 1243 1532; x_wconf 90' lang='lat' dir='ltr'>quom</span> <span class='ocrx_word' id='word_1_172' title='bbox 1267 1479 1312 1519; x_wconf 93' lang='lat' dir='ltr'>in</span> <span class='ocrx_word' id='word_1_173' title='bbox 1338 1480 1495 1520; x_wconf 85' lang='lat' dir='ltr'>circulo</span> 
     </span>
     <span class='ocr_line' id='line_1_25' title="bbox 163 1534 1643 1625; baseline 0.003 -51"><span class='ocrx_word' id='word_1_174' title='bbox 163 1534 373 1588; x_wconf 87' lang='lat' dir='ltr'>decipiare</span> <span class='ocrx_word' id='word_1_175' title='bbox 411 1536 626 1577; x_wconf 89' lang='lat' dir='ltr'>adversari</span> <span class='ocrx_word' id='word_1_176' title='bbox 667 1536 1018 1590; x_wconf 80' lang='lat' dir='ltr'>stipulatiuncula</span> <span class='ocrx_word' id='word_1_177' title='bbox 1056 1540 1098 1577; x_wconf 92' lang='lat' dir='ltr'>et</span> <span class='ocrx_word' id='word_1_178' title='bbox 1136 1551 1264 1590; x_wconf 89' lang='lat' dir='ltr'>quom</span> <span class='ocrx_word' id='word_1_179' title='bbox 1297 1537 1494 1591; x_wconf 81' lang='lat' dir='ltr'>obsignes</span> <span class='ocrx_word' id='word_1_180' title='bbox 1642 1554 1643 1625; x_wconf 35' lang='grc'>1</span> 
     </span>
    </p>

    <p class='ocr_par' dir='ltr' id='par_1_6' title="bbox 1642 1652 1643 1702">
     <span class='ocr_line' id='line_1_26' title="bbox 1642 1652 1643 1671; baseline 0 0"><span class='ocrx_word' id='word_1_181' title='bbox 1642 1652 1643 1671; x_wconf 71' lang='lat' dir='ltr'>l</span> 
     </span>
     <span class='ocr_line' id='line_1_27' title="bbox 1642 1674 1643 1702; baseline 0 0"><span class='ocrx_word' id='word_1_182' title='bbox 1642 1674 1643 1702; x_wconf 70' lang='grc'>1</span> 
     </span>
    </p>
   </div>
   <div class='ocr_carea' id='block_1_3' title="bbox 1625 0 1643 1175">
    <p class='ocr_par' dir='ltr' id='par_1_7' title="bbox 1625 0 1643 1175">
     <span class='ocr_line' id='line_1_28' title="bbox 1625 0 1643 1175; baseline 0 0"><span class='ocrx_word' id='word_1_183' title='bbox 1625 0 1643 1175; x_wconf 95' lang='lat' dir='ltr'> </span> 
     </span>
    </p>
   </div>
   <div class='ocr_carea' id='block_1_4' title="bbox 92 1593 1548 2345">
    <p class='ocr_par' dir='ltr' id='par_1_8' title="bbox 92 1593 1548 2345">
     <span class='ocr_line' id='line_1_29' title="bbox 162 1593 1548 1650; baseline 0.004 -18"><span class='ocrx_word' id='word_1_184' title='bbox 162 1593 343 1633; x_wconf 89' lang='lat' dir='ltr'>tabellas</span> <span class='ocrx_word' id='word_1_185' title='bbox 376 1593 542 1634; x_wconf 88' lang='lat' dir='ltr'>clientis</span> <span class='ocrx_word' id='word_1_186' title='bbox 575 1594 651 1647; x_wconf 83' lang='lat' dir='ltr'>tui,</span> <span class='ocrx_word' id='word_1_187' title='bbox 682 1594 836 1647; x_wconf 86' lang='lat' dir='ltr'>quibus</span> <span class='ocrx_word' id='word_1_188' title='bbox 862 1594 906 1634; x_wconf 87' lang='lat' dir='ltr'>in</span> <span class='ocrx_word' id='word_1_189' title='bbox 932 1594 1101 1634; x_wconf 82' lang='lat' dir='ltr'>tabellis</span> <span class='ocrx_word' id='word_1_190' title='bbox 1126 1594 1170 1634; x_wconf 85' lang='lat' dir='ltr'>id</span> <span class='ocrx_word' id='word_1_191' title='bbox 1196 1594 1252 1635; x_wconf 90' lang='lat' dir='ltr'>sit</span> <span class='ocrx_word' id='word_1_192' title='bbox 1277 1594 1495 1650; x_wconf 84' lang='lat' dir='ltr'>scriptum,</span> <span class='ocrx_word' id='word_1_193' title='bbox 1515 1613 1548 1638; x_wconf 86' lang='lat'>25</span> 
     </span>
     <span class='ocr_line' id='line_1_30' title="bbox 163 1651 1494 1706; baseline 0.003 -16"><span class='ocrx_word' id='word_1_194' title='bbox 163 1664 246 1703; x_wconf 93' lang='lat' dir='ltr'>quo</span> <span class='ocrx_word' id='word_1_195' title='bbox 274 1651 344 1691; x_wconf 91' lang='lat' dir='ltr'>ille</span> <span class='ocrx_word' id='word_1_196' title='bbox 372 1651 577 1705; x_wconf 86' lang='lat' dir='ltr'>capiatur,</span> <span class='ocrx_word' id='word_1_197' title='bbox 602 1665 682 1706; x_wconf 81' lang='lat' dir='ltr'>ego</span> <span class='ocrx_word' id='word_1_198' title='bbox 708 1652 789 1692; x_wconf 90' lang='lat' dir='ltr'>tibi</span> <span class='ocrx_word' id='word_1_199' title='bbox 814 1652 945 1692; x_wconf 90' lang='lat' dir='ltr'>ullam</span> <span class='ocrx_word' id='word_1_200' title='bbox 972 1667 1142 1693; x_wconf 85' lang='lat' dir='ltr'>causam</span> <span class='ocrx_word' id='word_1_201' title='bbox 1162 1652 1366 1693; x_wconf 89' lang='lat' dir='ltr'>maiorem</span> <span class='ocrx_word' id='word_1_202' title='bbox 1387 1667 1494 1694; x_wconf 87' lang='lat' dir='ltr'>com-</span> 
     </span>
     <span class='ocr_line' id='line_1_31' title="bbox 162 1708 1497 1763; baseline 0.003 -15"><span class='ocrx_word' id='word_1_203' title='bbox 162 1708 416 1749; x_wconf 87' lang='lat' dir='ltr'>mittendam</span> <span class='ocrx_word' id='word_1_204' title='bbox 441 1710 618 1762; x_wconf 76' lang='lat' dir='ltr'>putem?</span> <span class='ocrx_word' id='word_1_205' title='bbox 651 1708 788 1750; x_wconf 83' lang='lat' dir='ltr'>Citius</span> <span class='ocrx_word' id='word_1_206' title='bbox 813 1709 983 1750; x_wconf 82' lang='lat' dir='ltr'>hercule</span> <span class='ocrx_word' id='word_1_207' title='bbox 1008 1710 1057 1760; x_wconf 91' lang='lat' dir='ltr'>is,</span> <span class='ocrx_word' id='word_1_208' title='bbox 1090 1710 1162 1763; x_wconf 89' lang='lat' dir='ltr'>qui</span> <span class='ocrx_word' id='word_1_209' title='bbox 1189 1711 1368 1751; x_wconf 86' lang='lat' dir='ltr'>duorum</span> <span class='ocrx_word' id='word_1_210' title='bbox 1393 1712 1497 1752; x_wconf 87' lang='lat' dir='ltr'>scal-</span> 
     </span>
     <span class='ocr_line' id='line_1_32' title="bbox 162 1767 1494 1823; baseline 0.003 -17"><span class='ocrx_word' id='word_1_211' title='bbox 162 1780 331 1807; x_wconf 88' lang='lat' dir='ltr'>morum</span> <span class='ocrx_word' id='word_1_212' title='bbox 361 1767 602 1808; x_wconf 88' lang='lat' dir='ltr'>naviculam</span> <span class='ocrx_word' id='word_1_213' title='bbox 633 1768 678 1808; x_wconf 90' lang='lat' dir='ltr'>in</span> <span class='ocrx_word' id='word_1_214' title='bbox 702 1771 829 1821; x_wconf 90' lang='lat' dir='ltr'>portu</span> <span class='ocrx_word' id='word_1_215' title='bbox 856 1768 1067 1821; x_wconf 82' lang='lat' dir='ltr'>everterit,</span> <span class='ocrx_word' id='word_1_216' title='bbox 1096 1768 1142 1808; x_wconf 89' lang='lat' dir='ltr'>in</span> <span class='ocrx_word' id='word_1_217' title='bbox 1166 1768 1335 1809; x_wconf 82' lang='lat' dir='ltr'>Euxino</span> <span class='ocrx_word' id='word_1_218' title='bbox 1361 1773 1494 1823; x_wconf 90' lang='lat' dir='ltr'>ponto</span> 
     </span>
     <span class='ocr_line' id='line_1_33' title="bbox 92 1823 1494 1881; baseline 0.001 -15"><span class='ocrx_word' id='word_1_219' title='bbox 92 1823 508 1878; x_wconf 79' lang='lat' dir='ltr'>175Argonautarum</span> <span class='ocrx_word' id='word_1_220' title='bbox 536 1825 679 1866; x_wconf 88' lang='lat' dir='ltr'>navim</span> <span class='ocrx_word' id='word_1_221' title='bbox 712 1826 970 1880; x_wconf 87' lang='lat' dir='ltr'>oubernarit</span> <span class='ocrx_word' id='word_1_222' title='bbox 1033 1825 1169 1873; x_wconf 76' lang='lat' dir='ltr'>Quid?</span> <span class='ocrx_word' id='word_1_223' title='bbox 1202 1827 1237 1867; x_wconf 92' lang='lat' dir='ltr'>si</span> <span class='ocrx_word' id='word_1_224' title='bbox 1262 1841 1314 1867; x_wconf 88' lang='lat' dir='ltr'>ne</span> <span class='ocrx_word' id='word_1_225' title='bbox 1340 1842 1494 1881; x_wconf 89' lang='lat' dir='ltr'>parvae</span> 
     </span>
     <span class='ocr_line' id='line_1_34' title="bbox 163 1883 1547 1939; baseline 0.003 -16"><span class='ocrx_word' id='word_1_226' title='bbox 163 1883 332 1935; x_wconf 86' lang='lat' dir='ltr'>quidem</span> <span class='ocrx_word' id='word_1_227' title='bbox 365 1898 515 1924; x_wconf 84' lang='lat' dir='ltr'>causae</span> <span class='ocrx_word' id='word_1_228' title='bbox 549 1887 666 1936; x_wconf 89' lang='lat' dir='ltr'>sunt,</span> <span class='ocrx_word' id='word_1_229' title='bbox 702 1884 774 1924; x_wconf 91' lang='lat' dir='ltr'>sed</span> <span class='ocrx_word' id='word_1_230' title='bbox 806 1898 928 1938; x_wconf 89' lang='lat' dir='ltr'>saepe</span> <span class='ocrx_word' id='word_1_231' title='bbox 961 1884 1187 1938; x_wconf 88' lang='lat' dir='ltr'>maximae,</span> <span class='ocrx_word' id='word_1_232' title='bbox 1228 1884 1305 1936; x_wconf 88' lang='lat' dir='ltr'>[in]</span> <span class='ocrx_word' id='word_1_233' title='bbox 1340 1885 1493 1939; x_wconf 87' lang='lat' dir='ltr'>quibus</span> <span class='ocrx_word' id='word_1_234' title='bbox 1513 1903 1547 1928; x_wconf 88' lang='lat'>30</span> 
     </span>
     <span class='ocr_line' id='line_1_35' title="bbox 162 1917 1495 1997; baseline 0.003 -17"><span class='ocrx_word' id='word_1_235' title='bbox 162 1943 351 1981; x_wconf 84' lang='lat' dir='ltr'>certatur</span> <span class='ocrx_word' id='word_1_236' title='bbox 383 1942 431 1981; x_wconf 89' lang='lat' dir='ltr'>de</span> <span class='ocrx_word' id='word_1_237' title='bbox 463 1941 553 1982; x_wconf 87' lang='lat' dir='ltr'>iure</span> <span class='ocrx_word' id='word_1_238' title='bbox 586 1917 718 1996; x_wconf 81' lang='lat' dir='ltr'>civili,</span> <span class='ocrx_word' id='word_1_239' title='bbox 756 1942 868 1995; x_wconf 90' lang='lat' dir='ltr'>quod</span> <span class='ocrx_word' id='word_1_240' title='bbox 906 1942 1077 1982; x_wconf 81' lang='lat' dir='ltr'>tandem</span> <span class='ocrx_word' id='word_1_241' title='bbox 1115 1956 1160 1982; x_wconf 94' lang='lat' dir='ltr'>os</span> <span class='ocrx_word' id='word_1_242' title='bbox 1200 1946 1264 1983; x_wconf 90' lang='lat' dir='ltr'>est</span> <span class='ocrx_word' id='word_1_243' title='bbox 1304 1943 1393 1983; x_wconf 87' lang='grc'><strong>81118</strong></span> <span class='ocrx_word' id='word_1_244' title='bbox 1424 1958 1495 1997; x_wconf 87' lang='lat' dir='ltr'>pa-</span> 
     </span>
     <span class='ocr_line' id='line_1_36' title="bbox 160 1998 1495 2052; baseline 0.002 -14"><span class='ocrx_word' id='word_1_245' title='bbox 160 1998 287 2051; x_wconf 91' lang='lat' dir='ltr'>troni,</span> <span class='ocrx_word' id='word_1_246' title='bbox 314 1999 385 2052; x_wconf 90' lang='lat' dir='ltr'>qui</span> <span class='ocrx_word' id='word_1_247' title='bbox 418 1999 470 2039; x_wconf 90' lang='lat' dir='ltr'>ad</span> <span class='ocrx_word' id='word_1_248' title='bbox 502 2014 572 2040; x_wconf 89' lang='lat' dir='ltr'>eas</span> <span class='ocrx_word' id='word_1_249' title='bbox 605 2015 753 2041; x_wconf 84' lang='lat' dir='ltr'>causas</span> <span class='ocrx_word' id='word_1_250' title='bbox 786 2000 876 2040; x_wconf 88' lang='lat' dir='ltr'>sine</span> <span class='ocrx_word' id='word_1_251' title='bbox 907 2000 994 2040; x_wconf 90' lang='lat' dir='ltr'>ulla</span> <span class='ocrx_word' id='word_1_252' title='bbox 1027 2000 1204 2041; x_wconf 87' lang='lat' dir='ltr'>scientia</span> <span class='ocrx_word' id='word_1_253' title='bbox 1234 2000 1339 2041; x_wconf 89' lang='lat' dir='ltr'>iuris</span> <span class='ocrx_word' id='word_1_254' title='bbox 1369 2001 1495 2042; x_wconf 90' lang='lat' dir='ltr'>audet</span> 
     </span>
     <span class='ocr_line' id='line_1_37' title="bbox 161 2056 1493 2112; baseline 0.002 -16"><span class='ocrx_word' id='word_1_255' title='bbox 161 2057 387 2097; x_wconf 78' lang='lat' dir='ltr'>accedere?</span> <span class='ocrx_word' id='word_1_256' title='bbox 434 2056 550 2105; x_wconf 79' lang='lat' dir='ltr'>Quae</span> <span class='ocrx_word' id='word_1_257' title='bbox 581 2058 723 2111; x_wconf 91' lang='lat' dir='ltr'>potuit</span> <span class='ocrx_word' id='word_1_258' title='bbox 753 2058 887 2112; x_wconf 82' lang='lat' dir='ltr'>igitur</span> <span class='ocrx_word' id='word_1_259' title='bbox 918 2072 1009 2098; x_wconf 89' lang='lat' dir='ltr'>esse</span> <span class='ocrx_word' id='word_1_260' title='bbox 1042 2073 1168 2098; x_wconf 87' lang='lat' dir='ltr'>causa</span> <span class='ocrx_word' id='word_1_261' title='bbox 1199 2059 1335 2099; x_wconf 88' lang='lat' dir='ltr'>maior</span> <span class='ocrx_word' id='word_1_262' title='bbox 1367 2073 1493 2112; x_wconf 85' lang='lat' dir='ltr'>quam</span> 
     </span>
     <span class='ocr_line' id='line_1_38' title="bbox 159 2114 1491 2157; baseline 0.003 -4"><span class='ocrx_word' id='word_1_263' title='bbox 159 2114 274 2154; x_wconf 87' lang='lat' dir='ltr'>illius</span> <span class='ocrx_word' id='word_1_264' title='bbox 313 2114 492 2155; x_wconf 81' lang='lat' dir='ltr'>militis?</span> <span class='ocrx_word' id='word_1_265' title='bbox 536 2116 585 2156; x_wconf 91' lang='lat' dir='ltr'>de</span> <span class='ocrx_word' id='word_1_266' title='bbox 618 2116 737 2157; x_wconf 87' lang='lat' dir='ltr'>cuius</span> <span class='ocrx_word' id='word_1_267' title='bbox 769 2119 906 2157; x_wconf 88' lang='lat' dir='ltr'>morte</span> <span class='ocrx_word' id='word_1_268' title='bbox 939 2131 1029 2156; x_wconf 86' lang='lat' dir='ltr'>cum</span> <span class='ocrx_word' id='word_1_269' title='bbox 1066 2116 1238 2157; x_wconf 91' lang='lat' dir='ltr'>domum</span> <span class='ocrx_word' id='word_1_270' title='bbox 1275 2116 1407 2157; x_wconf 84' lang='lat' dir='ltr'>falsus</span> <span class='ocrx_word' id='word_1_271' title='bbox 1439 2117 1491 2157; x_wconf 89' lang='lat' dir='ltr'>ab</span> 
     </span>
     <span class='ocr_line' id='line_1_39' title="bbox 160 2172 1545 2228; baseline 0.003 -16"><span class='ocrx_word' id='word_1_272' title='bbox 160 2172 346 2213; x_wconf 89' lang='lat' dir='ltr'>exercitu</span> <span class='ocrx_word' id='word_1_273' title='bbox 371 2173 547 2213; x_wconf 89' lang='lat' dir='ltr'>nuntius</span> <span class='ocrx_word' id='word_1_274' title='bbox 573 2174 759 2215; x_wconf 89' lang='lat' dir='ltr'>venisset</span> <span class='ocrx_word' id='word_1_275' title='bbox 785 2177 827 2215; x_wconf 91' lang='lat' dir='ltr'>et</span> <span class='ocrx_word' id='word_1_276' title='bbox 852 2176 973 2228; x_wconf 88' lang='lat' dir='ltr'>pater</span> <span class='ocrx_word' id='word_1_277' title='bbox 996 2173 1085 2214; x_wconf 89' lang='lat' dir='ltr'>eius</span> <span class='ocrx_word' id='word_1_278' title='bbox 1111 2189 1155 2214; x_wconf 89' lang='lat' dir='ltr'>re</span> <span class='ocrx_word' id='word_1_279' title='bbox 1183 2174 1342 2216; x_wconf 86' lang='lat' dir='ltr'>credita</span> <span class='ocrx_word' id='word_1_280' title='bbox 1366 2177 1493 2215; x_wconf 87' lang='lat' dir='ltr'>testa-</span> <span class='ocrx_word' id='word_1_281' title='bbox 1511 2191 1545 2216; x_wconf 89' lang='lat'>35</span> 
     </span>
     <span class='ocr_line' id='line_1_40' title="bbox 160 2232 1494 2285; baseline 0.001 -14"><span class='ocrx_word' id='word_1_282' title='bbox 160 2233 351 2271; x_wconf 91' lang='lat' dir='ltr'>mentum</span> <span class='ocrx_word' id='word_1_283' title='bbox 383 2234 592 2273; x_wconf 88' lang='lat' dir='ltr'>mutasset</span> <span class='ocrx_word' id='word_1_284' title='bbox 624 2235 665 2272; x_wconf 91' lang='lat' dir='ltr'>et</span> <span class='ocrx_word' id='word_1_285' title='bbox 693 2246 818 2285; x_wconf 90' lang='lat' dir='ltr'>quem</span> <span class='ocrx_word' id='word_1_286' title='bbox 844 2232 882 2273; x_wconf 94' lang='lat' dir='ltr'>ei</span> <span class='ocrx_word' id='word_1_287' title='bbox 911 2233 1049 2273; x_wconf 89' lang='lat' dir='ltr'>visum</span> <span class='ocrx_word' id='word_1_288' title='bbox 1081 2235 1193 2273; x_wconf 87' lang='lat' dir='ltr'>esset</span> <span class='ocrx_word' id='word_1_289' title='bbox 1223 2232 1394 2273; x_wconf 86' lang='lat' dir='ltr'>fecisset</span> <span class='ocrx_word' id='word_1_290' title='bbox 1423 2232 1494 2273; x_wconf 87' lang='lat' dir='ltr'>he-</span> 
     </span>
     <span class='ocr_line' id='line_1_41' title="bbox 158 2289 1494 2345; baseline 0.001 -16"><span class='ocrx_word' id='word_1_291' title='bbox 158 2289 301 2330; x_wconf 91' lang='lat' dir='ltr'>redem</span> <span class='ocrx_word' id='word_1_292' title='bbox 340 2292 534 2343; x_wconf 88' lang='lat' dir='ltr'>essetque</span> <span class='ocrx_word' id='word_1_293' title='bbox 571 2289 662 2344; x_wconf 91' lang='lat' dir='ltr'>ipse</span> <span class='ocrx_word' id='word_1_294' title='bbox 701 2293 914 2345; x_wconf 90' lang='lat' dir='ltr'>mortuus,</span> <span class='ocrx_word' id='word_1_295' title='bbox 952 2304 1019 2331; x_wconf 83' lang='lat' dir='ltr'>res</span> <span class='ocrx_word' id='word_1_296' title='bbox 1052 2290 1191 2331; x_wconf 88' lang='lat' dir='ltr'>delata</span> <span class='ocrx_word' id='word_1_297' title='bbox 1222 2293 1287 2331; x_wconf 87' lang='lat' dir='ltr'>est</span> <span class='ocrx_word' id='word_1_298' title='bbox 1319 2290 1371 2331; x_wconf 84' lang='lat' dir='ltr'>ad</span> <span class='ocrx_word' id='word_1_299' title='bbox 1402 2304 1494 2332; x_wconf 88' lang='lat' dir='ltr'>cen-</span> 
     </span>
    </p>
   </div>
  </div>
 </body>
</html>
