1643 2526
164 105 313 140 XLVIII
579 106 859 142 ADNOTATIO
887 105 1041 141 CRITIC
1048 108 1086 141 A.

166 221 234 245 om.
259 223 294 245 m
323 232 365 236 ——
392 212 528 252 oratori
548 212 644 256 plac.
670 211 708 245 M
737 233 781 237 —
815 215 869 247 16.
895 212 1007 255 finiri.
1045 213 1085 247 Is
1110 216 1228 247 autem
1253 212 1280 246 L
1307 233 1351 238 —-
1378 215 1433 246 19.
1458 217 1501 248 ut

165 268 234 291 om.
260 258 299 291 M
332 278 376 283 ——
408 263 462 293 22.
489 258 638 293 Ennius
663 259 690 292 L
723 279 767 283 —-
803 262 857 293 28.
883 260 1036 303 spiritus
1060 258 1087 292 L
1114 279 1157 284 --
1185 262 1240 294 30.
1265 261 1317 294 sic
1342 263 1374 294 et
1398 263 1448 294 est
1472 259 1500 293 L

165 325 207 329 —
235 308 290 338 31.
316 309 356 340 ut
381 305 408 338 L
434 326 480 330 —-
505 309 635 340 terreat
658 305 697 339 M
734 326 779 331 —-
817 309 872 339 32.
900 305 998 339 Nam
1022 316 1131 350 neque
1155 305 1184 339 L
1224 326 1262 331 —
1300 309 1356 341 33.
1381 306 1500 348 fracta

164 350 202 384 M
221 351 247 395 (1
263 354 298 394 ο)
332 372 376 376 -
409 355 463 386 35.
495 356 529 386 et
552 363 596 386 ex
619 353 700 387 istis
724 351 762 385 M
787 363 830 387 eoe
855 352 930 386 illis
953 351 982 384 L
1013 372 1057 376 —
1088 351 1127 387 P.
1154 356 1232 388 211.
1258 356 1290 387 4.
1317 353 1447 395 dtfflcse
1470 351 1500 386 L

166 417 208 421 —
234 399 274 432 id
293 399 334 432 in
354 398 380 431 L
407 419 451 423 —
479 402 508 432 7.
535 400 746 433 continuum
765 400 813 433 sit
830 398 858 432 L
884 419 927 422 —
954 402 985 432 8.
1007 403 1165 443 ponetur
1182 398 1210 432 L
1235 419 1279 423 --
1305 400 1452 434 indocta
1470 399 1498 432 L

165 464 207 468 —
243 448 294 478 10.
328 446 416 489 quid
441 449 490 480 est
514 446 618 480 aliud
649 455 668 479 e
700 446 788 490 quid
812 449 862 480 est
886 445 991 479 aliud
1015 456 1145 480 causae
1174 445 1202 478 L
1234 466 1277 470 —-
1312 449 1365 479 11.
1397 447 1501 480 auris

164 490 201 523 M
222 492 272 535 (ο)
299 493 449 526 auribus
469 502 488 526 e
515 512 558 516 -—
583 496 738 526 naturae
762 491 789 525 L
817 512 858 517 —
884 493 1091 527 moderatur
1110 493 1191 536 ipsa
1216 502 1235 526 e
1262 513 1304 517 —
1333 496 1386 526 14.
1411 496 1454 527 ut
1470 491 1498 525 L
1523 514 1529 517 -

164 542 196 572 et
221 550 247 570 ω
279 558 324 562 —-
356 542 408 573 20.
434 539 546 573 uerba
570 538 597 571 L
636 559 679 563 -—
717 542 772 573 21.
799 540 840 573 in
865 548 933 572 om.
959 538 998 571 M
1030 559 1073 563 —
1109 542 1163 572 22.
1191 539 1368 574 orationes
1391 538 1430 572 M
1456 559 1498 563 —

164 585 408 619 conuersionz's
432 585 471 618 M
495 586 670 630 (eonuors.
697 585 790 629 HA)
822 605 865 610 —
897 588 953 619 23.
987 589 1053 619 aut
1071 586 1195 629 prima
1219 585 1258 619 M
1284 606 1326 610 ——
1353 589 1408 620 24.
1435 589 1501 620 aut

163 634 251 665 ecctr.
279 631 307 665 Ο
333 636 422 666 eaetr.
447 631 476 665 P
508 652 549 656 --
585 636 639 666 26.
666 633 715 666 eis
741 631 769 666 O
796 652 839 656 ——
867 635 921 666 27.
948 633 1043 676 Quod
1058 631 1133 677 [leo
1158 631 1192 665 H
1217 633 1311 676 quod
1334 643 1395 678 eqo
1422 636 1498 666 e32

164 696 208 702 ——
235 681 289 712 31.
317 678 506 721 difficilior
529 678 557 711 L
584 699 626 703 —
654 679 702 712 ad
808 679 879 712 ista
905 688 973 712 om.
1000 678 1028 711 L
1061 698 1105 703 —
1140 682 1195 712 33.
1227 690 1300 713 non
1325 690 1365 713 ea
1391 678 1429 712 M
1455 698 1499 703 —

164 727 196 758 et
219 723 246 756 L
285 744 330 749 —-
368 727 421 759 34.
448 726 612 759 uidemus
635 724 663 758 L
702 744 745 749 —
784 728 839 759 35.
866 729 931 759 aut
954 736 1006 759 me
1032 735 1101 759 om.
1128 724 1165 757 M
1201 746 1247 750 —-
1284 728 1338 759 36.
1372 726 1435 760 isti
1462 725 1500 758 M

165 780 254 805 corr.
280 770 315 803 H
339 791 384 796 —
409 775 463 806 37.
490 772 582 806 dieis
607 781 676 806 om.
703 771 741 804 M
768 791 810 795 —
836 770 874 806 P.
902 774 980 805 212.
1008 776 1039 806 3.
1072 776 1189 806 tamen
1213 771 1240 804 L
1266 773 1428 807 al'tande
1452 771 1500 805 L2

165 836 206 841 —
234 827 272 851 eo
293 819 330 850 et
350 822 369 851 5
390 817 461 851 lit-t.
483 829 535 861 sp.
558 819 587 851 A
616 817 747 861 (maius
770 829 821 861 sp.
844 828 864 851 ο
879 819 938 859 32)
964 837 1008 842 -
1036 822 1065 852 5.
1093 822 1212 852 tenore
1231 818 1268 851 M
1294 838 1337 843 —
1359 819 1500 863 quidem

164 864 199 906 (4
218 862 290 897 litt..
312 865 380 907 sp.)
405 875 448 898 ca
473 866 506 908 (6
528 863 599 897 litt.
622 866 690 907 sp.)
716 865 845 908 interp.
865 863 903 897 M
931 884 972 888 —
1001 868 1030 898 7.
1058 865 1142 899 dim.
1167 863 1255 908 Ε1γ
1271 875 1290 898 e
1319 885 1357 890 —
1388 866 1501 909 iyitm·

167 909 316 944 Crassus
346 912 466 954 inquit
496 924 522 944 ω
561 912 655 954 (119,
686 912 741 955 15)
779 931 822 934 -
860 922 883 945 a
909 911 979 955 Ieye
1009 910 1047 943 M
1078 912 1131 955 (et
1155 914 1177 944 4
1202 910 1275 945 litt.
1302 923 1355 955 sp.
1380 911 1429 953 H)
1454 931 1500 936 —

165 960 194 990 9.
222 957 324 991 nobis
350 956 447 990 Elm
471 958 574 992 uobis
601 956 626 991 C
663 977 707 982 ——
745 958 786 991 in
809 957 874 991 hoc
899 956 1000 1000 M(e)
1038 977 1082 982 -—
1122 960 1176 991 10.
1203 962 1378 1001 quantum
1401 957 1430 991 L
1456 978 1501 983 —

166 1006 219 1036 11.
253 1014 294 1038 ac
319 1003 379 1037 eL
419 1024 461 1028 —
503 1002 556 1038 12.
594 1004 817 1046 efficiendast
843 1002 922 1037 HA
955 1004 1018 1047 (da
1042 1008 1092 1038 est
1116 1002 1160 1047 E)
1192 1004 1245 1039 Et
1274 1004 1502 1047 efficiendum

164 1054 214 1083 est
237 1049 265 1082 L
298 1070 341 1074 -—
377 1054 429 1084 15.
461 1054 494 1085 et
519 1061 606 1095 quos
637 1052 672 1094 (4
698 1049 769 1085 litt..
798 1051 866 1093 sp.)
898 1054 931 1084 et
954 1049 1076 1083 HAE
1109 1070 1151 1074 —
1187 1054 1240 1085 16.
1273 1051 1450 1096 capienda
1475 1049 1501 1084 C

166 1106 256 1130 corr.
277 1109 304 1130 ω
325 1117 367 1121 -
387 1097 505 1131 uerbis
526 1096 563 1129 M
589 1118 631 1121 ——
659 1101 713 1131 22.
740 1108 782 1131 ac
801 1096 838 1129 M
858 1108 881 1130 a
900 1096 927 1129 L
948 1097 992 1131 ab
1013 1095 1144 1140 scripsi
1170 1116 1214 1122 -
1240 1100 1296 1131 25.
1322 1098 1364 1131 in
1388 1096 1500 1132 om.L

164 1163 209 1167 —
235 1146 290 1177 26.
316 1144 375 1177 ille?
400 1154 469 1177 om.
497 1143 534 1176 M
559 1143 677 1177 Rufin.
711 1164 752 1168 —
779 1147 834 1178 27.
862 1154 904 1178 ne
929 1143 967 1176 M
980 1142 1027 1176 1³2
1050 1144 1091 1177 in
1116 1143 1143 1176 L
1170 1163 1213 1167 —
1240 1147 1295 1178 31.
1321 1144 1378 1178 his
1402 1144 1430 1177 L
1455 1164 1500 1168 -—

163 1191 359 1233 perspectio
384 1189 411 1223 L
438 1211 480 1214 —
507 1194 562 1224 33.
595 1190 683 1234 quid
707 1189 745 1223 M
772 1210 813 1214 —
842 1194 896 1224 34.
928 1191 976 1224 sit
999 1189 1027 1222 L
1053 1210 1096 1214 —-
1119 1190 1241 1234 prima
1260 1201 1378 1234 pauce
1402 1190 1430 1223 L
1456 1211 1500 1215 —

166 1240 219 1270 35.
247 1240 444 1271 cernuntur
464 1235 492 1270 O
519 1237 657 1281 ceruntj
689 1236 692 1282 l
726 1238 727 1258 ³
750 1236 778 1269 P
807 1257 847 1261 —
868 1247 959 1280 quae
979 1247 1048 1271 om.
1070 1235 1098 1269 E
1116 1236 1235 1271 Rufin.
1255 1257 1301 1262 —
1320 1237 1358 1271 P.
1374 1241 1452 1272 213.
1469 1241 1499 1272 1.

164 1286 249 1317 sunt
271 1283 345 1325 fere
369 1283 397 1316 L
424 1304 466 1307 -
494 1287 526 1317 2.
552 1294 626 1318 non
644 1294 714 1318 om.
735 1283 772 1316 M
798 1304 841 1307 —
869 1287 899 1317 3.
927 1283 1084 1318 ehorieos
1103 1282 1130 1315 L
1156 1303 1200 1308 --
1226 1287 1258 1318 4.
1285 1287 1350 1318 aut
1368 1287 1401 1318 et
1418 1283 1500 1317 ΜΟ

165 1333 229 1364 aut
248 1330 289 1363 in
308 1330 335 1363 P
361 1334 426 1364 aut
445 1331 476 1364 et
496 1343 522 1363 ω
549 1351 591 1354 -
620 1333 650 1364 5.
677 1330 877 1373 efficientur
895 1329 923 1362 L
949 1330 1174 1373 efficerentur
1192 1329 1239 1363 Pl
1259 1351 1302 1354 —
1321 1334 1364 1365 ut
1383 1340 1451 1364 om.
1472 1329 1501 1363 L

164 1395 208 1401 —
236 1380 266 1410 6.
292 1376 331 1410 ἤι’
358 1376 386 1410 O
412 1377 457 1410 In
484 1376 512 1410 P
538 1397 581 1401 —-
609 1380 639 1411 7.
670 1377 740 1419 fae.
767 1377 861 1421 quod
886 1376 912 1409 L
941 1397 983 1400 —
1011 1380 1042 1410 8.
1069 1376 1196 1411 Sedon.
1223 1375 1342 1421 M(m)
1366 1376 1501 1422 Sydon.

166 1422 194 1456 O
222 1422 306 1456 add.
345 1424 413 1457 alle
445 1422 488 1456 P¹
525 1424 585 1458 ille
612 1423 640 1457 O
680 1444 722 1447 —
762 1426 792 1457 9.
831 1434 944 1457 emam.
971 1421 997 1457 C
1035 1443 1078 1447 -—
1119 1426 1172 1457 10.
1209 1424 1313 1458 uaris
1343 1422 1425 1457 HA
1455 1443 1502 1448 ——

164 1480 181 1503 e
200 1473 301 1513 temp.
329 1469 428 1503 Mlo
455 1471 547 1514 (130,
569 1473 630 1511 26;
657 1474 736 1513 336,
757 1471 816 1513 26)
844 1489 887 1494 -
916 1473 969 1503 12.
996 1470 1133 1513 uolupt.
1160 1470 1197 1503 M
1222 1490 1266 1494 —
1292 1470 1446 1505 eiecisset
1464 1469 1503 1503 M

164 1517 329 1550 erescisset
355 1527 373 1549 e
399 1518 584 1551 cone'cisset
609 1520 651 1550 32
678 1537 721 1541 -—
750 1521 803 1550 13.
830 1517 870 1550 in
895 1526 964 1549 om.
988 1515 1026 1549 M
1051 1536 1094 1540 ——
1124 1519 1177 1550 16.
1204 1516 1261 1560 qm
1285 1515 1406 1550 HAE
1433 1527 1502 1561 quo

164 1562 246 1596 loe
284 1574 439 1607 quonam
478 1563 561 1596 32L
600 1583 643 1587 -—
684 1566 736 1596 18.
776 1564 816 1597 in
855 1573 923 1596 om.
960 1562 987 1595 L
1027 1582 1068 1586 -
1108 1565 1163 1595 20.
1201 1566 1287 1597 sunt
1323 1561 1419 1606 eyL
1457 1583 1502 1588 —

166 1613 220 1642 24.
247 1610 398 1643 multum
416 1609 443 1642 L
470 1614 544 1644 tum
563 1610 674 1644 multo
700 1622 726 1642 ω
747 1619 816 1643 om.
838 1608 875 1641 M
900 1629 943 1632 —
970 1609 1187 1643 ostenderint
1212 1608 1239 1642 L
1266 1629 1310 1633 —
1336 1609 1444 1644 uerbo
1464 1608 1503 1642 M

166 1675 208 1680 —
229 1659 284 1689 26.
304 1666 414 1700 neque
434 1655 461 1688 L
483 1675 525 1680 —
546 1667 664 1689 rerum
685 1666 754 1690 om.
775 1655 813 1688 M
825 1654 885 1700 (Η)
907 1676 949 1679 -—
971 1659 1026 1689 28.
1047 1656 1162 1689 omnis
1182 1654 1219 1688 M
1233 1656 1281 1699 (e)
1301 1675 1346 1680 —
1372 1659 1427 1690 30.
1446 1656 1504 1690 his

165 1701 242 1734 mL
280 1722 323 1726 —
364 1705 418 1736 33.
458 1706 490 1736 et
515 1713 600 1746 pop.
639 1701 667 1734 L
705 1722 748 1726 -
787 1705 841 1736 34.
880 1705 1076 1736 conuentus
1108 1701 1136 1734 E
1168 1703 1271 1746 (corr.
1301 1703 1334 1746 1)
1367 1702 1426 1736 eL
1458 1722 1503 1727 -—

166 1752 222 1783 35.
247 1749 402 1793 singulis
421 1749 458 1781 M
473 1749 520 1792 (e)
548 1769 592 1773 —
618 1747 654 1783 P.
677 1751 754 1782 214.
778 1752 808 1783 1.
835 1760 857 1782 a
877 1758 947 1782 om.
968 1747 1006 1780 M
1025 1749 1051 1792 (1
1066 1748 1100 1792 e)
1124 1768 1170 1772 —
1194 1749 1269 1783 nisi
1285 1753 1456 1783 naturam
1474 1748 1503 1782 L

166 1815 208 1819 ——
236 1797 268 1829 4.
295 1796 533 1829 exercitamur
557 1795 636 1828 HA
662 1815 705 1819 —
732 1795 901 1829 amamur
926 1794 963 1827 M
977 1795 1025 1838 (e)
1051 1815 1094 1819 —
1121 1799 1152 1829 8.
1179 1796 1377 1830 maioribus
1400 1800 1442 1830 ut
1465 1794 1504 1828 M

166 1862 209 1866 —
238 1845 291 1875 10.
318 1843 358 1875 in
387 1842 541 1876 Graecia
566 1841 594 1874 L
619 1862 663 1866 —
690 1844 744 1875 11.
772 1843 814 1876 de
840 1852 908 1876 om.
936 1840 983 1874 Μ’
1000 1861 1043 1865 -—
1071 1845 1123 1875 15.
1156 1843 1273 1876 tacite.
1315 1842 1449 1876 Tamen
1474 1841 1502 1875 L

168 1908 207 1911 —
251 1891 303 1922 18.
343 1889 517 1923 circulum
548 1888 586 1921 M
624 1908 667 1912 —
705 1899 813 1922 ouum
839 1887 877 1920 M
898 1890 945 1931 (e)
984 1908 1028 1912 —
1067 1891 1122 1922 20.
1161 1889 1288 1923 audire
1315 1889 1340 1922 C
1373 1889 1504 1923 audere

167 1933 351 1978 eO²mrg.
379 1955 422 1959 —
449 1938 504 1969 21.
530 1935 696 1969 naturali
720 1934 747 1968 L
774 1955 817 1959 —
844 1938 898 1969 22.
926 1934 1116 1968 tendebant
1140 1934 1167 1967 L
1194 1945 1263 1969 om.
1291 1934 1335 1968 P¹
1361 1945 1452 1970 corr.
1473 1933 1503 1969 Ο

165 2001 208 2005 ——
236 1984 291 2015 23.
318 1985 349 2016 et
369 1982 534 2025 qualibus
560 1981 597 2014 M
618 1981 644 2025 (1
659 1983 691 2025 e)
718 2002 761 2005 —
788 1984 843 2015 28.
868 1982 901 2015 si
925 1981 1088 2015 habitum
1113 1982 1222 2015 etiam
1246 1981 1274 2014 L
1300 2001 1344 2006 —-
1370 1984 1425 2015 29.
1452 1985 1504 2016 est

160 2028 272 2071 plena
296 2027 324 2060 L
357 2048 400 2052 —
432 2031 487 2061 30.
513 2032 545 2062 et
570 2032 687 2062 tamen
712 2028 739 2061 L
771 2048 815 2052 —
846 2032 879 2062 et
903 2028 1021 2062 tenuis
1045 2031 1078 2061 et
1101 2027 1129 2060 L
1162 2047 1206 2052 —
1239 2031 1293 2062 32.
1325 2028 1503 2072 quaedam

165 2073 203 2106 M
218 2073 245 2118 (l
259 2075 292 2117 e)
320 2095 360 2098 —
388 2077 443 2109 34.
469 2075 571 2109 nobis
587 2075 646 2109 hic
669 2074 697 2107 L
723 2095 767 2099 —
794 2078 848 2109 36.
874 2078 907 2108 et
931 2073 969 2106 M
989 2074 1082 2117 (221,
1103 2075 1138 2116 4)
1165 2095 1208 2098 —
1235 2078 1290 2109 37.
1315 2078 1449 2118 putant
1473 2074 1502 2108 E

166 2121 196 2164 (e
210 2131 252 2154 ex
266 2123 315 2164 ιι),
337 2131 356 2154 e
382 2141 425 2146 —
451 2120 490 2154 P.
506 2124 584 2155 215.
604 2125 631 2155 1.
659 2120 761 2154 locus
788 2119 960 2154 confusus
982 2121 1019 2153 et
1044 2119 1154 2163 plane
1181 2123 1385 2164 corruptus.
1428 2120 1502 2154 Ita-

166 2177 236 2209 que
274 2166 442 2201 codicum
479 2166 703 2211 optimorum
739 2167 853 2201 verba
889 2168 932 2200 ut
969 2167 1054 2200 sunt
1096 2167 1342 2201 transcribere
1386 2165 1503 2200 malui

166 2224 277 2256 quam
309 2224 368 2256 ea,
406 2224 501 2257 quae
532 2224 646 2257 usque
680 2213 726 2248 ab
757 2213 926 2247 Manussio
959 2214 997 2247 et
1028 2212 1205 2247 Lambino
1238 2224 1283 2247 ex
1313 2212 1500 2248 inferioris

167 2259 305 2294 ordinis
331 2259 437 2294 libris
472 2262 620 2304 sumpta
645 2261 683 2294 et
708 2260 867 2304 probata
890 2259 984 2301 vidi,
1017 2258 1158 2293 diutius
1190 2259 1361 2294 retinere.
1412 2260 1502 2293 Post

166 2312 374 2342 moveantur
406 2306 503 2341 enim
535 2307 678 2340 addunt
709 2308 759 2342 sie
789 2307 903 2342 verbis
934 2306 1074 2350 quidem
1100 2306 1148 2340 ad
1176 2310 1299 2351 aptam
1329 2307 1501 2351 composi-
