1643 2526
416 90 560 125 LIBER
585 90 611 126 Ι.
661 89 760 126 CAP.
787 94 842 125 58.
894 94 913 133 ξ
939 93 1135 126 244—250.
1391 91 1445 131 61

104 202 181 228 sua
211 190 424 228 vetustate
457 186 731 229 consenuisse
764 189 838 227 aut
868 186 991 227 novis
1023 186 1192 241 legibus
1225 200 1317 227 esse
1350 187 1447 227 sub-

103 246 242 287 latas?
293 245 415 294 Quod
445 260 544 287 vero
577 245 691 287 viros
724 245 861 286 bonos
899 245 991 286 iure
1029 244 1144 286 civili
1182 245 1275 286 fieri
1306 248 1446 299 putas,

105 304 204 358 quia
240 304 408 359 legibus
447 307 489 345 et
525 303 715 358 praemia
752 303 977 358 proposita
1015 303 1101 344 sint
1138 303 1371 344 virtutibus
1405 307 1446 345 et

105 362 314 417 supplicia
344 362 474 417 vitiis,
505 362 700 416 equidem
725 363 932 416 putabam
957 361 1162 403 virtutem
1186 361 1447 416 hominibus,

70 421 142 463 5si
179 422 305 462 modo
344 421 455 463 tradi
492 421 658 462 ratione
697 420 853 475 possit,
890 420 1155 461 instituendo
1194 424 1237 461 et
1274 435 1447 475 persua-

105 480 259 535 dendo,
295 494 383 520 non
420 480 546 521 minis
586 483 628 520 et
664 479 707 520 vi
739 493 787 520 ac
819 482 937 520 metu
974 479 1096 520 tradi.
1158 478 1272 520 Nam
1302 479 1445 533 ipsum

105 539 276 592 quidem
315 538 421 579 illud
462 538 592 579 etiam
635 538 725 579 sine
764 537 1010 593 cognitione
1050 537 1175 592 iuris,
1219 552 1347 591 quam
1388 538 1444 578 sit

104 597 265 638 bellum
297 612 443 638 cavere
476 597 649 651 malum,
681 596 788 637 scire
819 610 1058 650 possumus.
1109 596 1174 636 De
1200 610 1267 637 me
1301 598 1515 637 autem-248

103 656 218 710 ipso,
256 656 323 697 cui
362 655 436 696 uni
475 659 523 696 tu
556 655 770 709 concedis,
807 658 856 695 ut
888 655 978 696 sine
1011 654 1098 695 ulla
1128 654 1233 696 iuris
1266 654 1447 695 scientia

54 731 87 756 ιο
106 718 250 755 tamen
293 714 431 755 causis
477 714 580 755 satis
624 713 763 755 facere
800 713 980 767 possim,
1021 713 1101 754 tibi
1138 712 1238 768 hoc,
1282 711 1446 767 Crasse,

106 773 354 827 respondeo,
378 787 514 826 neque
536 787 602 813 me
628 787 817 826 unquam
842 772 908 812 ius
937 772 1059 813 civile
1086 771 1283 813 didicisse
1308 786 1445 825 neque

105 834 250 872 tamen
286 831 331 872 in
367 831 419 871 iis
459 831 617 884 causis,
655 845 759 884 quas
797 830 843 870 in
879 830 970 870 iure
1000 845 1173 884 possem
1210 829 1446 885 defendere,

105 904 294 943 unquam
324 890 454 930 istam
485 889 708 931 scientiam
740 888 1012 929 desiderasse.
1073 888 1204 929 Aliud
1236 892 1300 929 est
1331 889 1445 929 enim

107 963 198 989 esse
232 948 440 989 artificem
472 948 692 989 cuiusdam
726 947 892 1002 generis
926 950 1053 1000 atque
1093 947 1215 1001 artis,
1254 947 1368 987 aliud
1399 947 1445 987 in

55 1023 87 1048 15
108 1006 324 1048 communi
356 1006 444 1047 vita
477 1010 519 1047 et
550 1005 718 1061 vulgari
754 1006 978 1046 hominum
1016 1005 1321 1047 consuetudine
1358 1020 1446 1046 non

105 1065 303 1106 hebetem
333 1079 410 1106 nec
442 1065 599 1105 rudem.
662 1063 741 1105 Cui
772 1067 969 1105 nostrum
1002 1066 1122 1115 [non]
1156 1064 1258 1105 licet
1288 1064 1513 1106 fundos-249

105 1126 277 1164 nostros
317 1123 434 1164 obire
474 1127 547 1164 aut
585 1137 651 1163 res
684 1122 866 1163 rusticas
904 1122 970 1163 vel
1008 1122 1173 1164 fructus
1212 1137 1341 1163 causa
1378 1123 1444 1163 vel
1486 1158 1493 1161 .

107 1181 403 1223 delectationis
434 1182 646 1222 invisere?
697 1181 858 1222 Tamen
887 1195 1013 1222 nemo
1052 1184 1142 1222 tam
1174 1181 1264 1222 sine
1298 1181 1445 1235 oculis,

106 1243 197 1281 tam
228 1240 318 1281 sine
350 1244 491 1282 mente
516 1239 635 1293 vivit,
665 1243 713 1280 ut
745 1240 847 1293 quid
879 1240 935 1280 sit
966 1239 1169 1280 sementis
1202 1254 1250 1281 ac
1281 1240 1446 1293 messis,

55 1316 88 1340 20
108 1299 208 1352 quid
249 1299 449 1340 arborum
489 1299 656 1353 putatio
699 1313 746 1339 ac
783 1298 955 1352 vitium⁷
993 1312 1076 1351 quo
1114 1301 1307 1352 tempore
1345 1298 1445 1339 anni

109 1360 183 1398 aut
215 1371 299 1410 quo
332 1358 457 1398 modo
491 1371 540 1397 ea
570 1357 677 1397 fiant
715 1357 887 1397 omnino
920 1356 1095 1397 nesciat.
1156 1356 1272 1397 Num
1309 1356 1445 1411 igitur

109 1416 144 1456 si
177 1415 244 1456 cui
276 1415 432 1455 fundus
464 1415 751 1469 inspiciendus
791 1418 864 1455 aut
896 1414 932 1455 si
964 1415 1252 1455 mandandum
1284 1415 1445 1468 aliquid

107 1474 375 1528 procuratori
407 1474 456 1514 de
489 1473 582 1528 agri
614 1473 781 1514 cultura
806 1476 880 1513 aut
904 1473 1199 1527 imperandum
1225 1473 1351 1514 vilico
1378 1473 1447 1527 sit,

108 1532 305 1587 Magonis
333 1531 700 1587 Carthaginiensis
733 1534 833 1572 sunt
862 1531 964 1572 libri
988 1531 1254 1585 perdiscendi
1281 1546 1336 1572 an
1365 1531 1445 1572 hac

57 1606 90 1632 25
110 1590 324 1631 communi
361 1590 656 1645 intellegentia
693 1589 885 1631 contenti
922 1604 1013 1630 esse
1051 1590 1309 1643 possumus?
1360 1588 1446 1630 Cur

110 1662 211 1703 ergo
243 1662 328 1689 non
358 1649 471 1690 idem
497 1649 542 1689 in
565 1648 657 1689 iure
683 1648 809 1702 civili,
834 1648 1087 1702 praesertim
1113 1663 1210 1688 cum
1235 1648 1281 1688 in
1307 1648 1445 1689 causis

110 1710 153 1747 et
183 1707 229 1747 in
258 1707 444 1761 negotiis
483 1710 526 1748 et
562 1707 608 1747 in
644 1706 737 1747 foro
777 1709 1064 1760 conteramur,
1102 1706 1207 1747 satis
1245 1706 1446 1747 instructi

111 1779 201 1805 esse
232 1779 460 1819 possumus
493 1766 546 1806 ad
576 1765 657 1806 hoc
689 1765 930 1818 dumtaxat,
968 1779 1019 1805 ne
1051 1765 1097 1805 in
1126 1767 1277 1805 nostra
1306 1765 1447 1818 patria

110 1823 324 1878 peregrini
362 1826 489 1877 atque
528 1824 712 1864 advenae
751 1838 841 1864 esse
878 1823 1124 1863 videamur?
1185 1822 1249 1864 Ac
1288 1823 1323 1863 si
1360 1823 1517 1865 iam-350

57 1897 92 1923 30
111 1881 168 1922 sit
194 1896 321 1922 causa
347 1882 489 1935 aliqua
516 1882 567 1923 ad
591 1895 670 1922 nos
697 1881 837 1922 delata
863 1881 1097 1935 obscurior,
1123 1880 1295 1922 difficile
1322 1882 1446 1922 credo

112 1940 168 1980 sit
205 1954 302 1980 cum
341 1939 421 1981 hoc
465 1939 668 1981 Scaevola
708 1940 1039 1993 communicare3
1080 1953 1324 1993 quanquam
1363 1939 1447 1993 ipsi

112 1997 272 2051 omnia,
304 2012 484 2050 quorum
514 1998 737 2053 negotium
769 2001 851 2052 est,
884 1998 1081 2039 consulta
1113 1998 1165 2038 ad
1194 2011 1274 2038 nos
1307 2000 1349 2038 et
1382 2012 1448 2038 ex-

112 2055 271 2109 quisita
303 2056 507 2098 deferunt.
556 2057 627 2097 An
651 2070 764 2110 vero,
796 2056 831 2097 si
857 2056 906 2096 de
932 2070 976 2096 re
1003 2056 1108 2110 ipsa,
1140 2055 1176 2096 si
1202 2056 1252 2096 de
1278 2056 1448 2109 finibus,

112 2128 208 2155 cum
237 2114 284 2154 in
315 2129 405 2155 rem
435 2117 703 2169 praesentem
736 2116 856 2166 [non]
889 2114 1101 2169 venimus,
1139 2114 1174 2154 si
1206 2114 1256 2155 de
1288 2114 1447 2155 tabulis

58 2188 92 2214 35
112 2175 154 2212 et
184 2172 566 2226 perscriptionibus
599 2172 891 2214 controversia
922 2175 1005 2226 est,
1042 2175 1261 2213 contortas
1299 2187 1365 2212 res
1405 2175 1447 2212 et

112 2244 237 2284 saepe
269 2230 463 2272 difficiles
494 2231 733 2273 necessario
765 2230 1062 2286 perdiscimus3
1101 2231 1138 2271 si
1175 2231 1290 2285 leges
1322 2229 1447 2270 nobis

113 2291 187 2329 aut
218 2288 254 2329 si
278 2288 500 2331 hominum
523 2290 759 2344 peritorum
784 2303 989 2343 responsa
1015 2288 1310 2344 cognoscenda
1337 2289 1449 2341 sunt,
