1643 2526
386 82 529 117 LIBER
552 82 596 118 II.
641 82 740 118 CAP.
768 85 918 118 21—22.
963 86 982 125 ξ
1008 85 1157 118 85-90.
1391 82 1445 123 89

108 178 197 220 31110
235 177 340 220 duce
376 177 461 233 ipsi
500 177 790 233 pervenimus,
831 178 1034 232 quoniam
1074 177 1254 219 meliora
1293 177 1443 219 docere

105 251 194 278 non
223 251 465 292 possumus.
1459 260 1514 302 21

223 295 366 349 Atque
397 297 448 336 ut
478 310 503 336 a
533 294 735 336 familiari
766 297 916 336 nostro
949 294 1163 349 exordiar,
1199 294 1313 336 1111110
1351 308 1431 350 ego

108 351 271 408 Catule,
304 352 542 408 Sulpicium
566 353 753 408 primum
778 353 824 394 in
849 367 977 394 causa
1000 367 1105 407 parv
1109 353 1178 394 ola
1204 353 1445 395 adulescen-

71 429 88 456 5
107 412 248 453 tulum
279 412 421 453 audivi
452 426 555 453 voce
588 415 630 453 et
661 411 800 453 forma
831 414 873 452 et
905 414 1028 453 motu
1060 412 1250 466 corporis
1284 415 1327 453 et
1350 411 1446 452 reli-

109 471 204 525 quis
241 471 369 511 rebus
408 470 519 525 aptis
557 470 610 511 ad
646 470 728 512 hoc
766 484 939 524 munus,
977 470 1026 511 de
1065 484 1147 523 quo
1187 470 1445 525 quaerimus,

109 529 301 570 oratione
333 531 477 570 autem
509 528 636 570 celeri
668 532 711 570 et
742 528 970 583 concitata,
1002 529 1115 583 quod
1147 531 1239 569 erat
1269 528 1445 584 ingemi,

108 591 150 629 et
181 587 322 628 verbis
355 586 739 629 ecfervescentibus
773 590 816 628 et
845 587 973 642 paulo
999 587 1180 628 nimium
1211 587 1446 628 redundan-

107 646 243 701 tibus,
275 646 388 700 quod
419 648 511 686 erat
549 645 714 687 aetatis.
775 644 876 686 Non
912 660 1007 687 sum
1040 649 1310 700 aspernatus,
1347 646 1444 686 volo

56 722 89 747 10
109 704 223 745 enim
243 719 286 745 se
307 704 455 745 efferat
478 704 525 744 in
550 704 817 745 adulescente
843 704 1094 746 fecunditas.
1138 703 1252 745 Nam
1277 704 1445 746 facilius

109 763 221 804 sicut
256 763 303 803 in
339 762 500 804 vitibus
537 765 793 804 revocantur
831 777 881 803 ea
918 777 1025 816 quae
1065 776 1108 804 se
1139 762 1321 803 nimium
1352 777 1447 817 pro-

107 821 310 862 fuderunt
336 835 476 875 quam,
509 821 544 862 si
569 821 678 861 nihil
703 821 817 862 valet
842 821 1055 876 materies,
1086 835 1199 862 nova
1230 824 1448 862 sarmenta

110 880 278 922 cultura
303 879 560 934 excitantur,
590 879 696 920 item
721 879 819 920 volo
846 894 938 920 esse
962 879 1009 919 in
1040 879 1309 921 adulescente
1335 880 1446 920 unde

110 938 271 991 aliquid
303 941 531 992 amputem.
586 936 688 979 Non
718 937 831 978 enim
861 941 1005 992 potest
1036 937 1082 978 in
1113 952 1162 979 eo
1196 952 1322 979 sucus
1354 952 1446 979 esse

59 1014 90 1039 15
111 997 356 1051 diuturnus,
397 997 510 1049 quod
548 995 676 1037 nimis
718 996 911 1037 celeriter
949 999 1014 1037 est
1051 996 1347 1037 maturitatem
1385 1011 1448 1037 as-

112 1058 316 1096 secutum.
377 1054 478 1095 Vidi
517 1054 665 1095 statim
701 1054 889 1095 indolem
926 1069 1064 1108 neque
1102 1054 1245 1095 dimisi
1276 1058 1446 1108 tempus
1473 1065 1517 1096 89

111 1116 154 1155 et
186 1127 283 1155 eum
315 1113 562 1154 cohortatus
595 1128 702 1167 sum,
733 1115 782 1153 ut
812 1112 954 1154 forum
986 1113 1069 1154 sibi
1098 1113 1247 1154 ludum
1276 1115 1450 1167 putaret
1486 1159 1493 1162 Α

112 1186 203 1213 0330
247 1171 300 1213 ad
343 1171 608 1225 discendum,
651 1171 908 1226 magistrum
958 1174 1101 1212 autem
1151 1186 1278 1226 quem
1320 1171 1449 1212 vellet

112 1230 307 1285 eligeret,
332 1244 399 1270 me
426 1229 596 1283 quidem
623 1229 659 1270 si
685 1229 862 1284 audiret,
886 1229 933 1270 L.
955 1228 1168 1271 Crassum.
1220 1229 1343 1278 Quod
1366 1230 1449 1271 iste

60 1306 93 1331 20
113 1288 294 1342 arripuit
325 1291 368 1329 et
397 1288 461 1328 ita
492 1302 582 1329 sese
614 1288 829 1329 facturum
860 1288 1130 1329 confirmavit
1161 1291 1288 1342 atque
1320 1288 1450 1329 etiam

113 1347 287 1400 addidit,
302 1346 464 1401 gratiae
486 1346 648 1387 30111001
662 1361 801 1400 031133,
814 1361 881 1387 me
902 1361 1071 1401 quoque
1092 1346 1174 1387 sibi
1194 1346 1451 1401 magistrum

112 1405 318 1445 futurum.
378 1403 464 1445 Vix
508 1418 643 1445 annus
686 1404 988 1445 intercesserat
1032 1405 1084 1445 ab
1129 1404 1211 1446 hoc
1255 1419 1449 1446 sermone

114 1462 424 1505 cohortationis
457 1477 588 1516 meae,
619 1476 749 1516 quom
773 1462 856 1503 iste
883 1463 1099 1503 accusavit
1125 1460 1169 1503 C.
1195 1461 1451 1503 Norbanum

115 1521 365 1563 defendente
396 1535 475 1562 me.
525 1520 565 1562 N
570 1535 626 1561 011
656 1524 721 1562 est
754 1520 955 1562 credibile
983 1521 1084 1574 quid
1109 1521 1317 1562 interesse
1343 1521 1450 1561 mihi

61 1596 93 1622 25
115 1580 170 1621 sit
201 1580 342 1621 visum
371 1579 485 1620 inter
517 1593 630 1632 eum,
669 1579 741 1632 qui
773 1582 867 1620 tum
898 1582 990 1620 erat
1028 1582 1070 1620 et
1103 1579 1176 1632 qui
1208 1593 1319 1620 anno
1353 1582 1451 1620 ante

113 1638 264 1679 fuerat.
309 1637 492 1679 Omnino
517 1637 563 1678 in
586 1637 693 1678 illud
719 1651 851 1692 genus
878 1652 975 1678 eum
1001 1635 1145 1678 Crassi
1175 1637 1452 1692 magnificum

115 1700 242 1750 atque
267 1696 533 1751 praeclarum
557 1699 712 1737 natura
735 1696 830 1750 ipsa
849 1696 1042 1750 ducebat,
1068 1696 1141 1737 sed
1160 1710 1209 1737 ea
1233 1710 1322 1737 non
1347 1696 1451 1737 satis

113 1755 319 1809 proficere
349 1754 573 1809 potuisset,
603 1754 688 1795 nisi
713 1755 861 1795 eodem
887 1754 1029 1795 studio
1056 1757 1183 1808 atque
1209 1754 1452 1795 imitatione

115 1813 369 1854 intendisset
401 1816 528 1866 atque
559 1813 622 1853 ita
648 1812 785 1854 dicere
812 1815 1072 1867 consuesset,
1102 1815 1152 1853 ut
1182 1815 1277 1853 tota
1308 1816 1523 1877 1110111022

63 1888 97 1914 30
117 1869 318 1912 Crassum
351 1874 478 1926 atque
512 1871 627 1911 omni
659 1871 801 1912 animo
832 1871 1082 1912 intueretur.
1138 1870 1255 1925 Ergo
1288 1870 1370 1912 hoc
1397 1871 1453 1911 sit

115 1930 302 1984 primum
339 1929 384 1969 in
419 1929 657 1983 praeceptis
696 1929 821 1984 meis,
861 1932 910 1970 ut
947 1929 1287 1970 demonstremus
1327 1943 1453 1983 quem

115 1988 309 2029 imitetur
341 1990 468 2041 atque
498 1987 562 2028 ita
592 1990 658 2042 ut,
695 2002 802 2040 quae
840 2002 1037 2028 maxume
1070 1987 1278 2028 excellent
1313 1987 1360 2028 in
1392 2001 1454 2041 eo,

118 2060 244 2100 quem
273 2045 535 2099 imitabitur,
566 2060 615 2087 ea
646 2045 974 2100 diligentissime
1004 2048 1296 2100 persequatur.
1345 2044 1455 2086 Tum

118 2105 291 2145 accedat
317 2103 578 2158 exercitatio,
610 2119 692 2158 qua
715 2104 838 2145 illum
864 2118 991 2157 quem
1017 2103 1222 2159 delegerit
1246 2103 1454 2144 imitando

65 2179 99 2205 35
119 2162 309 2217 effingat
341 2165 467 2215 atque
511 2162 740 2216 exprimat,
788 2176 876 2203 non
918 2165 967 2203 ut
1009 2162 1169 2203 multos
1212 2162 1454 2202 imitatores

118 2235 243 2275 saepe
275 2220 469 2285 cognovi,
500 2221 572 2285 qui
604 2224 678 2261 aut
709 2235 758 2261 ea
790 2235 897 2273 quae
928 2220 1072 2262 facilia
1098 2222 1199 2261 sunt
1226 2223 1300 2261 aut
1325 2219 1455 2260 etiam

116 2278 192 2320 illa
223 2293 329 2332 quae
360 2278 548 2333 insignia
584 2293 632 2320 30
668 2293 801 2333 Ρ30110
839 2278 996 2320 vitiosa
1034 2280 1334 2320 consectentur
1363 2276 1457 2317 imi-

1434 328 1514 360 ⁷88

1479 1905 1523 1935 90
