1643 2526
141 261 168 302 2

150 562 168 590 Q!

195 107 281 149 384
477 106 539 140 DE
567 105 747 141 OPTIMO
775 105 967 141 GENERE
994 105 1261 140 ORATORUM

195 205 277 257 est,
315 202 427 255 quod
465 204 640 255 optumo
679 201 1011 241 dissimillimum
1049 201 1124 254 sit,
1160 200 1205 241 id
1236 214 1327 241 esse
1359 200 1531 240 deterri-

194 275 323 301 mum.
385 259 497 300 Nam
527 259 728 312 quoniam
759 259 1002 312 eloquentia
1034 261 1203 300 constat
1235 273 1286 299 ex
1315 257 1456 299 verbis
1488 260 1531 298 et

195 334 245 359 ex
278 317 519 371 sententiis,
556 317 859 371 perficiendum
897 320 979 370 est,
1016 320 1064 357 ut
1100 331 1203 370 pure
1236 319 1279 356 et
1311 316 1530 356 emendate

193 377 429 430 loquentes,
455 375 569 428 quod
594 378 659 415 est
683 374 847 426 Latine,
872 375 1099 415 verborum
1124 377 1344 428 praeterea
1370 377 1412 414 et
1436 387 1531 428 pro-

195 434 386 488 priorum
430 437 472 474 et
515 433 768 473 tralatorum
811 433 1069 487 elegantiam
1117 447 1437 486 persequamur:
1486 432 1531 472 in
1567 449 1583 474 5

195 492 379 546 propriis
411 495 459 532 ut
490 491 730 531 lautissima
767 491 993 545 eligamus,
1030 491 1075 530 in
1105 490 1274 531 tralatis
1306 494 1354 530 ut
1386 489 1532 530 simili-

196 551 387 591 tudinem
407 549 542 590 secuti
561 549 793 589 verecunde
814 552 984 589 utamur
1004 549 1164 589 alienis.
1216 547 1531 589 Sententiarum

197 611 339 649 autem
382 608 562 648 totidem
603 621 758 661 genera
797 610 913 660 sunt,
954 610 1058 660 quot
1096 607 1182 647 dixi
1220 621 1310 647 esse
1348 606 1531 646 laudum.

197 666 305 707 Sunt
337 665 450 706 enim
488 665 664 705 docendi
703 668 871 718 acutae,
909 665 1144 705 delectandi
1183 665 1305 718 quasi
1344 667 1533 718 argutae,

197 723 489 766 commovendi
529 737 689 777 graves.
753 722 835 763 Sed
872 727 914 763 et
950 723 1177 763 verborum
1215 725 1280 763 est
1318 725 1534 762 structura
1554 740 1586 763 10

197 783 405 836 quaedam
436 782 539 821 duas
572 795 638 821 res
669 780 869 834 efficiens,
899 795 1123 821 numerum
1155 784 1197 821 et
1228 780 1460 830 levitatem,
1491 782 1533 820 et

198 840 433 881 sententiae
461 854 581 879 suam
607 838 961 892 compositionem
990 839 1162 892 habent,
1193 839 1245 878 ad
1270 838 1534 892 probandam

197 913 286 939 rem
318 897 688 938 adcommodatum
720 897 920 937 ordinem.
977 895 1059 937 Sed
1087 911 1232 937 earum
1259 895 1449 936 omnium
1472 910 1534 936 re-

196 972 291 997 rum
318 958 383 1007 [ut
404 955 710 1005 aedificiorum]
740 955 945 995 memoria
967 958 1031 995 est
1052 955 1174 1008 quasi
1199 954 1534 1007 fundamentum,

196 1015 340 1055 lumen
378 1014 501 1054 actio.
569 1013 634 1053 Ea
671 1013 804 1067 igitur
842 1013 984 1053 omnia
1020 1013 1066 1053 in
1103 1028 1185 1067 quo
1228 1026 1410 1065 summa,
1453 1011 1534 1052 erit
1556 1028 1586 1053 15

196 1071 531 1126 perfectissimus
559 1074 720 1125 orator3
751 1071 796 1111 in
823 1085 905 1124 quo
933 1071 1082 1124 media,
1107 1070 1349 1124 mediocris,
1380 1070 1425 1110 in
1452 1084 1534 1123 quo

198 1130 385 1183 minima,
411 1129 672 1170 deterrimus.
724 1129 783 1169 Et
809 1129 1135 1183 appellabuntur
1157 1143 1301 1169 omnes
1331 1131 1536 1181 oratores,

198 1191 245 1229 ut
270 1188 456 1242 pictores
484 1187 752 1241 appellantur
776 1187 905 1227 etiam
930 1187 1044 1240 mali,
1067 1201 1144 1227 nec
1172 1186 1397 1241 generibus
1422 1185 1535 1226 inter

199 1261 301 1300 sese,
328 1246 400 1286 sed
425 1245 701 1286 facultatibus
728 1245 931 1285 different.
975 1245 1124 1298 Itaque
1149 1258 1274 1284 nemo
1295 1247 1359 1284 est
1379 1246 1535 1296 orator,

198 1305 271 1358 qui
309 1303 589 1344 Demostheni
628 1317 671 1343 se
710 1303 893 1343 similem
929 1303 1038 1343 nolit
1077 1317 1185 1357 esse3
1230 1306 1274 1342 at
1305 1301 1536 1342 Menander
1556 1319 1588 1344 20

198 1361 375 1403 Homeri
406 1361 562 1413 noluit3
595 1375 727 1415 genus
760 1361 872 1401 enim
905 1364 995 1401 erat
1028 1361 1152 1401 aliud.
1208 1360 1257 1400 Id
1287 1374 1375 1400 non
1400 1362 1466 1400 est
1490 1359 1537 1400 in

199 1420 440 1462 oratoribus
481 1422 571 1472 aut,
615 1419 743 1459 etiam
782 1419 817 1459 si
855 1422 921 1459 est
958 1422 1004 1459 ut
1043 1419 1149 1459 alius
1189 1418 1444 1473 gravitatem
1475 1431 1536 1458 se-

199 1493 330 1532 quens
370 1478 653 1519 subtilitatem
690 1477 847 1531 fugiat,
890 1480 1039 1518 contra
1077 1476 1185 1517 alius
1224 1475 1459 1516 acutiorem
1491 1489 1534 1516 se

199 1551 326 1590 quam
359 1536 617 1576 ornatiorem
648 1535 764 1588 velit,
799 1535 926 1575 etiam
960 1535 995 1575 si
1027 1538 1092 1575 est
1123 1534 1168 1574 in
1199 1548 1351 1588 genere
1383 1533 1535 1574 tolera-

200 1595 296 1647 bile,
327 1598 439 1635 certe
470 1608 557 1634 non
589 1596 653 1633 est
684 1593 729 1633 in
761 1596 949 1647 optumo,
981 1593 1016 1633 si
1044 1593 1224 1647 quidem,
1256 1592 1369 1645 quod
1395 1591 1533 1632 omnis
1553 1607 1586 1633 25

198 1653 343 1692 laudes
374 1652 516 1704 habet,
546 1651 589 1691 id
621 1654 686 1691 est
718 1655 953 1704 optumum.

317 1709 434 1750 Haec
455 1712 597 1749 autem
618 1709 703 1748 dixi
730 1709 899 1749 brevius
926 1708 1096 1761 quidem
1118 1723 1243 1761 quam
1263 1722 1330 1748 res
1349 1707 1536 1761 petebat,

201 1768 272 1809 sed
305 1767 356 1808 ad
387 1767 428 1807 id
468 1767 579 1820 quod
618 1766 783 1820 agimus
822 1780 908 1806 non
944 1766 1027 1806 fuit
1064 1766 1287 1806 dicendum
1324 1765 1536 1819 pluribu83

200 1840 330 1866 unum
363 1825 476 1865 enim
508 1839 635 1878 quom
668 1824 724 1864 sit
756 1838 907 1878 genus,
948 1824 1001 1864 id·
1030 1823 1153 1877 quale
1192 1823 1249 1864 sit
1281 1823 1535 1876 quaerimus.

201 1884 280 1924 Est
319 1886 461 1924 autem
499 1882 602 1936 tale,
646 1882 768 1935 quale
806 1881 951 1922 floruit
983 1881 1183 1935 Athem's3
1227 1896 1277 1922 ex
1310 1895 1392 1934 quo
1426 1880 1535 1922 Atti·
1555 1898 1588 1921 30

201 1956 347 1982 corum
374 1944 592 1981 oratorum
617 1941 711 1994 ipsa
736 1940 799 1980 vis
824 1940 975 1994 ignota
995 1943 1071 1991 est,
1096 1943 1199 1980 nota
1231 1940 1379 1994 gloria.
1423 1938 1536 1979 Nam

201 1999 382 2039 alterum
423 1999 546 2039 multi
587 1999 799 2051 viderunt,
839 1997 983 2038 vitiosi
1022 1998 1130 2038 nihil
1171 1998 1282 2051 apud
1322 2011 1393 2038 eos
1433 2011 1536 2050 esse,

201 2057 380 2097 alterum
411 2057 548 2110 pauci,
578 2056 809 2096 laudabilia
840 2070 930 2096 esse
962 2056 1108 2096 multa.
1170 2056 1250 2096 Est
1276 2055 1388 2096 enim
1414 2055 1536 2095 vitio-

201 2129 294 2155 sum
324 2114 370 2154 in
401 2114 630 2167 sententia,
672 2114 707 2154 si
745 2114 845 2166 quid
877 2114 1108 2154 absurdum
1139 2117 1214 2154 aut
1245 2113 1430 2154 alienum
1462 2116 1536 2153 aut

200 2187 287 2213 non
319 2175 490 2213 acutum
523 2175 596 2212 aut
635 2172 925 2212 subinsulsum
957 2175 1039 2226 est3
1082 2172 1127 2212 in
1158 2171 1299 2212 verbis
1331 2171 1368 2212 si
1399 2170 1536 2224 inqui-
1554 2186 1587 2211 35

200 2234 361 2284 natum,
393 2230 428 2270 si
460 2230 685 2283 abiectum,
716 2229 752 2269 si
783 2244 869 2269 non
895 2232 1053 2283 aptum,
1085 2230 1122 2270 si
1147 2230 1311 2283 durum,
1343 2229 1379 2269 si
1407 2229 1535 2282 longe·

154 2299 174 2329 S
201 2288 394 2342 petitum.
455 2287 572 2328 Haec
604 2287 845 2328 vitaverunt
877 2288 963 2328 fere
996 2302 1154 2342 omnes,
1189 2287 1261 2341 qui
1294 2289 1367 2327 aut
1400 2286 1536 2327 Attici
