1643 2526
86 714 118 738 10

86 1006 117 1030 15

84 1300 118 1324 20

88 1883 121 1907 30

87 2174 120 2199 35

577 71 676 106 CAP.
705 75 806 107 8—9.
846 75 865 113 g
892 74 1042 106 27-35.
1394 72 1477 114 231

137 169 319 210 titerunt
357 168 596 210 doctissimi
626 167 725 223 viri,
767 167 1038 222 primumque
1077 169 1170 209 tum
1207 167 1483 222 philosophia

136 242 223 268 non
252 228 328 269 illa
359 227 408 268 de
446 230 617 282 natura,
658 240 764 280 quae
802 225 943 267 fuerat
982 225 1215 281 antiquior,
1255 227 1328 267 sed
1365 226 1483 281 haec,

136 286 182 327 in
214 301 297 340 qua
329 286 378 327 de
410 285 536 326 bonis
568 285 694 326 rebus
728 287 770 325 et
801 284 925 325 malis
958 284 1092 338 deque
1130 284 1354 325 hominum
1392 284 1483 326 vita

138 348 180 386 et
206 344 398 385 moribus
426 344 682 398 disputatur,
712 343 886 384 inventa
912 342 1078 384 dicitur.
1129 342 1252 392 Quod
1278 343 1482 398 quoniam

139 418 272 459 genus
294 403 346 444 ab
367 403 461 457 hoc,
482 403 594 456 quod
620 402 934 457 proposuimus,
960 401 1174 457 abhorret,
1199 402 1481 457 philosophos

138 462 252 503 aliud
283 461 329 502 in
360 464 530 516 tempus
564 461 807 516 reiciamus3
852 461 905 501 ad
938 463 1142 515 oratores,
1180 476 1204 502 a
1236 461 1391 514 quibus
1424 460 1482 502 di-

137 520 274 576 gressi
304 535 464 575 sumus,
495 522 770 561 revertamur.
832 519 992 560 Extitit
1023 519 1158 574 igitur
1187 519 1275 560 iam
1308 519 1480 561 senibus
1508 540 1540 559 .-

136 579 235 633 illis,
267 593 373 632 quos
405 579 533 633 paulo
568 581 666 620 ante
699 577 894 632 diximus,
926 577 1151 632 Isocrates,
1183 578 1303 619 0111118
1330 578 1481 620 domus

137 640 314 679 cunctae
361 636 563 679 Graeciae
608 637 729 691 quasi
777 636 902 677 ludus
947 636 1120 690 quidam
1162 636 1304 691 patuit
1354 639 1481 691 atque

139 696 311 737 officina
343 696 527 751 dicendi,
558 710 740 751 magnus
768 698 912 736 orator
944 698 986 736 et
1016 695 1231 750 perfectus
1263 695 1483 751 magister,

137 769 397 809 quamquam
436 754 596 796 forensi
632 755 726 796 11100
759 754 897 795 caruit
927 753 1125 809 intraque
1156 754 1342 808 parietes
1375 754 1483 795 aluit

138 828 231 854 eam
277 813 477 868 gloriam,
521 828 649 867 quam
692 827 817 853 nemo
862 827 956 853 meo
1001 813 1171 866 quidem
1215 812 1372 854 iudicio
1418 816 1483 854 est

136 875 287 926 postea
319 875 584 913 consecutus.
634 871 677 912 Is
705 874 747 912 01
770 871 861 925 ipse
894 871 1066 925 scripsit
1097 872 1235 912 multa
1264 872 1482 926 praeclare

138 934 180 971 01
206 930 352 971 docuit
379 930 505 985 alios3
538 933 580 971 01
607 945 702 971 011111
729 933 869 971 cetera
894 930 1047 971 melius
1080 944 1209 984 quam
1242 930 1480 984 superiores

139 992 230 1030 tum
267 989 430 1043 primus
468 988 681 1030 intellexit
719 988 849 1029 etiam
879 988 925 1028 in
956 988 1098 1029 soluta
1131 988 1343 1044 oratione,
1381 989 1482 1029 dum

137 1062 311 1088 vorsum
350 1048 575 1102 effugeres,
616 1047 789 1087 modum
827 1050 972 1087 tamen
1004 1050 1046 1088 et
1076 1062 1302 1088 numerum
1340 1061 1482 1101 quem-

138 1106 234 1147 dam
279 1108 476 1160 oportere
521 1105 690 1147 servari.
763 1104 877 1146 Ante
927 1106 1040 1147 1111110
1091 1105 1204 1146 0111111
1253 1106 1482 1147 verborum

138 1164 260 1219 quasi
306 1167 522 1205 structura
565 1167 608 1205 et
648 1164 856 1218 quaedam
899 1164 952 1205 ad
993 1178 1219 1205 numerum
1263 1164 1505 1213 conclusio„

136 1223 255 1263 nulla
293 1226 384 1264 erat
423 1226 514 1277 aut,
558 1223 594 1264 si
633 1222 800 1277 quando
839 1225 949 1277 erat,
991 1237 1078 1263 non
1116 1223 1350 1277 apparebat
1388 1237 1482 1263 eam

138 1281 280 1322 dedita
313 1295 441 1335 opera
473 1296 564 1322 esse
597 1281 835 1334 quaesitam
861 1305 917 1310 —-
944 1296 1050 1336 quae
1078 1281 1262 1322 forsitan
1293 1281 1386 1322 laus
1414 1281 1483 1335 sit,

137 1354 284 1381 verum
327 1342 473 1380 tamen
511 1342 667 1380 natura
706 1339 844 1394 magis
885 1342 978 1380 tum
1016 1354 1218 1394 casuque,
1261 1354 1480 1393 nunquam

139 1401 212 1439 aut
243 1398 408 1438 ratione
442 1397 585 1451 aliqua
618 1401 691 1438 aut
728 1398 816 1438 ulla
848 1398 1146 1438 observatione
1178 1398 1319 1438 fiebat.
1381 1397 1482 1452 Ipsa

139 1457 253 1497 enim
282 1459 438 1497 natura
470 1456 864 1510 circumscriptione
897 1456 1080 1509 quadam
1111 1456 1339 1497 verborum
1372 1470 1483 1497 com-

138 1515 362 1569 prehendit
407 1514 708 1569 concluditque
753 1515 1028 1569 sententiam,
1078 1529 1183 1568 quae
1228 1529 1324 1556 cum
1369 1514 1482 1568 aptis

141 1573 374 1614 constricta
399 1573 539 1614 verbis
566 1575 643 1628 est,
676 1573 789 1614 cadit
816 1573 945 1614 etiam
970 1573 1219 1627 plerumque
1245 1587 1482 1614 numerose.

138 1631 252 1672 Nam
280 1635 322 1673 et
349 1647 471 1673 aures
497 1632 615 1687 ipsae
649 1631 750 1685 quid
780 1631 967 1686 plenum,
1000 1631 1101 1685 quid
1132 1631 1257 1672 inane
1291 1631 1346 1672 sit
1377 1631 1484 1672 iudi-

140 1693 238 1732 cant
264 1693 306 1731 et
333 1690 487 1745 spiritu
519 1690 641 1744 quasi
665 1690 920 1731 necessitate
948 1690 1089 1744 aliqua
1115 1690 1344 1731 verborum
1371 1705 1483 1731 com-

138 1749 309 1803 prensio
336 1749 609 1804 terminatur3
639 1749 685 1789 in
711 1763 793 1802 quo
819 1763 907 1790 non
930 1749 1057 1790 modo
1085 1749 1219 1803 defici,
1251 1749 1324 1790 sed
1352 1749 1482 1790 etiam

139 1807 334 1848 laborare
367 1810 491 1862 turpe
526 1811 602 1849 est.
663 1807 772 1848 Tum
803 1807 885 1848 fuit
916 1806 1068 1861 Lysias
1106 1807 1196 1861 ipse
1236 1807 1407 1861 quidem
1436 1807 1483 1848 in

141 1865 280 1907 causis
321 1865 563 1907 forensibus
607 1880 695 1906 non
731 1869 944 1919 versatus,
989 1866 1062 1906 sed
1100 1865 1269 1921 egregie
1309 1854 1527 1906 subtilis3

141 1923 326 1977 scriptor
359 1927 486 1978 atque
518 1924 709 1979 elegans,
748 1939 874 1978 quem
910 1924 997 1965 iam
1033 1938 1165 1979 piope
1205 1924 1359 1965 audeas
1393 1939 1482 1965 ora-

141 1985 279 2023 torem
304 1982 540 2036 perfectum
568 1983 716 2024 dicere.
760 1982 874 2023 Nam
899 1983 1024 2036 plane
1048 1983 1218 2036 quidem
1244 1983 1482 2037 perfectum

141 2043 184 2081 et
216 2040 316 2094 quoi
353 2040 463 2081 nihil
500 2041 727 2082 admodum
759 2041 868 2082 desit
900 2041 1236 2082 Demosthenem
1266 2041 1392 2082 facile
1426 2041 1484 2081 di-

139 2098 263 2139 xeris.
326 2098 447 2139 Nihil
483 2102 604 2140 acute
641 2099 823 2140 inveniri
860 2099 1002 2153 potuit
1033 2099 1079 2140 in
1111 2099 1170 2140 eis
1204 2100 1342 2141 causis
1375 2114 1481 2153 quas

143 2157 332 2211 scripsit,
372 2156 497 2210 1111111,
537 2160 585 2197 111
625 2157 686 2198 ita
725 2158 880 2212 dicam,
921 2158 1116 2212 subdole,
1152 2158 1261 2198 1111111
1299 2160 1482 2211 versute,

141 2216 254 2269 quod
278 2215 350 2256 ille
375 2229 462 2255 non
487 2215 657 2270 viderit,
688 2216 797 2256 nihil
823 2216 1039 2257 subtiliter
1065 2216 1161 2271 dici,
1191 2216 1300 2257 nihil
1325 2230 1482 2270 presse,

139 2274 247 2314 nihil
280 2273 511 2328 enucleate,
543 2288 626 2327 quo
653 2274 745 2315 fieri
770 2274 908 2328 possit
941 2274 1101 2328 aliquid
1132 2274 1341 2327 limatius3
1372 2273 1482 2313 nihil

1509 1117 1552 1148 33

1508 1409 1553 1440 34

1508 1784 1551 1884 95
