1643 2526
406 114 550 148 LIBER
574 114 601 149 1.
653 100 754 150 c'AP.
781 117 837 150 35.
887 117 906 156 g
934 118 1129 150 156—164.
1386 115 1441 156 37

216 207 333 250 Haec
365 223 462 251 cum
494 207 673 251 Crassus
691 209 901 263 «dixisset,
938 210 1155 251 silentium
1193 213 1259 252 est
1297 196 1512 277 conse-1323

101 270 259 309 cutum.
330 265 413 308 Sed
450 282 693 321 quanquam
731 268 836 309 satis
877 268 930 309 iis
973 268 1046 322 qui
1088 269 1264 311 aderant
1305 270 1358 310 ad
1398 269 1441 310 id

102 326 215 379 quod
246 328 337 366 erat
367 326 638 380 propositum
664 326 825 368 dictum
850 326 1088 381 videbatur,
1119 330 1263 368 tamen
1290 327 1442 369 sentie-

101 384 206 424 bant
246 383 422 425 celerius
463 399 555 425 esse
586 384 742 438 multo,
786 399 914 439 quam
956 384 1039 439 ipsi
1079 385 1256 440 vellent,
1296 386 1348 427 ab
1391 400 1440 428 eo

67 445 356 496 5peroratum.
420 442 529 483 Tum
562 442 781 484 Scaevola:
821 442 931 492 Quid
969 446 1054 498 est,
1086 442 1244 485 Cotta?
1287 444 1442 498 inquit,

102 500 203 554 quid
234 500 417 542 tacetis?
478 500 653 542 Nihilne
685 501 808 542 vobis
845 502 890 542 in
927 504 1115 542 mentem
1152 502 1288 557 venit,
1325 503 1439 556 quod

100 562 320 613 praeterea
351 559 403 600 ab
438 557 592 600 Crasso
624 559 883 613 requiratis?
926 558 978 601 Id
1003 560 1257 615 mehercule,
1286 561 1509 615 inquit,161

100 617 242 671 ipsum
273 618 458 658 attendo.
503 617 665 658 Tantus
698 618 811 659 enim
843 633 991 660 cursus
1023 619 1252 660 verborum
1283 619 1366 660 fuit
1399 622 1442 661 et

103 675 163 717 sic
195 675 380 716 evolavit
413 676 569 730 oratio,
599 679 648 717 ut
680 676 769 717 eius
802 676 889 718 vim
921 679 963 718 et
995 676 1293 718 incitationem
1325 692 1442 732 aspe-

51 750 83 775 10
101 733 248 787 xerim,
279 733 463 788 vestigia
493 734 817 789 ingressumque
843 735 914 776 vix
940 735 1131 789 viderim,
1162 739 1204 777 et
1235 739 1442 789 tanquam

101 792 147 832 in
185 792 371 846 aliquam
407 793 664 847 locupletem
702 808 750 834 ac
788 793 989 834 refertam
1031 794 1204 835 domum
1240 794 1442 849 venerim,

102 864 189 891 non
230 850 443 904 explicata
482 854 599 892 veste
640 866 776 905 neque
817 852 1040 905 proposito
1082 855 1260 907 argento
1304 867 1440 907 neque

103 908 261 949 tabulis
295 911 337 949 et
369 908 504 963 signis
536 910 759 963 propalam
785 910 1020 961 collocatis,
1054 911 1127 951 sed
1157 910 1210 952 iis
1245 910 1442 952 omnibus

104 967 250 1007 multis
283 967 606 1022 magnificisque
643 968 770 1009 rebus
810 968 1067 1010 constructis
1107 983 1155 1010 ac
1192 969 1442 1010 reconditis:

52 1041 84 1066 15
105 1025 165 1066 sic
197 1026 323 1066 modo
355 1025 400 1065 in
433 1025 624 1066 oratione
657 1024 801 1067 Crassi
827 1026 998 1068 divitias
1032 1030 1159 1080 atque
1193 1030 1444 1068 ornamenta

103 1083 194 1124 eius
226 1083 388 1137 ingenii
420 1098 494 1137 per
527 1084 734 1137 quaedam
759 1084 980 1126 involucra
1006 1088 1134 1138 atque
1160 1085 1444 1139 integimenta

102 1141 311 1195 perspexi,
343 1142 415 1182 sed
447 1157 495 1182 ea
528 1143 808 1196 contemplari
835 1157 965 1196 quom
992 1158 1201 1198 cuperem,
1232 1143 1303 1184 vix
1335 1143 1444 1198 aspi-
1487 1157 1494 1159 ·

103 1199 240 1241 ciendi
270 1203 464 1254 potestas
501 1200 596 1241 fuit.
658 1201 808 1254 Itaque
846 1216 923 1242 nec
960 1202 1041 1243 hoc
1078 1216 1255 1256 possum
1293 1202 1444 1256 dicere,

104 1272 170 1298 me
197 1258 370 1299 omnino
395 1258 593 1312 ignorare
620 1259 721 1312 quid
745 1259 974 1314 possideat,
1004 1274 1140 1314 neque
1166 1260 1291 1313 plane
1316 1274 1442 1301 nosse

52 1333 85 1357 20
104 1319 231 1369 atque
267 1316 312 1356 id
347 1316 515 1357 vidisse.
577 1316 688 1365 Quin
729 1320 777 1358 tu
816 1318 951 1372 igitur
988 1318 1093 1359 facis
1132 1318 1263 1373 idem,
1303 1318 1513 1372 inquit162

105 1373 320 1427 Scaevola,
352 1375 464 1427 quod
494 1374 673 1429 faceres,
705 1375 741 1416 si
771 1375 817 1415 in
849 1376 1035 1429 aliquam
1068 1377 1240 1417 domum
1272 1377 1444 1430 plenam

105 1435 452 1473 ornamentorum
495 1433 674 1484 [villam]
721 1433 927 1474 venisses:
973 1434 1008 1474 si
1053 1448 1102 1475 ea
1147 1434 1351 1488 seposita,
1396 1437 1444 1475 ut

105 1490 222 1543 dicis,
248 1494 402 1544 essent,
426 1494 487 1545 tu,
513 1491 585 1544 qui
612 1491 731 1532 valde
759 1492 979 1546 spectandi
1007 1492 1184 1546 cupidus
1206 1507 1332 1547 08808,
1356 1507 1444 1533 11011

107 1548 322 1589 dubitares
353 1563 506 1603 rogare
538 1549 775 1604 dominum,
812 1553 860 1590 ut
890 1550 1073 1604 proferri
1105 1550 1291 1604 iuberet,
1327 1565 1445 1604 prae-

52 1622 84 1647 25
105 1606 253 1647 sertim
272 1606 308 1647 si
329 1610 441 1648 esset
459 1607 701 1662 familiaris3
728 1608 928 1649 similiter
947 1623 1060 1649 nunc
1078 1611 1198 1662 petes
1226 1624 1250 1649 a
1277 1608 1445 1663 Crasso,

103 1666 151 1705 ut
190 1664 309 1706 illam
351 1665 517 1719 copiam
559 1669 909 1707 ornamentorum
948 1682 1140 1721 suorum,
1182 1682 1309 1721 quam
1348 1681 1445 1708 con-

105 1725 314 1764 structam
352 1738 436 1764 uno
473 1724 519 1764 in
555 1724 650 1765 loco
691 1725 813 1778 quasi
843 1739 919 1779 per
950 1727 1226 1766 transennam
1257 1728 1444 1779 praeter-

104 1784 253 1821 euntes
291 1781 476 1822 strictim
514 1782 773 1836 aspeximus,
809 1783 855 1823 in
891 1783 1030 1824 lucem
1067 1783 1258 1837 proferat
1290 1786 1332 1824 et
1366 1797 1442 1824 suo

106 1839 285 1893 quicque
316 1839 362 1879 in
391 1839 486 1881 loco
513 1840 702 1881 collocet.
753 1841 848 1896 Ego
875 1856 988 1896 vero,
1018 1841 1159 1895 inquit
1186 1839 1326 1896 Cotta,
1352 1856 1376 1882 a
1402 1844 1515 1882 te163

53 1913 87 1938 30
106 1900 219 1951 peto,
245 1895 460 1951 Scaevola,
487 1922 539 1927 —-
568 1914 634 1939 me
661 1899 774 1940 enim
799 1902 841 1940 et
866 1899 980 1940 hunc
1002 1898 1239 1953 Sulpicium
1264 1899 1445 1954 impedit

104 1955 241 2008 pudor
267 1955 319 1995 ab
346 1955 517 1997 homine
544 1956 734 1998 omnium
761 1957 1029 2012 gravissimo,
1055 1957 1127 2011 qui
1155 1972 1289 2012 genus
1315 1958 1444 1998 huius

105 2013 219 2053 modi
260 2013 563 2067 disputationis
604 2030 770 2069 semper
810 2016 1136 2071 contempserit,
1176 2016 1300 2069 haec,
1338 2030 1446 2070 quae

104 2070 179 2111 isti
212 2071 393 2112 forsitan
423 2087 653 2126 puerorum
685 2074 895 2114 elementa
926 2074 1168 2128 videantur,
1207 2074 1445 2128 exquirere:

105 2153 162 2158 ——
187 2129 260 2170 sed
291 2132 339 2170 tu
370 2129 479 2172 hanc
509 2131 633 2172 nobis
666 2132 833 2172 veniam
866 2132 930 2186 da,
963 2130 1179 2186 Scaevola,
1211 2135 1253 2173 et
1278 2132 1446 2186 perfice,

52 2202 86 2228 35
105 2190 153 2227 ut
184 2185 362 2228 Crassus
393 2188 511 2244 haec,
542 2204 648 2243 quae
680 2190 891 2231 coartavit
923 2193 966 2231 et
990 2193 1249 2245 peranguste
1275 2190 1446 2231 refersit

105 2244 150 2285 in
187 2246 378 2287 oratione
423 2261 516 2300 sua,
560 2248 710 2288 dilatet
747 2248 872 2289 nobis
919 2251 1045 2303 atque
1083 2248 1276 2303 explicet.
1347 2247 1516 2301 Eg0164

103 2303 362 2359 mehercule,
403 2304 544 2359 inquit
587 2305 774 2362 Mucius,
824 2309 950 2348 antea
993 2309 1136 2348 vestra
1180 2305 1318 2360 magis
1362 2305 1443 2346 hoc
