1643 2526
184 95 240 137 56
694 93 756 128 DE
784 92 1008 128 ORATORE

183 190 230 232 P.
262 189 426 232 Rutilio
458 203 546 230 non
575 188 930 243 philosophorum
961 202 1078 229 more
1111 187 1184 229 sed
1221 190 1295 228 tuo
1326 187 1519 229 licuisset

185 249 342 303 dicere,
380 247 573 301 quamvis
612 247 808 288 scelerati
844 247 909 287 illi
945 245 1146 299 fuissent,
1184 245 1310 287 sicuti
1346 245 1520 287 fuerunt

184 306 377 361 pestiferi
398 306 509 347 cives
532 305 825 359 supplicioque
852 305 983 360 digni,
1008 308 1152 345 tamen
1178 318 1346 345 omnem
1372 318 1519 345 eorum

184 364 556 420 importunitatem
582 378 632 404 ex
662 363 827 404 intimis
860 363 1075 404 mentibus
1102 362 1315 403 evellisset
1339 362 1403 403 vis
1430 377 1517 404 ora-

185 423 316 464 tionis
348 426 457 464 tuae.
519 421 645 463 Nunc
676 422 775 463 talis
812 421 877 463 vir
915 421 1095 462 amissus
1134 424 1215 474 est,
1255 421 1354 461 dum
1393 435 1552 463 causa5

184 482 246 522 ita
278 481 446 535 dicitur,
477 483 525 521 ut
557 480 592 521 si
624 481 669 520 in
698 480 773 520 illa
804 479 1102 521 commenticia
1126 478 1319 520 Platonis
1347 478 1517 520 civitate

185 554 251 581 res
279 542 487 594 ageretur.
536 537 673 579 Nemo
698 538 921 593 ingemuit,
950 552 1075 578 nemo
1107 537 1355 578 inclamavit
1379 540 1519 591 patro-

184 612 350 652 norum,
379 597 487 638 nihil
520 596 718 650 cuiquam
749 596 898 650 doluit,
928 610 1052 637 nemo
1086 599 1151 636 est
1177 598 1363 650 questus,
1393 609 1517 636 nemo

185 671 275 698 rem
318 656 535 710 publicam
583 655 845 708 imploravit,
893 669 1018 695 nemo
1069 653 1335 708 supplicavit.
1409 652 1519 701 Quid

114 728 171 769 54
186 715 350 755 multa?
398 711 548 768 pedem
584 727 709 754 nemo
746 713 792 753 in
827 713 901 753 illo
938 712 1096 760 iudicio
1134 712 1345 766 supplosit
1383 712 1573 766 credo,1o

115 788 238 826 231ne
272 772 427 813 Stoicis
459 771 784 813 renuntiaretur.
830 771 1029 811 Imitatus
1056 773 1121 811 est
1144 770 1274 811 homo
1301 770 1518 810 Romanus

187 834 230 872 61
251 830 486 872 consularis
506 833 693 871 veterem
711 829 833 870 illum
855 828 1086 882 Socratem,
1106 829 1189 882 qui,
1215 843 1309 869 cum
1332 828 1521 868 omnium

187 889 529 943 sapientissimus
574 891 686 929 esset
730 887 1081 940 sanctissimeque
1125 886 1317 940 vixisset,
1366 886 1428 927 ita
1475 886 1521 926 in

184 948 342 988 iudicio
376 947 528 1001 capitis
559 960 637 1001 pro
670 960 714 987 se
744 946 836 999 ipse
869 945 993 999 dixit,
1030 948 1078 986 ut
1114 959 1201 985 non
1239 944 1416 998 supplex
1448 946 1522 985 aut

185 1020 282 1046 reus
316 1006 387 1046 sed
413 1005 619 1060 magister
644 1007 719 1045 aut
744 1003 941 1045 dominus
966 1003 1181 1044 videretur
1206 1017 1297 1044 esse
1321 1002 1519 1044 iudicum.
1541 1020 1574 1046 15

188 1064 300 1112 Quin
333 1063 474 1117 etiam,
506 1077 602 1104 cum
634 1062 671 1103 61
705 1062 908 1116 scriptam
942 1062 1179 1102 orationem
1214 1061 1519 1102 disertissimus

188 1125 333 1162 orator
358 1121 509 1175 Lysias
538 1120 766 1174 attulisset,
786 1135 925 1174 quam,
945 1120 981 1160 si
1002 1120 1039 1160 ei
1059 1120 1284 1173 videretur,
1304 1119 1521 1173 edisceret,

186 1182 235 1220 ut
268 1194 316 1220 ea
346 1193 423 1234 pro
456 1194 499 1220 se
530 1179 576 1219 in
606 1178 764 1219 iudicio
796 1181 1005 1232 uteretur,
1034 1192 1121 1219 non
1152 1177 1310 1218 invitus
1341 1177 1447 1232 legit
1479 1180 1522 1218 et

188 1238 407 1279 commode
441 1237 645 1291 scriptam
677 1251 768 1277 esse
801 1236 926 1291 dixit,
958 1236 1042 1290 sed,
1072 1235 1226 1290 inquit,
1256 1238 1317 1290 ut,
1349 1235 1384 1276 si
1415 1235 1521 1276 mihi

187 1297 351 1338 calceos
374 1295 596 1350 Sicyonios
624 1295 856 1348 attulisses,
881 1309 967 1335 non
987 1298 1139 1348 uterer,
1166 1294 1359 1348 quamvis
1380 1296 1521 1334 essent
1541 1312 1575 1337 20

185 1354 352 1395 habiles
384 1358 511 1407 atque
543 1354 633 1407 apti
665 1353 717 1394 ad
747 1353 915 1407 pedem,
946 1353 1046 1406 quia
1075 1366 1162 1392 non
1194 1355 1336 1393 essent
1366 1352 1523 1406 viriles,

187 1413 247 1454 sic
277 1412 396 1453 illam
429 1412 666 1453 orationem
698 1411 901 1452 disertam
934 1411 1015 1451 sibi
1048 1414 1090 1451 61
1122 1410 1352 1451 oratoriam
1377 1410 1522 1464 videri,

185 1470 343 1512 fortem
375 1474 417 1511 et
449 1470 614 1511 virilem
644 1484 731 1510 non
761 1469 906 1510 videri.
954 1469 1073 1523 Ergo
1105 1469 1176 1509 ille
1210 1483 1378 1522 quoque
1410 1468 1523 1509 dam-

186 1533 313 1570 natus
335 1532 412 1583 est,
429 1543 565 1582 neque
587 1528 725 1568 solum
745 1527 895 1581 primis
917 1527 1153 1579 sententiis,
1173 1527 1325 1579 quibus
1352 1529 1521 1567 tantum

189 1587 437 1628 statuebant
455 1586 614 1627 iudices
636 1586 886 1626 damnarent
912 1600 965 1625 an
986 1585 1267 1638 absolverent,
1293 1584 1366 1624 sed
1392 1584 1521 1625 etiam
1540 1602 1574 1628 25

117 1645 293 1699 232illis,
325 1659 430 1698 quas
460 1644 616 1684 iterum
648 1644 815 1698 legibus
847 1643 957 1683 ferre
989 1643 1209 1683 debebant.
1270 1642 1377 1683 Erat
1409 1642 1522 1683 enim

187 1702 370 1744 Athenis
396 1716 468 1743 reo
489 1702 702 1755 damnato,
721 1701 757 1741 si
776 1701 892 1741 fraus
919 1700 1113 1755 capita-lis
1139 1714 1226 1741 non
1251 1703 1375 1754 esset,
1401 1700 1522 1754 quasi

186 1775 347 1815 poenae
380 1760 640 1813 aestimati03
673 1762 715 1800 et
747 1759 957 1800 sententia
983 1773 1079 1800 cum
1103 1759 1314 1800 iudicibus
1341 1759 1524 1813 daretur,

186 1819 536 1873 interrogabatur
566 1832 663 1858 reus
691 1831 817 1871 quam
852 1816 992 1871 [quasi
1019 1817 1378 1868 aestimationem]
1412 1831 1523 1858 com-

188 1877 393 1918 meruisse
414 1891 457 1917 se
479 1876 660 1917 maxime
675 1876 966 1929 confiteretur,
986 1875 1098 1939 quod
1116 1890 1211 1916 cum
1229 1875 1521 1930 interrogatus
1541 1893 1576 1918 30

190 1934 387 1976 Socrates
414 1938 538 1988 esset,
568 1934 788 1999 respondit
815 1948 905 1974 sese
931 1909 1148 1987 nieruisse,
1172 1936 1221 1974 ut
1247 1933 1521 1987 amplissimis

187 1993 424 2034 honoribus
458 1996 500 2033 et
530 1992 730 2046 praemiis
763 1992 1033 2032 decoraretur
1065 1995 1107 2032 et
1138 1995 1186 2032 ut
1218 1991 1256 2032 ei
1288 1991 1425 2032 victus
1457 2005 1524 2032 co-

189 2051 376 2092 tidianus
412 2051 458 2091 in
494 2050 707 2104 Prytaneo
744 2049 913 2103 publice
949 2049 1242 2103 praeberetur,
1279 2049 1351 2103 qui
1387 2049 1524 2090 honor

119 2110 303 2163 233apud
336 2108 520 2150 Graecos
558 2108 768 2148 maximus
805 2107 998 2148 habetur.
1061 2106 1190 2148 Cuius
1227 2121 1433 2161 responso
1463 2107 1524 2147 iu-

190 2168 303 2208 dices
337 2167 395 2208 sic
429 2169 689 2220 exarserunt,
719 2169 767 2206 ut
799 2165 949 2219 capitis
980 2165 1198 2206 hominem
1229 2165 1523 2206 innocentissi-
1542 2182 1575 2208 35

189 2240 307 2267 mum
346 2225 688 2266 condemnarent.
751 2223 831 2271 Qui
869 2223 1038 2276 quidem
1071 2223 1106 2264 si
1145 2223 1367 2264 absolutus
1399 2226 1523 2278 esset,

191 2284 305 2338 quod
336 2283 589 2338 mehercule,
620 2282 788 2323 etiamsi
819 2281 926 2322 nihil
959 2282 1011 2322 ad
1041 2295 1119 2322 nos
1151 2281 1349 2336 pertinet,
1379 2284 1524 2322 tamen
