1643 2526
531 93 807 129 ADNOTATIO
835 92 1031 128 CRlTICA.
1340 91 1455 126 LXIX

119 220 161 225 —
188 203 219 234 9.
246 200 285 234 id
309 199 422 234 solum
446 198 473 232 L
499 203 540 234 ut
564 199 677 234 solum
702 197 803 232 Bake
831 219 874 223 —
903 201 956 233 12.
983 202 1056 233 tam
1079 198 1105 231 F
1121 197 1167 232 Ο1
1192 198 1266 232 tam
1285 197 1313 231 P
1339 202 1457 232 tamen

118 257 194 292 f02
214 257 249 291 al
275 257 309 291 N
330 257 462 298 0111.Ε;
488 259 563 292 iam
587 257 672 291 inde
697 255 782 291 Ern.
810 256 978 290 voluerat
1004 277 1047 280 —-
1075 259 1129 290 33.
1157 257 1404 291 collocationes
1429 255 1456 288 L

117 315 208 339 corr.
223 304 363 339 Manut.
384 325 422 329 -
440 304 479 339 P.
494 308 573 338 371.
589 308 620 338 3.
635 303 709 339 ullo
723 303 860 338 modoL
874 304 975 337 nullo
988 304 1091 338 modo
1107 301 1254 337 Goeller
1266 303 1341 338 ullo
1354 303 1457 337 modo

116 363 191 385 non
210 351 258 385 M.
280 350 435 394 Seyffert
456 352 494 384 et
513 350 646 394 Stangl
666 371 708 374 -
729 351 854 384 iuncta
877 349 918 391 E,
943 349 1075 394 Stangl
1105 370 1146 375 -
1173 353 1227 384 31.
1253 350 1333 384 istis
1355 348 1382 382 L
1401 350 1457 383 his

117 397 244 432 Lamb.
259 397 299 432 in
311 409 402 440 mrg.
418 397 648 441 Wesenberg
662 417 704 422 —
719 396 757 430 P.
774 401 851 432 372.
866 401 895 431 6.
910 397 1074 442 singulas
1086 408 1142 431 res
1154 396 1181 430 L
1195 397 1341 441 singula
1355 395 1457 429 Bake

119 466 161 469 -—
189 449 243 480 29.
271 446 429 480 auctoris
454 444 482 478 P
508 446 639 479 actoris
663 443 691 476 L
716 444 896 478 auditoris
919 443 1138 487 Heerdegen
1171 464 1213 468 —
1247 447 1301 477 36.
1329 447 1393 477 aut
1417 443 1458 477 in

118 491 145 524 L
170 496 212 526 ut
236 492 277 526 in
302 491 331 525 E
358 511 401 517 —
428 502 502 526 meo
526 490 660 525 inclusi
686 510 729 514 —
756 495 811 524 37.
838 491 1011 525 desideret
1037 491 1120 525 Ern.
1154 511 1197 515 —
1229 490 1268 524 P.
1296 493 1373 524 373.
1403 493 1456 523 11.

118 539 283 582 adquirit
307 537 418 572 FPE
445 539 611 582 acquirat
634 537 662 571 O
689 538 847 581 acquirit
873 537 987 571 Ovet⁷
1013 538 1169 582 inquirit
1195 537 1211 571 f
1234 557 1278 561 —
1299 537 1459 581 prendat

118 584 229 618 FPE
251 585 454 629 prehendat
479 584 538 619 Of
572 604 617 609 -
658 588 710 618 12.
736 595 799 619 nec
824 584 851 617 L
878 595 951 618 non
976 583 1123 628 Sauppe
1162 604 1205 609 —
1245 587 1298 618 13.
1330 585 1404 627 ipse
1431 582 1457 615 L

122 633 239 676 ipsam
265 631 483 666 Gulielmius
523 652 563 656 -
604 635 659 665 33.
698 631 792 675 quod
816 632 889 665 iam
915 630 1032 665 Rufin.
1060 632 1231 675 quoniam
1257 629 1388 674 Stangl
1412 649 1459 654 —

119 682 174 713 37.
202 680 277 722 ipse
301 679 361 713 ille
386 677 504 712 Rufin.
532 699 575 702 ——
602 677 641 711 P.
668 681 746 712 374.
773 682 806 712 4.
838 679 922 712 dein
947 677 1058 712 FPO
1085 698 1129 702 —
1156 681 1211 712 23.
1239 689 1345 722 quam
1371 687 1456 711 eom.

118 725 147 759 E
172 726 227 760 rel
251 736 336 760 com.
365 724 498 769 Stangl
524 746 566 750 ——
595 728 650 759 27.
676 726 717 758 in
742 735 811 759 om.
838 724 958 759 Rufin.
987 745 1027 749 —-
1054 724 1092 758 P.
1114 727 1194 759 375.
1217 729 1245 759 1.
1273 724 1459 759 trochaeus

119 782 190 806 om.
218 771 243 806 C
270 771 354 807 add.
379 771 511 813 Rufin.,
543 772 630 815 post
655 772 778 806 choreo
802 782 880 815 pos.
907 771 1032 816 Meyer
1071 792 1109 796 —
1153 775 1205 805 15.
1239 782 1304 816 pes
1335 772 1457 805 elisti-

119 822 239 853 matur
265 818 398 863 Stangl
424 830 468 853 ex
492 818 625 852 Rufino
659 839 700 843 -
734 822 789 853 26.
819 830 966 853 numero
990 819 1106 853 solum
1130 817 1148 851 f
1170 829 1239 852 om.
1267 818 1294 851 L
1321 838 1365 842 —
1390 828 1458 851 nu-

118 876 256 900 merosa
281 876 349 901 om.
376 865 395 898 f
428 886 471 890 —
511 870 566 899 35.
605 876 647 899 ea
671 866 703 900 si
727 865 754 898 L
780 869 813 900 et
836 876 877 899 ea
903 865 921 897 f
947 866 1012 899 etsi
1037 864 1065 898 Ε
1098 876 1139 899 ea
1164 866 1215 900 sic
1240 864 1458 908 Heerdegen

119 923 162 946 ea
187 912 321 947 scilicet
346 911 480 956 Stangl
518 932 559 936 —
599 911 637 946 P.
665 916 743 946 376.
771 916 802 945 9.
840 912 1057 956 multumque
1083 910 1215 955 Stangl
1253 932 1296 936 -—-
1336 914 1389 945 14.
1417 921 1459 945 ac

119 960 188 1000 for.
214 958 293 993 Pid.
334 979 376 983 —-
414 962 468 993 19.
496 959 668 1003 partibus
692 958 719 992 L
745 960 899 993 senariis
923 960 1081 993 versibus
1107 957 1237 1001 Stangl
1264 969 1308 992 ex
1334 957 1457 998 Quint..

120 1005 168 1039 IX
195 1010 227 1048 4,
251 1009 315 1040 125
351 1025 394 1030 —
431 1009 486 1039 20.
519 1010 551 1040 et
574 1016 663 1040 neue
688 1005 715 1038 L
741 1009 773 1040 et
798 1017 841 1040 ne
867 1019 893 1039 ω
919 1017 1002 1040 neve
1027 1005 1155 1039 Lamb.
1182 1010 1214 1040 et
1238 1016 1302 1040 nce
1326 1004 1459 1038 maluit

119 1051 246 1096 Meyer
270 1057 303 1087 et
326 1063 438 1097 neque
463 1051 682 1095 Heerdegen
708 1072 750 1076 —
777 1055 832 1086 26.
859 1053 899 1086 Ε
921 1056 1092 1096 quattuor
1198 1052 1458 1097 comprehensio

119 1098 204 1133 incl.
226 1098 358 1143 Stangl
384 1120 427 1123 -
455 1102 510 1133 31.
537 1099 643 1143 idque
668 1098 695 1131 L
721 1099 850 1143 Itaque
873 1098 1030 1133 Schuetz
1056 1103 1160 1143 atque
1184 1098 1402 1142 Heerdegen
1422 1099 1460 1132 et

121 1145 253 1189 Stangl
291 1166 334 1171 —-
373 1149 428 1180 32.
455 1146 541 1180 solet
566 1156 636 1180 esse
659 1144 802 1179 Piderit,
839 1166 881 1171 —
917 1150 972 1180 36.
994 1146 1173 1190 profectos
1198 1147 1362 1190 effuqisse
1388 1144 1457 1178 FE
1489 1186 1496 1189 .

114 1193 276 1237 profecto
301 1193 463 1238 eff'uyisse
488 1192 560 1226 ΡΟ
598 1213 645 1217 -—
681 1191 719 1226 P.
746 1195 824 1227 377.
852 1196 882 1227 2.
917 1194 1098 1238 perfuqiis
1122 1192 1150 1226 L
1177 1193 1343 1237 perfuyis
1368 1191 1386 1224 f
1414 1212 1459 1217 —

123 1242 152 1273 7.
180 1241 440 1284 comprehensio
465 1240 551 1283 post
575 1240 736 1284 sequitur
760 1250 837 1283 pos.
866 1239 1020 1273 Schuetz
1053 1260 1097 1264 —
1124 1244 1174 1274 est
1198 1240 1459 1283 comprehensio

120 1287 261 1330 transp.
299 1285 425 1320 Lamb.
466 1307 507 1310 —
549 1289 602 1320 14.
646 1287 782 1321 alienos
819 1287 846 1319 L
886 1287 1015 1321 alienis
1052 1286 1169 1321 Rufin.
1208 1288 1305 1321 antis
1342 1287 1460 1321 aeneis

121 1332 277 1366 Schuetz
303 1352 347 1357 —
384 1338 435 1367 15.
462 1334 605 1366 insanis
631 1332 786 1366 Schuetz
814 1344 882 1367 om.
910 1332 1062 1367 fRufin.
1096 1354 1139 1358 —-
1174 1338 1226 1368 18.
1254 1345 1361 1377 quam
1387 1343 1457 1367 0111.

121 1378 177 1412 fE
198 1378 318 1413 Rufin.
344 1400 391 1403 —
416 1382 471 1413 20.
491 1380 601 1421 faciet
619 1379 738 1413 Rufin.
765 1400 811 1403 —
830 1383 884 1414 22.
904 1381 1092 1424 utriusque
1110 1380 1138 1413 L
1157 1382 1319 1424 utrisque
1338 1379 1458 1413 Rufin.

123 1446 165 1450 —
192 1430 247 1460 25.
274 1430 398 1460 nostra
425 1426 450 1459 L
477 1437 541 1460 nos
566 1425 685 1459 Rufin.
718 1446 762 1450 —-
794 1430 849 1460 31.
876 1427 981 1470 quasi
1005 1426 1032 1459 L
1058 1437 1185 1471 quaeso
1211 1426 1240 1459 E
1267 1447 1310 1451 -—
1336 1427 1376 1461 id
1400 1437 1461 1461 vos

120 1474 175 1507 ita
201 1471 324 1514 Quint.
357 1472 420 1517 (IX
445 1476 476 1514 4,
501 1474 580 1516 123)
617 1492 662 1497 -
701 1476 754 1506 33.
793 1484 901 1517 quam
926 1472 954 1505 E
981 1484 1050 1507 om.
1077 1473 1104 1506 L
1144 1493 1185 1498 -—
1225 1478 1278 1507 34.
1319 1483 1407 1517 quas
1433 1472 1459 1505 L

121 1530 211 1564 quae
235 1519 354 1553 Rufin.
394 1540 437 1544 ——
475 1518 513 1554 P.
540 1522 619 1553 378.
648 1523 700 1555 11.
737 1519 805 1554 Sed
829 1531 893 1554 nec
918 1519 1071 1563 Madvig
1102 1540 1146 1544 ——
1180 1523 1233 1554 16.
1259 1521 1406 1554 iunctus
1431 1520 1457 1553 L

121 1567 263 1601 vinetus
300 1565 582 1600 CFWMueller
618 1577 698 1610 prg.
730 1565 987 1610 Koenigsberg
1024 1566 1079 1601 Pr.
1114 1570 1214 1609 1860,
1239 1570 1282 1600 25
1322 1587 1364 1591 -
1404 1571 1458 1600 24.

116 1614 236 1657 placet
261 1617 292 1648 et
328 1612 355 1646 L
387 1614 508 1657 placet
544 1612 684 1646 Manub.
724 1633 767 1638 —-
806 1616 861 1647 34.
900 1614 1016 1648 oratio
1053 1613 1080 1646 L
1118 1617 1240 1648 orator
1277 1613 1379 1647 Bake
1416 1634 1457 1637 —

124 1665 179 1694 35.
206 1661 289 1694 tecti
314 1660 340 1693 L
367 1663 442 1694 tute
466 1659 484 1693 f
506 1670 575 1694 om.
603 1659 631 1692 E
657 1663 748 1695 recte
773 1659 830 1694 ed.
855 1659 1004 1694 Mediol.
1031 1660 1170 1704 (Quint.
1190 1660 1240 1694 IX
1261 1665 1293 1703 4,
1314 1662 1349 1702 8)
1376 1664 1460 1695 tecte

122 1706 206 1740 Ald.
234 1726 276 1731 -
303 1706 340 1741 P.
369 1709 446 1740 379.
474 1711 506 1741 2.
533 1707 629 1741 abest
654 1718 697 1741 ne
722 1706 749 1740 L
775 1707 872 1741 abest
895 1710 937 1741 ut
962 1706 1102 1741 Mannt.
1129 1707 1299 1751 (Tursell.
1327 1706 1376 1740 IV
1403 1710 1458 1749 51,

123 1752 253 1797 Reisig
278 1752 379 1787 Vorl.
407 1757 425 1795 ξ
446 1754 528 1797 323)
553 1773 597 1778 —
626 1756 680 1787 10.
710 1753 848 1788 Coelius
873 1754 900 1787 P
926 1774 972 1778 -—
1003 1757 1056 1788 12.
1083 1755 1173 1789 celat
1197 1753 1224 1787 L
1250 1755 1335 1788 celet
1359 1753 1388 1787 E
1415 1773 1459 1778 —

125 1804 178 1834 17.
218 1800 265 1834 ad
296 1811 396 1844 quem
426 1801 569 1844 scripsit
605 1799 690 1834 incl.
717 1799 889 1841 Schuetz3
927 1802 987 1835 cui
1015 1811 1050 1835 se
1077 1805 1216 1846 purqat
1248 1800 1318 1835 del.
1353 1800 1461 1834 malit

123 1845 343 1890 Heerdegen
362 1867 405 1871 —
426 1850 481 1881 25.
501 1847 695 1882 siculorum
716 1847 742 1881 L
762 1847 1016 1882 versiculorum
1035 1847 1131 1882 Jahn
1157 1867 1201 1872 —
1225 1851 1278 1882 36.
1300 1848 1461 1892 (semper

122 1892 247 1937 pergit,
270 1894 302 1926 A
340 1913 384 1918 —
420 1893 457 1928 P.
485 1897 563 1927 380.
593 1898 622 1927 1.
661 1894 737 1928 aliu
764 1893 788 1928 C
818 1895 884 1928 illa
910 1893 938 1926 E
978 1915 1020 1918 —
1059 1899 1091 1928 3.
1130 1895 1335 1938 compositio
1361 1894 1388 1927 L
1416 1915 1459 1919 —-

123 1940 298 1974 dissoluat
317 1939 344 1972 L
372 1961 414 1964 —
441 1944 473 1975 5.
494 1944 526 1975 et
545 1951 615 1974 om.
635 1940 698 1974 Af
721 1961 762 1965 —
792 1944 845 1975 10.
866 1945 899 1975 et
917 1941 1001 1975 cael.
1023 1940 1054 1973 A
1082 1962 1123 1965 —
1154 1945 1205 1975 13.
1227 1941 1409 1985 permulta
1428 1941 1460 1974 A

124 2007 168 2011 -
196 1990 250 2022 14.
280 1988 328 2020 sit
353 1997 421 2021 om.
447 1986 480 2020 A
511 2007 553 2012 —-
588 1990 641 2022 18.
677 1988 785 2030 facile
810 1987 842 2020 A
875 2008 916 2011 —-
951 1991 1004 2022 19.
1038 1989 1110 2022 etis}
1135 1987 1167 2020 A
1192 1989 1245 2023 ita
1270 1987 1297 2021 L
1330 2008 1373 2013 —
1403 1992 1458 2021 21.

118 2034 271 2077 paulum
297 2032 325 2066 L
351 2054 391 2058 ——
420 2037 538 2068 tamen
563 2044 632 2068 om.
658 2033 685 2066 L
717 2054 760 2059 —
792 2038 848 2068 24.
882 2035 962 2068 lieet
986 2046 1128 2079 eamque
1153 2034 1180 2068 L
1212 2055 1258 2059 -
1286 2038 1342 2069 25.
1363 2046 1458 2079 pan-

124 2081 198 2114 Zum
222 2079 250 2113 L
278 2100 319 2133 -.
335 2080 621 2161 gzffdffigzillig
633 2080 692 2161 fal}
706 2101 761 2170 )—
787 2081 1000 2162 283.7ha}›ens
1018 2092 1052 2116 se
1076 2082 1109 2161 ἶ
1134 2082 1251 2154 αόεςέθ
1276 2082 1303 2115 L
1334 2085 1458 2162 ῖ3ἰ

123 2137 232 2207 ΪΜΡΟ.
249 2138 337 2207 q3821.
368 2178 396 2208 1.
433 2128 486 2208 (sic
510 2178 551 2209 ut
576 2185 645 2209 0111.
671 2155 703 2207 L*
736 2195 782 2199 —
819 2151 850 2208 4.
875 2139 1097 2219 ’corlzffiisscffozt
1121 2174 1154 2209 A
1191 2139 1459 2209 sseqz'i'lmtiiinen

124 2220 239 2254 simile
258 2224 308 2255 est
333 2231 402 2254 om.
423 2220 456 2254 A
474 2220 567 2256 Non.
594 2241 638 2246 —
664 2224 695 2256 8.
723 2223 844 2266 copias
863 2221 896 2255 A
920 2242 966 2246 —
990 2226 1031 2256 ut
1050 2223 1103 2256 ita
1122 2223 1240 2257 dicam
1266 2221 1351 2255 incl.
1373 2220 1458 2255 Ern.

125 2287 168 2291 —-
195 2269 226 2301 9.
253 2267 346 2311 quod
371 2278 432 2312 eqo
458 2268 566 2303 laudo
593 2279 663 2303 om.
688 2267 721 2301 A
759 2288 801 2293 —
842 2273 894 2303 11.
928 2272 1014 2303 tunc
1037 2268 1070 2302 A
1107 2288 1151 2293 —
1192 2273 1244 2302 12.
1277 2268 1456 2310 reformid

123 2312 238 2347 APO
264 2314 408 2356 formid.
435 2312 461 2347 C
498 2335 544 2339 —-
583 2319 635 2349 13.
667 2315 749 2359 ipsa
774 2314 801 2348 L
839 2335 885 2339 —
925 2319 978 2350 17.
1010 2319 1125 2350 autem
1153 2326 1187 2349 se
1212 2316 1263 2349 sie
1288 2314 1315 2347 L
1341 2318 1456 2349 autem
