1643 2526
119 1042 137 1072 ΚΘ

163 120 248 161 332
738 120 933 156 ORATOR

161 230 305 257 rerum
341 215 666 257 fundamentum
707 216 927 270 sapientia.
988 215 1050 257 Ut
1087 216 1201 258 enim
1237 216 1283 257 in
1319 217 1410 258 vita
1442 217 1502 259 sic

162 274 208 314 in
234 274 426 315 oratione
450 274 560 315 nihil
584 277 650 315 est
675 274 890 316 difficilius
912 289 1040 328 quam
1060 275 1161 328 quid
1181 275 1327 317 deceat
1348 275 1502 317 videre.

166 331 345 386 Πρέπον
378 332 595 387 appellant
626 332 707 374 hoc
741 332 910 387 Graeci,
946 347 1024 374 nos
1064 333 1253 375 dicamus
1293 348 1392 375 sane
1425 334 1499 375 de-

165 405 352 446 corum3
396 391 445 431 de
485 405 568 445 quo
604 392 820 445 praeclare
858 394 900 432 et
937 391 1074 432 multa
1109 392 1429 446 praecipiuntur
1460 395 1504 433 et

163 463 229 490 res
263 452 327 490 est
360 449 605 504 cognitione
638 449 906 505 dignissima;
949 450 1076 491 huius
1113 450 1384 505 ignoratione
1415 464 1503 492 non
1539 467 1556 493 5

163 507 289 548 modo
321 507 367 548 in
397 507 487 548 vita
519 508 592 549 sed
624 508 871 562 saepissime
899 511 940 549 et
965 508 1011 548 in
1038 508 1248 562 poematis
1276 511 1319 549 et
1344 509 1389 549 in
1415 523 1504 551 ora-

164 566 280 606 tione
310 569 522 620 peccatur.
584 566 665 607 Est
697 569 841 607 autem
873 566 974 620 quid
1006 567 1152 607 deceat
1179 567 1339 608 oratori
1363 566 1504 608 viden-

164 624 265 665 dum
289 638 377 665 non
402 625 446 664 in
473 624 695 665 sententiis
724 625 861 666 solum
888 625 960 666 sed
987 625 1116 665 etiam
1141 625 1187 665 in
1210 625 1360 666 verbis.
1404 625 1505 666 Non

165 682 277 723 enim
322 682 459 723 omnis
504 683 697 737 fortuna,
738 697 826 723 non
864 683 1001 724 omnis
1041 683 1197 738 1101103,
1239 698 1327 724 11011
1365 684 1502 724 omnis

164 741 411 795 auctoritas,
437 755 524 781 non
551 741 689 782 omnis
717 744 834 782 aetas
859 756 937 782 nec
962 756 1062 782 vero
1088 742 1206 783 locus
1235 745 1308 782 aut
1333 744 1502 796 tempus
1524 759 1557 784 ιο

165 803 238 840 aut
277 799 447 839 auditor
486 799 623 840 omnis
662 800 810 840 eodem
848 802 922 840 aut
952 800 1180 841 verborum
1213 814 1365 855 genere
1396 803 1505 841 trac-

164 858 318 898 tandus
346 860 410 898 est
437 860 511 898 aut
538 857 847 898 sententiarum
880 872 1128 912 semperque
1158 858 1204 898 in
1236 859 1352 899 omni
1382 861 1504 913 parte

166 915 372 956 orationis
398 919 446 956 ut
466 915 579 956 vitae
601 916 702 969 quid
728 916 874 957 deceat
899 919 964 957 est
991 916 1360 970 considerandum,
1392 917 1505 971 quod

165 977 206 1015 et
238 974 284 1014 in
315 988 372 1029 re,
403 974 452 1015 de
486 989 570 1027 qua
602 974 756 1029 agitur,
786 974 976 1028 positum
1006 977 1070 1015 est
1096 977 1139 1015 et
1166 975 1211 1015 in
1242 975 1435 1029 personis
1462 978 1504 1016 et

165 1046 312 1073 eorum
345 1032 417 1087 qui
450 1032 596 1074 dicunt
629 1036 671 1073 et
701 1048 849 1073 eorum
875 1033 947 1086 qui
980 1033 1167 1074 audiunt.
1216 1033 1367 1087 Itaque
1392 1033 1505 1075 hunc
1527 1049 1566 1075 15

164 1091 306 1132 locum
349 1091 475 1145 longe
517 1094 560 1132 et
596 1091 682 1131 late
722 1094 941 1145 patentem
989 1091 1235 1146 philosophi
1279 1091 1418 1133 solent
1459 1092 1506 1132 in

167 1149 320 1190 officiis
359 1152 544 1190 tractare
575 1174 633 1178 —
664 1163 751 1190 non
789 1164 885 1190 cum
916 1150 966 1190 de
998 1153 1114 1191 recto
1145 1150 1240 1203 ipso
1273 1150 1506 1205 disputant,

165 1222 265 1248 nam
301 1207 344 1248 id
377 1207 546 1262 quidem
583 1222 716 1248 unum
754 1211 818 1249 est
855 1232 925 1261 —,
966 1207 1235 1262 grammatici
1271 1208 1317 1248 in
1352 1208 1506 1263 poetis,

167 1266 413 1319 eloquentes
432 1265 478 1306 in
499 1266 615 1306 omni
635 1269 677 1307 et
705 1280 856 1321 genere
884 1269 925 1306 et
950 1269 1070 1320 parte
1092 1281 1326 1307 causarum.
1368 1266 1505 1315 Quam

167 1324 279 1365 enim
322 1324 569 1365 indecorum
610 1328 692 1378 est,
736 1324 785 1365 de
823 1324 1051 1365 stillicidiis
1091 1339 1187 1366 cum
1225 1325 1337 1379 apud
1373 1340 1506 1366 unum
1524 1342 1559 1368 20

167 1383 349 1424 iudicem
382 1383 509 1436 dicas,
542 1383 816 1437 amplissimis
849 1382 990 1423 verbis
1018 1386 1060 1423 et
1087 1383 1193 1424 10013
1224 1383 1289 1424 uti
1322 1397 1506 1424 commu-

166 1441 312 1494 nibus,
346 1441 396 1481 de
428 1441 652 1482 maiestate
683 1441 831 1495 populi
862 1441 1047 1482 Romani
1079 1441 1303 1482 summisse
1336 1444 1378 1482 et
1411 1442 1506 1483 sub-

96 1499 152 1541 22
168 1499 317 1540 tiliter!
368 1499 451 1540 Hic
485 1514 637 1554 genere
669 1502 782 1553 toto,
820 1502 863 1540 at
894 1514 1077 1554 persona
1115 1499 1187 1540 alii
1224 1503 1402 1554 peccant
1433 1503 1507 1540 aut

169 1573 244 1599 sua
288 1561 362 1599 aut
403 1558 591 1599 iudicum
636 1561 710 1598 aut
753 1558 883 1598 etiam
933 1558 1293 1613 adversariorum,
1340 1572 1418 1599 nec
1461 1573 1505 1599 re

168 1616 324 1669 solum,
362 1616 435 1656 sed
472 1630 596 1670 saepe
634 1616 782 1670 verbo3
827 1616 907 1656 etsi
947 1616 1036 1656 sine
1068 1631 1112 1656 re
1142 1616 1262 1656 nulla
1292 1616 1355 1657 vis
1388 1616 1505 1657 verbi
1526 1633 1559 1659 25

168 1677 244 1728 est,
275 1677 419 1715 tamen
450 1674 596 1714 eadem
628 1688 694 1714 res
728 1688 852 1727 saepe
885 1677 959 1714 aut
990 1674 1197 1728 probatur
1227 1676 1300 1714 aut
1332 1674 1507 1715 reicitur

98 1743 140 1774 73
167 1732 250 1773 alio
295 1735 422 1785 atque
467 1732 550 1772 alio
595 1732 708 1772 elata
750 1732 889 1772 veiffbo
958 1731 1010 1772 In
1054 1732 1335 1786 omnibusque
1379 1733 1506 1773 rebus

166 1791 394 1831 videndum
426 1793 491 1831 est
520 1793 747 1855 quatenus3
780 1790 861 1830 etsi
893 1790 1006 1830 enim
1038 1805 1138 1831 suus
1172 1791 1323 1844 cuique
1355 1791 1506 1832 modus

168 1852 250 1903 est,
293 1852 438 1889 tamen
481 1848 619 1903 magis
665 1848 840 1889 offendit
877 1848 1058 1888 nimium
1091 1863 1218 1901 quam
1248 1863 1419 1904 paru3m
1460 1849 1507 1889 in

167 1921 251 1961 quo
283 1907 456 1961 Apelles
494 1906 680 1961 pictores
719 1921 887 1960 quoque
923 1920 994 1947 003
1027 1921 1200 1960 peccare
1234 1907 1402 1948 dicebat
1433 1907 1506 1961 qui
1525 1924 1560 1949 30

165 1980 253 2006 11011
285 1965 492 2006 sentirent
524 1965 625 2019 quid
657 1968 769 2006 esset
801 1964 916 2005 satis.
966 1964 1149 2020 Magnus
1182 1968 1248 2006 est
1275 1965 1393 2006 locus
1424 1965 1508 2020 hic,

166 2024 317 2078 Brute,
349 2024 462 2077 quod
494 2027 535 2064 te
567 2038 655 2064 non
685 2023 817 2078 fugit,
852 2026 894 2063 et
925 2037 1129 2077 magnum
1161 2024 1361 2065 volumen
1393 2023 1507 2064 aliud

168 2082 395 2137 desiderat3
439 2082 511 2123 sed
556 2083 607 2123 ad
646 2082 690 2122 id
732 2081 844 2135 quod
885 2081 1027 2136 agitur
1070 2082 1176 2122 illud
1220 2081 1336 2123 satis.
1399 2080 1507 2123 Cum

166 2141 248 2182 hoc
286 2141 432 2181 decere
466 2165 524 2169 —
556 2140 669 2194 quod
713 2154 878 2193 semper
922 2154 1176 2193 usurpamus
1219 2140 1264 2180 in
1308 2139 1505 2181 omnibus

168 2199 293 2240 dictis
326 2201 368 2239 et
398 2198 543 2251 factis,
575 2198 763 2239 minimis
796 2201 838 2238 et
869 2198 1065 2239 maximis
1098 2223 1154 2227 —
1186 2213 1282 2239 cum
1313 2198 1413 2252 hoc,
1446 2198 1506 2238 in·
1525 2215 1558 2241 35

168 2273 314 2311 quam,
346 2257 491 2298 decere
523 2256 721 2310 dicimus,
760 2256 867 2296 illud
897 2270 984 2297 non
1016 2256 1180 2311 decere,
1212 2259 1254 2297 et
1283 2256 1328 2297 id
1357 2270 1507 2310 usque-

168 2330 334 2371 quaque
362 2318 568 2370 quantum
592 2315 648 2356 sit
675 2317 877 2369 appareat
901 2315 947 2355 in
973 2314 1141 2369 alioque
1166 2318 1352 2369 ponatur
1377 2314 1507 2355 aliud-
