1643 2526
562 528 626 574 [M.
654 528 693 563 T.
724 527 991 573 CICERONJS]

751 621 813 654 DE

221 716 507 770 OPTIMO
547 716 853 770 GENERE
892 715 1328 770 ORATORUM.

229 889 458 932 Oratorum
474 905 628 945 genera
643 905 734 931 esse
752 890 950 932 dicuntur
969 893 1190 944 tamquam
1208 892 1451 944 poetarum3

110 949 154 989 id
175 963 294 990 secus
316 952 392 1003 est,
417 963 516 989 nam
536 949 718 989 alterum
739 952 804 989 est
824 949 1058 1003 multiplex.
1102 948 1318 989 Poematis
1338 948 1451 988 enim

111 1007 266 1062 tragici
299 1006 450 1048 comici
483 1007 590 1061 epici
623 1007 763 1048 melici
789 1007 919 1048 etiam
947 1022 994 1048 ac
1021 1006 1335 1061 dithyrambici‚
1367 1020 1450 1059 quo

111 1065 248 1119 magis
281 1068 346 1105 est
376 1068 610 1106 tractatum
644 1067 686 1117 [a
717 1065 917 1119 Latinis]‚
949 1080 1072 1105 suum
1105 1065 1341 1118 quoiusque
1375 1067 1453 1117 est,

76 1140 92 1165 5
112 1123 326 1164 diversum
358 1138 382 1163 a
413 1123 599 1176 reliquis.
660 1123 810 1176 Itaque
838 1127 881 1164 et
910 1123 956 1163 in
987 1123 1210 1177 tragoedia
1241 1122 1452 1163 comicum

111 1181 315 1222 vitiosum
356 1184 421 1221 est
461 1184 504 1221 et
543 1181 588 1221 in
629 1181 847 1222 comoedia
887 1184 1011 1235 turpe
1052 1181 1282 1236 tragicum3
1327 1183 1369 1221 et
1406 1180 1452 1220 in
1515 1198 1523 1201 -

112 1239 263 1280 ceteris
303 1254 403 1280 suus
442 1242 507 1280 est
544 1239 694 1293 cuique
733 1242 873 1280 certus
913 1254 1042 1280 sonus
1080 1242 1122 1280 et
1154 1239 1360 1293 quaedam
1391 1238 1452 1278 in-

112 1297 415 1352 tellegentibus
451 1300 555 1337 nota
592 1312 685 1338 vox.
747 1296 977 1338 Oratorum
1015 1300 1158 1338 autem
1196 1297 1230 1337 si
1264 1296 1358 1350 quis
1389 1296 1451 1337 ita

111 1358 309 1396 numerat
339 1355 463 1409 plura
493 1369 659 1410 genera,
689 1358 738 1396 ut
765 1355 871 1396 alios
904 1355 1076 1410 grandis
1109 1357 1183 1395 aut
1211 1354 1352 1409 gravis
1379 1357 1452 1395 aut

61 1431 94 1455 ιο
114 1413 324 1467 copiosos,
355 1413 461 1454 alios
493 1413 633 1453 tenuis
666 1416 741 1454 aut
772 1413 942 1454 subtilis
970 1416 1043 1454 aut
1073 1413 1228 1466 brevis,
1258 1412 1364 1453 alios
1391 1412 1451 1452 eis

112 1471 359 1512 interiectos
398 1475 440 1512 et
478 1474 698 1525 tamquam
738 1471 900 1512 medios
937 1473 1078 1525 putet,
1118 1471 1167 1511 de
1205 1470 1452 1511 hominibus

115 1529 218 1571 dicit
244 1529 415 1583 aliquid,
447 1529 496 1570 de
522 1544 566 1570 re
592 1544 753 1583 parum.
803 1529 855 1570 In
879 1544 923 1570 re
950 1529 1063 1570 enim
1095 1529 1197 1582 quid
1229 1532 1453 1583 optumum

115 1588 172 1629 sit
199 1587 428 1641 quaeritur,
458 1587 504 1627 in
534 1587 705 1628 homine
732 1587 888 1628 dicitur
914 1588 1025 1641 quod
1052 1590 1127 1628 est.
1177 1587 1326 1640 Itaque
1352 1587 1453 1627 licet

115 1646 252 1687 dicere
284 1649 327 1686 et
355 1645 543 1686 Ennium
576 1660 789 1686 summum
821 1647 988 1699 epicum
1019 1648 1204 1699 poetam⁷
1236 1645 1272 1686 si
1298 1645 1366 1686 cui
1391 1644 1453 1685 ita

15 1706 16 1709 ’
64 1721 95 1745 15
115 1704 298 1758 videtur,
339 1707 381 1745 et
411 1703 645 1745 Pacuvium
682 1704 894 1759 tragicum
925 1706 968 1745 et
999 1702 1233 1744 Caecilium
1269 1703 1452 1744 fortasse

116 1762 336 1803 comicum.
381 1761 606 1802 Oratorem
627 1776 779 1817 genere
798 1777 886 1803 non
905 1761 1062 1811 divido;
1083 1761 1321 1816 perfectum
1341 1761 1454 1802 enim

117 1834 284 1873 quaero.
346 1819 490 1860 Unum
521 1823 586 1860 est
624 1823 766 1861 autem
806 1835 937 1875 genus
975 1819 1172 1873 perfecti,
1209 1834 1234 1860 a
1265 1833 1348 1872 quo
1382 1818 1455 1871 qui

118 1878 293 1932 absunt,
327 1891 415 1918 non
453 1891 605 1932 genere
638 1878 856 1933 differunt,
891 1882 939 1918 ut
970 1877 1193 1918 Terentius
1225 1877 1277 1917 ab
1310 1877 1456 1930 Accio,

118 1936 191 1976 sed
227 1935 272 1975 in
309 1935 456 1976 eodem
494 1949 645 1989 genere
682 1949 769 1976 non
807 1939 906 1976 sunt
942 1950 1076 1990 pares.
1140 1934 1351 1989 Optumus
1389 1937 1454 1975 est

65 2012 98 2036 20
118 1993 231 2034 em'm
265 1995 419 2038 orator,
453 1993 524 2046 qui
557 1993 732 2034 dicendo
765 1993 929 2034 animos
963 1993 1226 2034 audientium
1258 1995 1300 2033 et
1333 1993 1456 2033 docet

119 2055 161 2092 et
187 2051 370 2092 delectat
396 2054 438 2091 et
462 2054 692 2105 permovet.
736 2051 899 2093 Docere
926 2052 1118 2092 debitum
1144 2054 1221 2105 est,
1246 2051 1454 2092 delectare

117 2109 408 2162 honorarium,
433 2123 677 2161 permovere
697 2110 994 2151 necessarium.
1038 2109 1156 2151 Haec
1174 2112 1223 2150 ut
1244 2109 1351 2149 alius
1372 2123 1454 2148 me-

117 2167 201 2208 lius
233 2181 361 2220 quam
399 2166 524 2220 alius,
563 2168 877 2209 concedendum
914 2171 996 2222 est3
1038 2182 1184 2208 verum
1215 2167 1258 2207 id
1289 2167 1339 2207 fit
1369 2180 1456 2206 non

121 2239 272 2280 genere
314 2224 387 2265 sed
431 2225 574 2279 gradu.
642 2224 875 2279 Optumum
919 2226 1089 2280 quidem
1132 2240 1263 2266 unum
1308 2227 1372 2264 est
1413 2226 1456 2263 et

67 2299 101 2324 25
119 2283 360 2336 proximum
398 2282 510 2335 quod
546 2282 584 2322 ei
622 2282 897 2324 simillimum.
958 2283 1024 2324 Ex
1063 2297 1145 2336 quo
1183 2281 1456 2336 perspicuum

1481 866 1501 906 1
