1643 2526
121 669 178 711 34

124 738 203 769 119

194 131 281 172 344
765 127 960 164 ORATOR

190 225 350 267 habeat
389 224 528 266 omnis
571 223 869 279 philosophiae
905 225 1033 263 notos
1071 237 1120 264 ac
1157 225 1364 264 tractatos
1401 223 1530 265 locos.

192 282 315 324 Nihil
342 283 455 323 enim
481 283 531 323 de
556 282 776 337 religione,
800 281 908 322 nihil
929 281 978 321 de
999 294 1130 336 more,
1152 281 1261 322 nihil
1286 282 1336 322 de
1360 281 1532 337 pietate,

192 341 300 382 nihil
327 341 376 382 de
403 341 581 382 caritate
606 340 783 395 patriae,
807 339 915 380 nihil
942 339 991 379 de
1011 339 1134 380 bonis
1154 340 1281 381 rebus
1302 343 1376 380 aut
1395 340 1530 394 malis,

191 400 299 440 nihil
332 400 382 440 de
413 399 647 440 virtutibus
679 401 752 440 aut
783 397 913 452 vitiis,
943 397 1052 438 nihil
1077 398 1126 438 de
1153 397 1319 452 officiis,
1348 398 1456 438 nihil
1482 398 1530 438 de

194 458 357 512 dolore,
395 457 504 498 nihil
541 457 591 498 de
628 457 866 511 voluptate,
900 455 1009 496 nihil
1047 456 1097 496 de
1134 456 1528 510 perturbationibus

194 516 325 557 animi
363 518 406 557 et
443 515 676 569 erroribus,
720 529 826 569 quae
865 528 989 568 saepe
1029 514 1184 555 cadunt
1219 514 1265 555 in
1302 529 1450 555 causas
1488 517 1532 555 et

192 574 375 615 ieiunius
408 576 607 629 aguntur,
636 573 757 628 nihil,
787 573 976 626 inquam,
1007 572 1097 613 sine
1123 587 1173 613 ea
1198 572 1376 614 scientia
1404 587 1532 626 quam

193 633 280 674 dixi
307 632 494 687 graviter
523 632 661 686 ample
695 631 865 686 copiose
898 630 980 672 dici
1013 634 1055 671 et
1087 630 1288 685 explicari
1319 633 1473 685 potest.

309 691 373 732 De
406 690 585 732 materia
615 691 770 744 loquor
802 689 1006 730 orationis
1043 689 1170 730 etiam
1202 703 1328 743 nunc,
1363 703 1451 729 non
1482 688 1532 729 de

192 764 287 804 1pso
327 763 479 804 genere
517 749 693 790 dicendi
754 747 866 789 Volo
899 747 1012 788 enim
1042 747 1161 802 prius
1198 747 1356 788 habeat
1388 749 1532 787 orator

193 822 296 862 r,em
329 808 378 848 (16
406 822 489 861 qua
516 807 642 861 dicat,
673 806 847 861 dignam
879 805 1053 846 auribus
1087 805 1277 860 eruditis,
1308 820 1436 860 quam
1468 819 1534 846 co-

195 866 303 921 gitet
324 866 478 919 quibus
499 865 640 906 verbis
661 865 844 918 quidque
866 864 979 905 dicat
1002 866 1093 915 [aut
1113 878 1197 917 quo
1217 864 1381 917 modo];
1408 878 1533 917 quem

194 924 336 978 etiam,
364 939 446 978 quo
480 923 682 979 grandior
714 923 771 964 sit
803 925 846 964 et
877 922 1063 976 quodam
1087 923 1214 963 modo
1237 922 1455 976 excelsior,
1486 924 1534 962 ut

194 983 244 1024 (16
288 982 450 1024 Pericle
495 982 582 1023 dixi
626 996 773 1036 supra,
813 995 866 1022 ne
910 980 1186 1035 physicorum
1230 980 1399 1034 quidem
1443 994 1534 1020 esse

193 1041 392 1096 ignarum
422 1040 531 1081 volo.
594 1039 748 1081 Omnia
778 1039 984 1094 profecto,
1016 1053 1112 1080 cum
1145 1053 1188 1079 se
1221 1053 1246 1079 a
1277 1038 1532 1080 caelestibus

194 1099 321 1140 rebus
348 1098 504 1140 referet
533 1098 585 1139 ad
615 1098 837 1152 humanas,
868 1097 1074 1138 excelsius
1106 1096 1534 1151 magnificentiusque

128 1161 240 1199 120et
272 1157 384 1198 dicet
414 1160 457 1197 et
489 1157 656 1198 sentiet.
718 1155 827 1197 Cum
857 1155 932 1196 illa
964 1155 1106 1196 divina
1138 1155 1399 1210 cognoverit,
1433 1154 1534 1195 nolo

130 2217 194 2248 121

194 1216 366 1271 ignoret
401 1229 454 1256 ne
490 1215 595 1256 haec
632 1215 803 1269 quidem
839 1214 1035 1254 humana.
1096 1213 1169 1254 Ius
1215 1213 1336 1254 civile
1379 1216 1536 1267 teneat,

197 1288 279 1328 quo
325 1276 452 1328 egent
497 1288 648 1314 causae
691 1272 881 1313 forenses
925 1272 1091 1313 cotidie.
1159 1270 1270 1319 Quid
1314 1274 1378 1312 est
1422 1271 1535 1312 enim

196 1332 364 1386 turpius
392 1346 520 1385 quam
545 1331 836 1386 legitimarum
863 1333 905 1371 et
930 1329 1120 1371 civilium
1147 1329 1534 1371 controversiarum

195 1390 434 1445 patrocinia
479 1390 710 1444 suscipere,
755 1404 851 1430 cum
889 1388 947 1429 sis
985 1388 1129 1443 legum
1170 1391 1213 1429 et
1253 1387 1389 1429 civilis
1429 1387 1534 1428 iuris

195 1448 401 1504 ignaius‘?
447 1446 690 1503 Cognoscat
721 1448 850 1489 etiam
882 1461 1024 1487 rerum
1029 1425 1274 1501 Dgestarum
1306 1449 1349 1487 et
1379 1459 1536 1487 memo-

197 1508 285 1548 riae
310 1506 466 1548 veteris
494 1506 697 1560 ordinem,
727 1506 910 1547 maxime
944 1504 1106 1546 scilicet
1137 1507 1309 1545 nostrae
1336 1504 1536 1557 civitatis,

199 1566 271 1607 sed
292 1565 422 1606 etiam
441 1564 769 1619 imperiosorum
789 1563 1045 1618 populorum
1061 1566 1102 1604 et
1116 1577 1265 1617 regum
1284 1562 1535 1617 illustrium,

199 1638 323 1677 quem
359 1624 551 1664 laborem
587 1622 712 1663 nobis
744 1622 881 1663 Attici
918 1621 1056 1662 nostri
1092 1621 1250 1661 levavit
1280 1621 1420 1674 labor,
1463 1620 1535 1674 qui

200 1681 461 1723 conservatis
498 1680 743 1733 notatisque
782 1680 1066 1733 temporibus,
1101 1678 1210 1719 nihil
1242 1693 1339 1719 cum
1369 1678 1535 1719 illustre

197 1739 579 1794 praetermitteret,
623 1752 831 1779 annorum
875 1737 1243 1801 septingentorum
1286 1736 1536 1777 memoriam

198 1812 283 1839 uno
321 1798 431 1838 libro
470 1796 700 1851 colligavit
761 1795 937 1836 Nescire
970 1798 1113 1835 autem
1145 1794 1247 1848 quid
1278 1797 1375 1835 ante
1408 1809 1536 1849 quam

198 1859 326 1897 natus
359 1855 417 1896 616
451 1854 664 1909 accideiit,
694 1854 737 1894 id
769 1857 835 1894 est
868 1867 1033 1918 semper
1065 1867 1156 1894 esse
1187 1867 1377 1907 puerum.
1427 1852 1537 1901 Quid

199 1914 313 1956 enim
345 1917 410 1955 est
448 1916 565 1954 aetas
602 1912 808 1967 hominis,
848 1911 932 1952 nisi
970 1926 1019 1952 ea
1057 1911 1261 1952 memoria
1298 1925 1440 1952 rerum
1470 1925 1537 1951 ve-

199 1976 339 2014 terum
383 1986 479 2013 cum
524 1971 791 2025 superiorum
835 1972 973 2011 aetate
1018 1969 1290 2011 contexitur?
1346 1967 1537 2010 Comme-

199 2030 382 2071 moratio
427 2033 570 2070 autem
614 2028 884 2083 antiquitatis
929 2028 1302 2082 exemplorumque
1351 2027 1536 2081 prolatio

200 2103 366 2130 summa
392 2103 487 2129 cum
514 2087 793 2128 delectatione
814 2090 856 2127 et
877 2086 1178 2127 auctoritatem
1204 2085 1388 2126 orationi
1415 2085 1537 2126 affert

200 2150 244 2188 et
273 2147 411 2188 fidem.

1553 764 1587 790 10

1556 1054 1588 1080 15

1555 1347 1589 1372 20

1555 1636 1589 1662 25

1556 1927 1590 1953 30

318 2203 387 2246 Sic
430 2204 565 2259 igitur
603 2203 838 2244 instructus
876 2202 1017 2243 veniet
1056 2202 1108 2243 ad
1145 2216 1313 2255 causas,
1357 2215 1536 2255 quarum
1555 2216 1618 2242 35;

198 2263 376 2305 habebit
417 2277 573 2318 genera
614 2262 800 2316 primum
837 2260 1153 2315 ipsa-cognita.
1215 2259 1312 2301 Erit
1349 2259 1462 2300 enim
1498 2259 1537 2299 ei

197 2324 470 2377 perspectum
507 2320 616 2361 nihil
654 2319 816 2374 ambigi
853 2333 997 2373 posse,
1039 2319 1083 2359 in
1122 2333 1203 2372 quo
1241 2332 1328 2358 non
1365 2320 1439 2358 aut
1471 2331 1536 2358 res
