1643 2526
169 97 223 138 68
674 92 737 127 DE
766 90 991 127 ORATORE

167 206 255 233 non
278 191 410 232 habet
436 188 655 230 definitam
680 187 868 241 aliquam
897 186 1130 241 regionem,
1161 184 1281 227 cuius
1312 184 1506 226 terminis

170 252 318 304 saepta
342 250 549 290 teneatur.
600 245 764 299 Omnia,
796 259 1085 299 quaecumque
1109 244 1156 284 in
1179 242 1402 284 hominum
1427 243 1508 284 dis-

170 307 458 362 ceptationem
489 305 637 347 cadere
668 306 861 358 possunt,
891 303 998 344 bene
1031 305 1131 343 sunt
1162 301 1201 343 ei
1232 301 1410 343 dicenda
1434 300 1507 354 qui

170 367 252 407 hoc
285 380 329 406 se
360 378 486 419 posse
516 362 755 418 profitetur,
793 364 866 402 aut
898 360 1165 415 eloquentiae
1196 374 1353 401 nomen
1383 359 1507 400 relin-

125 436 145 467 6
173 424 386 478 quendum
417 425 493 463 est.
555 421 693 470 Quare
725 420 920 474 equidem
946 422 988 460 et
1012 419 1057 459 in
1082 421 1230 459 nostra
1261 417 1433 459 civitate
1466 420 1509 458 et
1527 433 1543 460 5

171 483 217 523 in
240 482 335 536 ipsa
363 480 553 534 Graecia,
585 494 691 533 quae
718 493 884 532 semper
913 477 1018 518 haec
1050 492 1217 518 summa
1241 476 1373 529 duxit,
1404 476 1510 516 mul-

172 544 240 582 tos
279 543 321 581 et
357 538 542 594 ingeniis
576 571 747 578 ........
780 540 823 577 et
860 550 1017 590 magna
1053 535 1176 576 laude
1215 534 1380 575 dicendi
1418 534 1508 575 sine

174 613 340 640 summa
376 612 519 638 rerum
557 596 748 637 omnium
787 594 965 636 scientia
1002 593 1134 634 fuisse
1175 593 1330 646 fateor;
1379 592 1509 633 talem

172 670 272 698 vero
306 656 486 697 existere
519 654 824 708 eloquentiam,
862 652 999 706 qualis
1036 652 1166 693 fuerit
1202 651 1249 692 'm
1280 649 1434 692 Crasso
1467 653 1510 692 et

172 714 378 767 AntoniO,
407 728 495 754 non
526 712 710 767 cognitis
742 712 868 752 rebus
902 710 1098 752 omnibus
1125 724 1231 763 quae
1261 710 1313 750 ad
1344 712 1509 750 tantam
1530 725 1564 751 10

172 773 443 827 prudentiam
488 771 768 826 pertinerent,
818 772 1068 823 tantamque
1117 768 1283 809 dicendi
1332 767 1512 822 copiam,

129 842 147 872 7
175 834 335 884 quanta
359 831 405 871 in
428 830 514 871 illis
540 829 636 883 fuit,
666 843 753 869 non
776 827 968 882 potuisse
995 827 1210 868 confirmo.
1263 826 1354 874 Quo
1381 826 1511 866 etiam

173 889 255 930 feci
286 889 509 942 libentius,
546 891 595 929 ut
627 902 724 928 eum
756 900 1013 940 sermonem,
1046 899 1172 939 quem
1202 884 1266 925 illi
1299 884 1511 938 quondam

173 947 286 988 inter
317 962 360 988 se
399 947 448 988 de
485 946 553 987 his
590 946 717 986 rebus
754 944 1024 997 habuissent,
1060 943 1306 984 mandarem
1341 942 1512 996 litteris,

174 1005 240 1046 vel
272 1008 319 1046 ut
350 1005 426 1045 illa
458 1004 614 1059 opinio,
652 1018 759 1057 quae
792 1017 958 1056 semper
987 1001 1152 1056 fuisset,
1189 1001 1423 1053 tolleretur,
1456 1000 1512 1041 al·
1532 1017 1564 1043 15

176 1066 314 1104 terum
340 1078 427 1104 non
453 1062 749 1104 doctissimum
770 1061 952 1102 alterum
971 1060 1096 1114 plane
1115 1060 1336 1101 indoctum
1361 1058 1512 1114 fuisse3

176 1121 243 1162 vel
275 1124 323 1162 ut
355 1135 422 1174 ea,
460 1135 567 1174 quae
600 1119 887 1160 existimarem
920 1134 945 1159 a
977 1118 1154 1159 summis
1187 1117 1429 1158 oratoribus
1462 1118 1511 1158 de

176 1179 420 1232 eloquentia
451 1178 654 1219 divinitus
688 1192 779 1218 esse
812 1177 942 1231 dicta,
979 1176 1236 1217 custodirem
1266 1175 1441 1229 litteris,
1476 1175 1512 1216 si

175 1237 263 1278 ullo
304 1237 430 1278 modo
472 1236 641 1289 assequi
682 1235 991 1289 complectique
1027 1234 1282 1288 potuissem,
1325 1233 1392 1274 vel
1428 1248 1512 1274 me-

176 1296 346 1336 hercule
367 1295 497 1336 etiam
516 1297 565 1335 ut
583 1294 751 1334 laudem
777 1308 924 1334 eorum
948 1293 1035 1333 iam
1056 1307 1189 1346 prope
1211 1295 1513 1346 senescentem,
1532 1309 1565 1334 20

178 1356 384 1407 quantum
416 1367 496 1408 ego
526 1366 709 1406 possem,
741 1352 793 1392 ab
827 1351 1042 1392 oblivione
1074 1350 1297 1391 hominum
1328 1353 1456 1403 atque
1488 1365 1513 1391 a

130 1422 151 1452 8
178 1411 348 1452 silentio
381 1411 651 1452 vindicarem.
713 1409 826 1450 Nam
859 1409 894 1450 si
923 1424 973 1450 ex
1005 1409 1175 1463 scriptis
1202 1408 1404 1463 cognosci
1428 1408 1512 1462 ipsi

115 1513 124 1522 ⁴
177 1470 264 1510 suis
290 1469 544 1523 potuissent,
569 1469 710 1509 minus
735 1468 817 1509 hoc
843 1468 1025 1508 fortasse
1051 1467 1156 1508 mihi
1182 1481 1273 1507 esse
1292 1469 1512 1520 putassem

176 1527 474 1581 laborandum3
507 1527 579 1568 sed
611 1541 708 1567 cum
734 1527 841 1567 alter
864 1539 952 1566 non
977 1526 1172 1579 multum,
1204 1525 1315 1577 quod
1342 1524 1511 1578 quidem

177 1588 353 1639 extaret,
391 1588 433 1625 et
463 1585 507 1625 id
537 1585 679 1638 ipsum
711 1584 968 1637 adulescens,
1007 1583 1113 1624 alter
1143 1583 1252 1623 nihil
1284 1583 1511 1623 admodum
1530 1599 1564 1626 25

178 1643 326 1697 scripti
363 1643 625 1696 reliquisset,
661 1642 804 1682 deberi
841 1642 922 1682 hoc
960 1656 984 1682 a
1013 1656 1081 1681 me
1118 1641 1251 1681 tantis
1288 1640 1512 1682 hominum

176 1700 359 1755 ingeniis
392 1700 557 1754 putavi,
594 1702 661 1754 ut,
699 1714 827 1753 quom
865 1699 994 1740 etiam
1025 1713 1136 1740 nunc
1168 1699 1309 1739 vivam
1339 1699 1513 1740 illorum

177 1758 427 1800 memoriam
458 1762 718 1811 teneremus,
751 1757 860 1798 hanc
895 1757 1179 1798 immortalem
1208 1757 1444 1812 redderem,
1476 1757 1512 1798 si

130 1827 149 1857 9
175 1831 356 1871 possem.
418 1816 540 1865 Quod
579 1816 660 1857 hoc
700 1816 830 1857 etiam
874 1830 947 1870 spe
991 1815 1217 1870 aggredior
1258 1815 1418 1856 maiore
1459 1815 1512 1856 ad

176 1875 456 1929 probandum,
488 1874 587 1928 quia
617 1888 704 1915 non
735 1875 784 1914 de
819 1873 904 1915 Ser.
932 1873 1091 1914 Galbae
1124 1877 1198 1915 aut
1230 1872 1273 1914 C.
1303 1872 1511 1915 Carbonis
1529 1892 1565 1917 30

177 1933 420 1987 eloquentia
453 1933 592 1974 scribo
625 1932 802 1986 aliquid,
841 1932 887 1972 in
925 1946 1007 1986 quo
1044 1932 1172 1973 liceat
1210 1932 1315 1972 mihi
1351 1932 1511 1987 fingere

178 1991 213 2032 si
246 1991 346 2045 quid
377 1991 504 2032 velim
534 1990 692 2031 nullius
725 1990 930 2031 memoria
959 1990 1046 2031 iam
1077 2005 1144 2031 me
1175 1990 1408 2045 refellente,
1439 1990 1512 2031 sed

177 2050 255 2090 edo
286 2049 391 2090 haec
428 2049 480 2089 iis
520 2049 831 2103 cognoscenda,
872 2048 943 2102 qui
982 2062 1053 2089 eos
1090 2048 1226 2102 ipsos,
1269 2049 1319 2089 de-
1357 2048 1510 2102 quibus

175 2108 346 2161 loquor,
390 2121 513 2160 saepe
556 2107 798 2161 audierunt,
839 2109 889 2147 ut
926 2106 1030 2147 duos
1070 2121 1258 2147 summos
1295 2106 1409 2147 viros
1445 2106 1512 2159 iis,

178 2165 250 2220 qui
275 2167 474 2206 neutrum
499 2165 672 2205 illorum
697 2164 892 2219 viderint,
923 2178 1082 2218 eorum,
1113 2165 1267 2218 quibus
1297 2164 1422 2205 ambo
1446 2164 1511 2204 illi
1531 2181 1565 2207 35

179 2226 369 2264 oratores
396 2223 558 2278 cogniti
585 2223 683 2277 sint,
707 2223 901 2264 vivorum
927 2225 969 2263 et
993 2223 1282 2276 praesentium
1306 2222 1512 2263 memoria

108 2306 152 2337 10
179 2284 288 2325 teste
332 2281 687 2323 commendemus.
755 2281 845 2323 Nec
883 2294 981 2322 vero
1019 2284 1080 2336 te,
1123 2280 1339 2322 carissime
1379 2280 1512 2321 frater
