1643 2526
542 105 643 140 CAP.
669 109 819 141 65-66.
864 109 882 148 g
909 109 1106 141 230—234.
1411 106 1496 148 283

156 215 295 242 sermo
326 203 427 242 tuus
460 204 629 242 emanet
660 204 702 242 et
733 201 764 242 ii
796 200 877 242 tibi
910 203 1204 256 suscenseant,
1242 215 1347 256 quos
1380 215 1498 256 prae-

155 259 334 301 terieris.
397 259 536 308 Quid?
586 274 681 315 vos,
722 259 916 314 inquam,
959 262 1100 300 tacere
1140 274 1228 301 non
1267 259 1497 314 poteritis?

156 317 247 359 Nos
281 318 469 373 quidem,
499 318 658 373 inquit,
697 317 917 372 facillime3
955 318 1028 359 sed
1060 321 1205 359 tamen
1236 321 1278 359 te
1311 318 1498 359 arbitror

157 377 281 418 malle
313 376 455 431 ipsum
487 380 627 418 tacere
660 391 788 430 quam
825 376 1168 418 taciturnitatem
1204 379 1399 418 nostram
1430 391 1497 418 ex-

120 435 296 489 5periri.
357 435 468 476 Tum
505 449 603 490 ego:
641 434 751 476 Vere
789 435 889 490 tibi,
925 435 1119 490 inquam,
1157 435 1307 490 Brute,
1346 435 1565 477 dicam.232

154 493 255 535 Non
293 508 359 535 me
398 493 639 535 existimavi
675 493 722 534 in
760 493 842 535 hoc
884 508 1079 534 sermone
1120 508 1253 547 usque
1295 494 1347 534 ad
1386 494 1495 535 hanc

156 555 340 594 aetatem
372 567 463 594 esse
503 556 746 606 venturum3
784 552 857 593 sed
893 552 955 593 ita
993 552 1126 592 traxit
1165 552 1267 593 ordo
1307 555 1496 593 aetatum

156 611 413 665 orationem,
470 614 517 652 ut
565 611 652 652 iam
702 611 754 651 ad
803 611 989 651 minores
1040 611 1170 652 etiam
1218 610 1495 664 pervenerim.

154 669 383 724 Interpone
410 670 558 725 igitur,
587 669 741 723 inquit,
767 669 802 710 si
830 683 936 723 quos
962 669 1148 724 videtur3
1180 669 1329 710 deinde
1356 669 1497 710 redea-

102 746 135 772 10
155 743 249 769 mus
283 729 334 769 ad
371 731 414 769 te
453 731 495 769 et
534 728 586 769 ad
622 727 915 768 Hortensium.
977 727 1115 768 Immo
1153 742 1273 782 vero,
1308 727 1497 782 inquam,

155 787 207 827 ad
250 786 550 841 Hortensium3
593 787 643 827 de
687 801 753 827 me
798 786 870 827 alii
921 786 1082 840 dicent,
1131 785 1167 826 si
1218 786 1290 840 qui
1339 787 1495 827 volent.

154 845 330 886 Minime
367 859 485 899 vero,
521 844 672 899 inquit.
734 844 847 885 Nam
885 844 966 885 etsi
1003 859 1070 885 me
1107 844 1232 886 facile
1273 844 1388 885 omni
1420 848 1495 885 tuo

155 918 348 944 sermone
380 903 571 958 tenuisti,
602 906 746 944 tamen
776 903 813 944 is
841 903 946 943 mihi
976 903 1148 958 longior
1172 902 1352 957 videtur,
1384 903 1497 956 quod

154 976 336 1016 propero
378 962 522 1003 audire
567 962 617 1002 de
664 965 724 1017 te,
767 976 845 1002 nec
889 975 988 1002 vero
1033 964 1123 1002 tam
1167 961 1216 1002 de
1260 961 1495 1002 virtutibus

102 1038 134 1064 15
156 1020 321 1062 dicendi
353 1021 451 1075 tuis,
484 1035 590 1074 quae
617 1035 713 1061 cum
741 1020 938 1061 omnibus
965 1023 1059 1060 tum
1085 1022 1197 1061 certe
1223 1019 1329 1060 mihi
1361 1019 1496 1060 notis-

155 1079 287 1120 simae
315 1082 427 1133 sunt,
453 1093 580 1132 quam
607 1079 720 1132 quod
747 1079 902 1133 gradus
929 1081 1026 1119 tuos
1055 1080 1097 1119 et
1123 1077 1244 1131 quasi
1269 1092 1495 1132 processus

155 1137 320 1179 dicendi
347 1137 497 1178 studeo
525 1151 793 1192 cognoscere.
840 1135 1032 1191 Geretur,
1062 1136 1251 1191 inquam,
1282 1136 1363 1177 tibi
1390 1147 1566 1190 mos,233

155 1196 357 1250 quoniam
389 1211 455 1237 me
486 1210 573 1237 non
609 1195 754 1250 ingeni
792 1195 1130 1249 praedicatorem
1172 1209 1263 1236 esse
1300 1195 1382 1248 vis,
1424 1195 1507 1236 sed*

155 1254 316 1295 laboris
349 1254 444 1295 mei.
493 1254 656 1295 Verum
686 1253 970 1308 interponam,
1000 1257 1048 1294 ut
1079 1253 1232 1308 placet,
1265 1253 1371 1294 alios
1404 1256 1446 1294 et
1473 1269 1497 1294 a

102 1332 136 1356 20
154 1312 211 1353 M.
244 1311 411 1365 Crasso,
444 1313 517 1367 qui
547 1312 631 1353 fuit
663 1312 852 1365 aequalis
883 1311 1102 1366 Hortensi,
1133 1312 1339 1352 exordiar.

272 1371 316 1412 Is
352 1371 487 1425 igitur
530 1370 800 1412 mediocriter
837 1386 862 1411 a
898 1370 1091 1411 doctrina
1128 1370 1383 1424 instructus,
1427 1385 1497 1410 an-
1511 1370 1566 1412 66

158 1429 326 1485 gustius
359 1429 489 1470 etiam
520 1444 545 1470 a
583 1432 756 1483 natura,
792 1429 938 1469 labore
977 1431 1019 1470 et
1055 1428 1266 1469 industria
1305 1431 1348 1469 et
1385 1429 1497 1482 quod

157 1488 387 1529 adhibebat
419 1488 472 1528 ad
504 1487 756 1541 optinendas
789 1502 938 1528 causas
971 1501 1116 1528 curam
1155 1487 1286 1527 etiam
1324 1489 1366 1527 et
1405 1501 1498 1542 gra-

156 1547 275 1600 tiam,
305 1546 350 1586 in
380 1546 644 1600 principibus
683 1545 878 1600 patronis
917 1544 1082 1598 aliquot
1119 1558 1253 1586 annos
1291 1544 1384 1585 fuit.
1446 1544 1498 1585 In

103 1623 138 1649 25
158 1605 286 1646 huius
319 1605 512 1646 oratione
546 1618 684 1646 sermo
711 1603 890 1645 Latinus
918 1607 1021 1658 erat,
1052 1603 1182 1644 verba
1206 1617 1294 1644 non
1320 1603 1498 1657 abiecta,

130 1678 225 1705 'res
267 1663 529 1718 compositae
574 1663 820 1717 diligenter,
862 1662 1005 1703 nullus
1049 1662 1128 1702 flos
1173 1665 1319 1702 tamen
1361 1676 1497 1715 neque

156 1722 302 1763 lumen
344 1722 499 1776 ullum,
542 1721 673 1762 animi
717 1735 892 1776 magna,
934 1720 1051 1762 vocis
1094 1735 1225 1774 parva
1266 1720 1498 1774 contentio,

159 1780 303 1821 omnia
339 1780 425 1821 fere
462 1783 511 1821 ut
548 1779 745 1821 similiter
783 1782 909 1833 atque
950 1793 1035 1819 uno
1077 1779 1203 1819 modo
1245 1778 1497 1820 dicerentur.

157 1838 272 1879 Nam
307 1838 434 1879 huius
473 1838 660 1892 aequalis
700 1841 742 1879 et
778 1837 975 1878 inimicus
1015 1835 1058 1878 G.
1091 1837 1283 1877 Fimbria
1319 1851 1407 1877 non
1437 1837 1499 1877 ita

105 1915 141 1940 30
160 1897 231 1938 diu
263 1897 422 1938 iactare
455 1911 499 1937 se
529 1897 690 1952 potuit,
728 1896 800 1950 qui
839 1896 982 1937 omnia
1019 1909 1176 1949 magna
1212 1909 1315 1936 voce
1354 1895 1496 1936 dicens

159 1955 387 1996 verborum
428 1969 527 1995 sane
568 1955 778 1996 bonorum
820 1969 947 1996 cursu
988 1954 1172 2007 quodam
1211 1953 1393 1994 incitato
1436 1953 1499 1994 ita

158 2013 329 2054 furebat
367 2016 530 2068 tamen,
565 2016 614 2054 ut
651 2013 851 2054 mirarere
889 2015 979 2053 tam
1018 2012 1122 2052 alias
1160 2026 1228 2052 res
1266 2025 1389 2066 agere
1426 2026 1499 2065 po-

159 2072 321 2125 pulum,
345 2074 394 2111 ut
420 2074 532 2112 esset
556 2071 707 2112 insano
733 2071 846 2112 inter
871 2071 1052 2111 disertos
1078 2070 1208 2111 locos.
1254 2068 1327 2111 Cn.
1355 2072 1567 2110 autem234

159 2130 369 2171 Lentulus
411 2130 547 2170 multo
587 2130 794 2171 maiorem
835 2129 1080 2183 opinionem
1121 2128 1287 2169 dicendi
1332 2128 1498 2169 actione

107 2205 141 2232 35
160 2188 365 2242 faciebat,
403 2202 531 2241 quam
569 2191 728 2241 quanta
764 2188 811 2228 in
841 2202 890 2228 eo
922 2187 1104 2228 facultas
1145 2189 1254 2241 erat,
1292 2186 1364 2240 qui
1404 2200 1499 2226 cum

161 2250 273 2288 esset
298 2260 375 2287 nec
400 2249 642 2301 peracutus,
668 2261 927 2300 quamquam
953 2248 996 2286 et
1023 2260 1074 2286 ex
1098 2245 1207 2286 facie
1234 2247 1276 2285 et
1302 2259 1353 2284 ex
1378 2243 1500 2283 vultu

160 2305 396 2359 videbatur,
420 2318 497 2345 nec
523 2304 742 2345 abundans
768 2304 923 2359 verbis,
948 2304 1030 2344 etsi
1054 2303 1232 2345 fallebat
1251 2302 1297 2342 in
1317 2315 1365 2342 eo
1385 2301 1498 2355 ipso:
