1643 2526
533 519 582 555 M.
609 519 749 554 TULLI
774 517 1026 554 CICERONIS

750 615 812 645 DE
836 635 841 640 -

469 707 1091 762 ORATORE

637 822 768 856 LIBRI
791 822 922 858 TRES.

571 973 739 1007 LIBER
770 973 990 1009 PRIMUS.

229 1056 451 1112 Cogitanti
489 1057 595 1098 mihi
634 1071 937 1111 saepenumero
980 1060 1022 1098 et
1062 1057 1269 1099 memoria
1308 1061 1454 1099 vetera

110 1116 323 1170 repetenti
347 1115 540 1170 perbeati
560 1115 705 1170 fuisse,
726 1114 882 1164 Quinte
902 1115 1047 1170 frater,
1065 1116 1128 1156 illi
1149 1116 1282 1157 videri
1303 1117 1454 1172 solent,

1481 1097 1496 1126 l

113 1174 186 1229 qui
210 1174 257 1215 in
283 1174 447 1230 optima
471 1189 515 1215 re
541 1173 725 1228 publica,
757 1188 886 1228 quom
913 1177 955 1215 et
980 1174 1216 1216 honoribus
1243 1178 1285 1215 et
1310 1190 1453 1216 rerum
1489 1185 1497 1188 ’

115 1235 333 1288 gestarum
372 1232 510 1287 gloria
545 1232 746 1273 florerent
755 1266 765 1286 ,
805 1247 902 1273 eum
942 1233 1055 1274 vitae
1096 1248 1269 1274 cursum
1309 1236 1452 1275 tenere

77 1310 93 1334 5
113 1294 357 1345 potuerunt,
388 1293 436 1331 ut
468 1291 534 1332 vel
564 1291 611 1331 in
640 1291 816 1345 negotio
849 1291 939 1332 sine
971 1291 1161 1345 periculo
1187 1292 1255 1333 vel
1285 1292 1332 1332 in
1363 1292 1452 1333 otio

113 1364 210 1389 cum
237 1348 447 1403 dignitate
469 1363 559 1389 esse
578 1352 765 1402 possent.
815 1349 879 1390 Ac
904 1349 988 1390 fuit
1008 1364 1137 1403 quom
1157 1350 1264 1390 mihi
1285 1365 1453 1404 quoque

112 1406 285 1447 initium
299 1406 591 1460 requiescendi
607 1409 734 1460 atque
750 1407 939 1448 animum
954 1408 1006 1448 ad
1021 1408 1241 1461 utriusque
1255 1411 1453 1449 nostrum

112 1465 332 1519 praeclara
373 1465 514 1506 studia
553 1464 763 1505 referendi
802 1465 893 1506 fore
932 1465 1096 1506 iustum
1140 1469 1182 1506 et
1225 1481 1357 1520 prope
1399 1467 1451 1508 ab

114 1523 312 1563 omnibus
345 1537 595 1564 concessum
627 1524 876 1578 arbitrarer,
913 1523 949 1564 si
985 1523 1180 1564 infinitus
1217 1524 1453 1566 forensium

61 1599 95 1624 ιο
113 1596 256 1622 rerum
292 1581 414 1622 labor
453 1584 495 1622 et
533 1581 781 1622 ambitionis
815 1582 1039 1636 occupatio
1079 1597 1204 1623 cursu
1240 1583 1452 1624 honorum

113 1639 243 1680 etiam
283 1639 436 1680 aetatis
473 1639 586 1680 flexu
623 1640 900 1681 constitisset.
963 1639 1099 1689 Quam
1138 1655 1256 1696 spem
1294 1641 1453 1696 cogita-

111 1697 280 1738 tionum
300 1700 343 1738 et
364 1698 640 1739 consiliorum
659 1712 852 1739 meorum
872 1713 969 1739 cum
990 1713 1140 1753 graves
1162 1700 1452 1741 communium

111 1758 353 1810 temporum
379 1759 472 1797 tum
497 1756 605 1798 varii
629 1756 767 1797 nostri
794 1771 915 1798 casus
942 1757 1196 1798 fefellerimt.
1240 1758 1354 1799 Nam
1381 1758 1453 1812 qui

112 1814 231 1855 locus
270 1814 426 1868 quietis
464 1817 507 1855 et
543 1815 869 1868 tranquillitatis
907 1815 1180 1869 plenissimus
1218 1816 1309 1857 fore
1341 1817 1453 1857 vide-

62 1890 96 1915 15
114 1872 255 1927 batur,
284 1873 331 1913 in
362 1887 411 1913 eo
438 1887 660 1914 maxumae
687 1873 821 1914 moles
847 1874 1143 1915 molestiarum
1169 1877 1212 1915 et
1237 1874 1453 1915 turbulen—

113 1930 319 1971 tissumae
362 1933 640 1985 tempestates
691 1932 942 1986 extiterunt3
991 1946 1128 1985 neque
1177 1947 1277 1973 vero
1326 1933 1451 1974 nobis

114 1989 385 2043 cupientibus
419 1993 545 2043 atque
578 1990 879 2044 exoptantibus
918 1990 1082 2031 fructus
1122 1991 1199 2031 otii
1231 1991 1354 2032 datus
1388 1994 1453 2032 est

117 2047 169 2087 ad
196 2061 266 2088 eas
294 2047 411 2101 artis,
437 2048 591 2101 quibus
618 2063 642 2088 a
661 2048 803 2102 pueris
825 2048 956 2089 dediti
982 2048 1154 2104 fuimus,
1179 2049 1451 2090 celebrandas

111 2104 226 2146 inter
256 2119 418 2160 nosque
444 2106 700 2147 recolendas.
743 2105 857 2147 Nam
881 2106 1021 2160 prima
1052 2110 1191 2148 aetate
1223 2108 1450 2148 incidimus

58 2162 158 2206 20in
199 2163 338 2217 ipsam
380 2165 747 2217 perturbationem
785 2165 1033 2218 disciplinae
1069 2165 1225 2207 veteris
1270 2169 1312 2206 et
1357 2180 1453 2207 con-

113 2221 256 2262 sulatu
282 2222 524 2263 devenimus
556 2223 602 2263 in
627 2223 814 2263 medium
845 2237 987 2264 rerum
1019 2224 1211 2265 omnium
1237 2227 1453 2265 certamen

57 2311 59 2313 .
113 2281 240 2332 atque
267 2280 494 2321 discrimen
525 2284 568 2322 et
598 2280 680 2322 hoc
706 2284 874 2335 tempus
902 2295 1024 2323 omne
1050 2285 1149 2337 post
1181 2282 1452 2323 consulatum

183 2353 253 2379 010.
272 2354 295 2379 1.
316 2355 339 2379 2.
1146 2353 1164 2383 1

1479 1657 1499 1687 N)
