1643 2526
157 124 243 165 310
731 121 918 157 BRUTUS

157 218 365 261 conticuit
386 218 528 260 subito
549 220 592 259 et
618 217 865 259 ommutuit:
892 232 987 259 cum
1013 217 1108 271 lege
1127 216 1332 271 Pompeia
1357 218 1490 258 ternis

157 277 274 318 horis
307 278 359 318 ad
391 276 614 318 dicendum
640 276 749 317 datis
777 276 829 317 ad
855 290 1003 317 causas
1031 275 1283 316 simillumas
1309 275 1422 316 inter
1448 290 1491 316 se

157 335 223 377 vel
260 335 404 389 potius
444 335 612 376 easdem
649 334 750 375 novi
787 334 1062 375 veniebamus
1101 333 1267 375 cotidie.
1329 332 1490 382 Quibus

159 393 329 448 quidem
368 393 507 434 causis
544 395 593 433 tu
631 392 778 447 etiam,
814 392 966 445 Brute,
1008 394 1179 446 praesto
1219 391 1338 432 fuisti
1383 406 1493 433 com-

157 452 375 506 plurisque
416 454 458 492 et
497 451 721 492 nobiscum
765 453 808 491 et
852 450 967 491 solus
1011 449 1157 505 egisti,
1199 452 1247 491 ut
1291 449 1364 504 qui
1406 464 1493 491 non
1529 467 1545 492 5

159 509 264 550 satis
297 510 369 550 diu
400 509 554 550 vixerit
585 509 842 550 Hortensius
875 511 1018 549 tamen
1051 509 1163 549 hunc
1195 523 1366 549 cursum
1397 522 1493 550 con-

157 568 322 609 fecerit:
356 568 476 608 annis
510 570 607 608 ante
640 567 822 608 sedecim
855 581 1003 608 causas
1030 580 1155 621 agere
1182 566 1334 620 coepit,
1366 581 1492 620 quam

157 629 206 667 tu
250 640 293 667 es
337 629 481 679 natus,
524 625 637 666 idem
681 629 833 678 quarto
879 638 1187 679 sexagensumo
1232 639 1360 679 anno,
1402 639 1493 679 per-

157 684 304 738 paucis
337 687 433 724 ante
466 687 647 724 mortem
679 684 839 738 diebus,
869 697 954 724 una
984 686 1125 724 tecum
1152 697 1346 724 socerum
1369 685 1493 724 tuum

157 742 345 783 defendit
376 741 575 796 Appium.
636 741 816 783 Dicendi
855 744 998 782 autem
1037 755 1168 796 genus
1210 741 1323 794 quod
1362 741 1491 782 fuerit
1513 758 1545 783 ιο

156 800 200 840 in
232 803 427 854 utroque,
459 800 673 840 orationes
706 799 928 853 utriusque
961 799 1091 840 etiam
1117 799 1300 853 posteris
1331 799 1491 840 nostris

159 858 419 899 indicabunt.
624 866 628 869 “

278 915 359 957 Sed
391 916 427 957 si
460 916 715 970 quaerimus,
747 930 821 957 cur
853 915 1098 957 adulescens
1131 915 1268 971 magis
1300 916 1493 957 floruerit

160 974 336 1016 dicendo
379 989 507 1028 quam
548 974 689 1015 senior
728 974 1004 1029 Hortensius,
1044 989 1193 1015 causas
1233 974 1490 1029 reperiemus

158 1033 415 1073 verissumas
448 1033 564 1073 duas.
625 1031 830 1086 Primum,
862 1032 975 1085 quod
1002 1046 1134 1087 genus
1161 1035 1253 1073 erat
1285 1032 1490 1074 orationis
1512 1049 1545 1074 15

159 1090 398 1131 Asiaticum
440 1090 751 1132 adulescentiae
792 1090 929 1145 magis
971 1104 1218 1131 concessum
1266 1105 1392 1144 quam
1433 1105 1493 1132 se-

157 1149 332 1189 nectuti.
395 1148 559 1189 Genera
591 1152 734 1189 autem
764 1147 981 1189 Asiaticae
1019 1148 1216 1189 dictionis
1255 1149 1338 1189 duo
1376 1152 1491 1189 sunt:

159 1221 291 1247 unum
332 1207 643 1247 sententiosum
685 1210 726 1247 et
764 1209 982 1261 argutum,
1021 1207 1242 1247 sententiis
1279 1221 1366 1247 non
1402 1210 1492 1248 tam
1531 1238 1535 1241 .

160 1265 361 1319 gravibus
394 1268 436 1305 et
468 1265 624 1306 severis
657 1279 783 1318 quam
810 1264 1027 1305 concinnis
1055 1268 1096 1305 et
1121 1265 1323 1319 venustis,
1355 1265 1492 1319 qualis

158 1323 204 1363 in
242 1323 424 1363 historia
461 1323 677 1377 Timaeus,
713 1323 757 1363 in
795 1323 970 1363 dicendo
1010 1325 1152 1363 autem
1188 1323 1330 1377 pueris
1367 1323 1492 1364 nobis
1513 1341 1546 1366 20

159 1380 379 1422 Hierocles
422 1380 713 1434 Alabandeus,
760 1381 897 1435 magis
939 1380 1069 1421 etiam
1109 1380 1319 1422 Menecles
1360 1381 1493 1422 frater

160 1439 249 1480 eius
283 1439 376 1493 fuit,
409 1453 588 1494 quorum
620 1439 841 1492 utriusque
874 1440 1087 1480 orationes
1127 1442 1225 1480 sunt
1260 1439 1306 1479 in
1342 1440 1491 1493 primis

159 1500 208 1538 ut
239 1496 432 1538 Asiatico
465 1498 509 1538 in
542 1512 693 1552 genere
725 1497 971 1538 laudabiles.
1022 1497 1151 1538 Aliud
1184 1500 1327 1538 autem
1359 1512 1491 1552 genus

160 1558 225 1596 est
268 1570 354 1596 non
397 1558 487 1596 tam
537 1555 758 1596 sententiis
809 1555 1127 1608 frequentatum
1177 1571 1302 1609 quam
1350 1556 1492 1597 verbis

159 1613 329 1654 volucre
371 1617 498 1666 atque
535 1613 780 1666 incitatum,
824 1613 946 1667 quale
988 1616 1052 1654 est
1093 1628 1204 1654 nunc
1243 1613 1349 1654 Asia
1389 1617 1492 1668 tota,
1512 1631 1544 1656 25

158 1685 235 1712 nec
276 1671 449 1711 flumine
487 1671 625 1711 solum
665 1671 888 1725 orationis,
932 1672 1004 1712 sed
1042 1671 1171 1711 etiam
1208 1675 1412 1712 exornato
1451 1675 1493 1713 et

158 1729 298 1770 faceto
327 1743 477 1783 genere
504 1730 742 1782 verborum,
766 1729 811 1769 in
837 1743 920 1782 quo
946 1729 1029 1769 fuit
1055 1728 1290 1783 Aeschylus
1318 1730 1492 1771 Cnidius

160 1790 202 1827 et
246 1801 364 1827 meus
409 1787 596 1840 aequalis
640 1786 832 1827 Milesius
876 1786 1120 1841 Aeschines.
1194 1788 1242 1827 ln
1291 1787 1358 1828 his
1403 1792 1494 1829 erat

161 1845 422 1886 admirabilis
457 1845 662 1885 orationis
695 1859 855 1899 cursus,
887 1848 1037 1885 ornata
1063 1845 1372 1887 sententiarum
1398 1861 1493 1887 con-

89 1903 342 1945 32sscinnitas
369 1917 455 1944 non
480 1906 582 1944 erat.
626 1903 742 1944 Haec
769 1906 924 1957 autem,
949 1906 998 1943 ut
1024 1903 1122 1958 dixi,
1149 1918 1303 1958 genera
1328 1905 1492 1945 dicendi
1512 1923 1546 1948 30

160 1961 326 2015 aptiora
353 1964 452 2002 sunt
478 1961 832 2015 adulescentibus,
855 1961 901 2001 in
927 1961 1099 2002 senibus
1126 1962 1381 2015 gravitatem
1406 1977 1493 2003 non

159 2019 329 2059 habent.
404 2019 553 2072 Itaque
597 2019 853 2060 Hortensius
903 2022 1083 2072 utroque
1135 2034 1287 2075 genere
1337 2021 1491 2062 florens

161 2077 367 2118 clamores
405 2077 590 2118 faciebat
628 2077 884 2118 adulescens.
945 2077 1146 2118 Habebat
1183 2078 1295 2119 enim
1333 2082 1375 2120 et
1408 2078 1493 2120 Me-

158 2134 342 2176 neclium
372 2134 477 2176 illud
510 2135 698 2176 studium
736 2136 979 2176 crebrarum
1010 2139 1369 2191 venustarumque
1403 2151 1492 2178 sen-

159 2193 428 2247 tentiarum[,
464 2193 509 2233 in
541 2193 712 2247 quibus,
748 2196 796 2234 ut
825 2193 871 2233 in
906 2193 981 2234 illo
1015 2193 1195 2248 Graeco,
1233 2194 1293 2236 sic
1330 2195 1375 2235 in
1411 2195 1492 2236 hoc
1512 2211 1544 2238 35

160 2254 280 2292 erant
321 2251 526 2305 quaedam
568 2251 704 2305 magis
746 2254 946 2292 venustae
989 2252 1215 2306 dulcesque
1257 2253 1491 2294 sententiae

160 2324 287 2363 quam
329 2312 402 2350 aut
441 2309 704 2350 necessariae
746 2312 819 2350 aut
860 2309 1075 2351 interdum
1112 2311 1274 2366 utiles3]
1319 2313 1361 2352 et
1403 2314 1493 2352 erat

89 894 145 935 95

88 962 155 992 325
