1643 2526
356 102 499 137 LIBER
523 103 549 138 Ι.
600 102 699 138 CAP.
727 107 878 138 49—50.
917 106 936 145 g
962 106 1162 139 210—215.
1378 102 1431 143 51

95 198 285 239 omnium
321 213 463 239 rerum
500 198 738 240 divinarum
771 201 899 252 atque
930 198 1215 240 humanarum
1245 198 1333 239 vim
1363 212 1435 239 na-

94 260 236 298 turam
268 271 501 311 causasque
532 271 658 298 nosse
691 260 733 298 et
766 271 936 298 omnem
968 257 1074 298 bene
1106 256 1274 298 vivendi
1305 257 1435 298 ratio-

93 330 191 356 nem
222 318 366 356 tenere
399 318 441 356 et
472 315 683 370 persequi,
714 315 886 356 nomine
918 315 1000 356 hoc
1033 316 1281 369 appelletur.
1332 314 1503 356 Ora-213

95 377 232 414 torem
264 376 419 428 autem,
451 373 654 427 quoniam
680 374 730 414 de
756 388 805 414 eo
839 373 1093 427 quaerimus,
1127 374 1323 427 equidem
1346 388 1435 414 non

59 449 75 474 5
94 431 204 473 facio
237 432 417 472 eimdem
450 446 575 486 quem
607 431 803 479 Crassus,
846 431 919 485 qui
956 431 1063 473 mihi
1100 432 1216 473 visus
1249 435 1314 473 est
1346 446 1434 473 om·

94 505 190 531 nem
230 490 420 531 omnium
457 506 600 531 rerum
637 494 763 544 atque
802 490 961 531 artium
993 490 1217 531 scientiam
1248 505 1436 545 compre-

94 549 276 590 hendere
319 563 404 590 uno
449 548 632 590 oratoris
671 548 812 590 officio
851 564 899 590 ac
936 549 1125 598 nomine,
1167 552 1293 602 atque
1337 564 1435 590 eum

94 611 198 662 puto
243 622 351 659 esse,
396 607 469 661 qui
509 610 552 648 et
591 608 732 649 verbis
774 607 826 648 ad
864 607 1119 648 audiendum
1154 606 1350 648 iucundis
1393 610 1436 648 et

95 665 318 707 sententiis
356 666 409 706 ad
444 666 712 720 probandum
750 665 1082 707 accommodatis
1120 666 1186 706 uti
1222 666 1360 720 possit
1389 665 1435 706 in

43 741 76 766 ιο
95 724 234 766 causis
270 724 513 765 forensibus
552 728 679 778 atque
719 724 1028 766 communibus.
1089 723 1215 765 Hunc
1250 739 1330 779 ego
1363 739 1436 778 ap-

95 783 208 837 pe'zlo
236 785 450 823 oratorem
477 797 656 837 eumque
684 797 775 824 esse
801 786 1023 837 praeterea
1047 783 1307 823 instructum
1333 796 1434 823 voce

96 844 138 882 et
170 841 337 882 actione
369 844 412 882 et
442 841 585 895 lepore
619 842 802 895 quodam
828 841 936 895 volo.
993 840 1171 882 Crassus
1203 855 1302 882 vero
1330 840 1506 881 mihi214

95 903 241 940 noster
276 900 393 940 visus
431 903 496 940 est
535 899 717 940 oratoris
755 899 1006 940 facultatem
1046 914 1133 939 non
1172 899 1289 940 illius
1331 899 1435 940 artis

97 957 291 998 terminis
329 958 403 998 sed
442 958 604 1013 ingenii
646 958 711 998 sui
747 957 903 998 finibus
940 957 1161 998 immensis
1198 972 1332 1011 paene
1370 958 1436 998 de-

45 1033 77 1058 15
99 1016 294 1057 scribere.
355 1015 468 1057 Nam
507 1020 549 1057 et
585 1016 809 1057 civitatum
845 1016 1127 1070 regendarum
1166 1016 1326 1056 oratori
1364 1030 1437 1070 gu-

96 1075 326 1115 bernacula
345 1074 558 1115 sententia
578 1089 654 1115 sua
673 1074 863 1127 tradidit,
886 1074 931 1114 in
952 1088 1034 1128 quo
1055 1089 1130 1127 per
1149 1074 1255 1115 mihi
1281 1074 1437 1115 mirum

96 1133 235 1173 visum
267 1136 350 1186 est,
389 1132 610 1187 Scaevola,
646 1136 688 1174 te
720 1133 801 1174 hoc
832 1132 896 1173 illi
929 1133 1174 1186 concedere,
1215 1147 1312 1173 cum
1350 1147 1437 1173 sae·
1488 1159 1495 1162 -

95 1191 271 1246 pissime
302 1191 381 1232 tibi
410 1194 582 1232 senatus
608 1191 794 1232 breviter
816 1191 1096 1245 impoliteque
1122 1191 1279 1232 dicenti
1304 1190 1437 1232 maxi-

97 1250 178 1290 mis
206 1250 262 1290 sit
288 1250 338 1291 de
363 1250 490 1290 rebus
517 1264 727 1291 assensus.
776 1249 832 1290 M.
852 1264 953 1290 vero
975 1247 1173 1302 Scaurus,
1199 1264 1324 1303 quem
1349 1263 1437 1290 non

44 1326 78 1350 ρο
97 1309 224 1362 longe
261 1308 351 1348 ruri
389 1309 500 1362 apud
532 1322 575 1349 se
608 1322 699 1348 esse
732 1308 876 1361 audio,
917 1307 981 1348 vir
1016 1308 1226 1362 regendae
1263 1308 1325 1348 rei
1364 1323 1438 1362 pu-

97 1366 233 1406 blicae
260 1366 582 1419 scientissimus,
614 1366 650 1406 si
675 1366 856 1406 audierit
880 1365 991 1406 hanc
1018 1366 1318 1407 auctoritatem
1345 1380 1437 1420 gra-

98 1424 244 1465 vitatis
277 1428 320 1465 et
351 1424 518 1465 consilii
551 1424 616 1465 sui
641 1423 847 1465 vindicari
874 1439 898 1464 a
922 1427 977 1477 te,
1009 1422 1174 1478 Crasse,
1205 1425 1318 1477 quod
1344 1438 1437 1465 eam

99 1482 282 1523 oratoris
312 1482 531 1536 propriam
556 1497 646 1523 esse
674 1482 801 1536 dicas,
830 1482 918 1522 iam
950 1482 1073 1523 credo
1104 1482 1188 1523 huc
1219 1482 1362 1523 veniat
1394 1485 1437 1523 et

96 1541 206 1582 hanc
237 1541 543 1594 loquacitatem
568 1543 761 1581 nostram
786 1540 909 1581 vultu
933 1540 1027 1594 ipso
1056 1543 1314 1594 aspectuque
1341 1555 1438 1581 con-

44 1602 273 1653 25te1·reat;
306 1599 376 1652 qui
410 1613 652 1653 quanquam
683 1602 748 1639 est
776 1599 822 1639 in
847 1598 1023 1639 dicendo
1050 1599 1224 1639 minime
1252 1601 1437 1640 contem-

97 1658 272 1711 nendus,
297 1657 523 1711 prudentia
541 1660 685 1698 tamen
704 1671 846 1697 rerum
865 1671 1118 1712 magnarum
1144 1657 1281 1711 magis
1309 1671 1436 1710 quam

98 1716 263 1756 dicendi
301 1718 390 1756 arte
427 1715 591 1756 nititur.
653 1714 803 1769 Neque
841 1730 959 1768 vero,
1001 1715 1036 1756 si
1075 1715 1170 1769 quis
1207 1719 1506 1769 utrumque-215

97 1776 252 1828 potest,
278 1776 353 1814 aut
377 1773 448 1814 ille
476 1773 644 1814 consilii
668 1773 830 1827 publici
857 1777 1005 1814 auctor
1032 1789 1079 1814 ac
1101 1776 1272 1814 senator
1297 1774 1435 1814 bonus

99 1833 153 1872 ob
186 1847 280 1872 eam
308 1832 448 1885 ipsam
480 1846 651 1873 causam
684 1835 828 1872 orator
860 1835 924 1872 est
956 1835 1029 1872 aut
1059 1832 1129 1872 hic
1162 1831 1342 1872 disertus
1377 1834 1437 1872 at-

45 1907 80 1931 30
99 1905 179 1944 que
217 1890 437 1944 eloquens,
481 1890 517 1930 si
555 1893 620 1931 est
658 1889 772 1930 idem
814 1890 860 1930 in
902 1890 1202 1943 procuratione
1248 1889 1434 1931 civitatis

99 1948 314 2002 egregius,
356 1948 542 2001 aliquam
586 1948 810 1989 scientiam
855 1948 1021 1988 dicendi
1065 1948 1188 2002 copia
1231 1951 1296 1989 est
1340 1963 1436 1989 con-

99 2009 279 2046 secutus.
353 2005 537 2047 Multum
584 2006 698 2047 inter
748 2021 791 2047 se
835 2006 997 2046 distant
1048 2007 1157 2047 istae
1206 2006 1434 2047 facultates

96 2064 308 2118 longeque
347 2067 445 2104 sunt
483 2064 671 2105 diversae
709 2067 834 2117 atque
873 2064 1088 2105 seiunctae
1119 2079 1256 2118 neque
1289 2065 1435 2105 eadem

97 2123 262 2163 ratione
290 2136 338 2162 ac
358 2122 427 2162 via
448 2121 501 2162 M.
525 2121 631 2163 Cato
657 2121 703 2162 P.
722 2122 951 2163 Africanus
978 2122 1024 2171 Q.
1043 2122 1240 2164 Metellus
1268 2121 1310 2163 C.
1333 2122 1435 2163 Lae-

45 2195 78 2221 35
97 2180 192 2234 lius,
224 2180 296 2233 qui
324 2195 468 2220 omnes
495 2180 741 2234 eloquentes
768 2180 953 2234 fuerunt,
980 2181 1218 2221 orationem
1245 2195 1365 2221 suam
1392 2183 1434 2221 et

97 2238 159 2278 rei
190 2238 384 2291 publicae
417 2238 670 2292 dignitatem
707 2239 981 2279 exornabant.
1043 2238 1192 2292 Neque
1225 2238 1337 2279 enim
1369 2241 1433 2278 est
1449 2238 1504 2278 50

96 2296 371 2337 interdictum
398 2299 472 2337 aut
491 2311 515 2336 a
535 2311 675 2337 rerum
700 2299 856 2337 natura
881 2300 954 2338 aut
975 2297 1111 2352 alege
1138 2297 1281 2349 aliqua
1307 2299 1432 2350 atque

1107 2363 1153 2396 455
