1643 2526
414 91 557 126 LIBER
581 91 625 127 ΙΙ.
676 91 777 127 CAP.
804 95 896 126 4-5
947 95 965 134 ξ
993 96 1141 127 14—21.
1395 91 1447 132 71

110 189 280 242 tempus
310 186 411 241 quid
441 188 632 242 postulet
656 201 743 228 non
768 187 883 228 videt
910 190 984 228 aut
1008 188 1132 242 plura
1157 187 1349 241 loquitur
1375 190 1450 228 aut

112 260 156 287 se
189 248 379 286 ostentat
410 248 484 287 aut
517 260 681 301 eorum,
719 245 974 299 quibuscum
1006 249 1089 301 est,
1125 246 1192 287 vel
1224 245 1448 301 dignitatis

111 304 178 345 vel
210 304 423 345 commodi
453 304 665 345 rationem
700 318 788 347 non
819 304 949 345 habet
981 307 1055 345 aut
1088 304 1267 359 denique
1299 304 1345 344 in
1377 303 1450 345 ali-

112 376 196 416 quo
229 376 382 417 genere
408 365 482 404 aut
506 362 786 404 inconcinnus
814 366 888 403 aut
913 363 1074 403 multus
1101 366 1178 416 est,
1208 363 1245 404 is
1276 362 1447 417 ineptus

43 430 53 438 ”
75 437 92 462 5
112 435 203 462 esse
235 420 402 462 dicitur.
462 420 557 462 Hoc
588 421 693 462 vitio
720 421 937 462 cumulata
962 424 1026 462 est
1054 421 1342 462 eruditissima
1372 420 1448 461 illa

112 478 372 520 Graecorum
402 479 532 521 natio.
581 479 732 533 Itaque
758 480 872 533 quod
897 479 984 520 vim
1015 479 1141 520 huius
1168 479 1269 520 mali
1297 478 1448 520 Graeci

109 551 198 578 non
228 537 391 592 vident,
432 552 484 579 ne
521 552 678 579 nomen
716 538 887 591 quidem
924 537 963 578 ei
1003 538 1107 578 vitio
1139 538 1448 592 imposuerunt.

110 594 171 637 Ut
208 596 321 636 enim
358 610 536 650 quaeras
575 595 735 651 omnia,
778 596 990 650 quomodo
1031 595 1182 637 Graeci
1218 596 1448 650 ineptum

112 654 328 708 appellent
367 668 454 695 non
493 654 688 708 reperies.
757 653 957 695 Omnium
998 658 1141 695 autem
1177 654 1449 708 ineptiarum,

60 728 93 753 10
115 727 222 766 quae
266 716 367 753 sunt
408 713 760 767 innumerabiles,
800 713 914 754 haud
959 712 1090 754 sciam
1134 727 1189 754 an
1230 712 1348 753 nulla
1392 712 1449 753 sit

111 770 260 825 maior,
291 785 430 825 quam,
460 774 509 812 ut
539 771 604 811 illi
637 771 788 825 solent,
821 785 1089 825 quocumque
1115 771 1161 811 in
1185 771 1294 825 1000,
1326 785 1449 824 quos-

112 843 291 882 cumque
322 829 435 870 inter
465 829 659 870 homines
691 829 830 870 visum
862 833 945 883 est,
982 830 1031 870 de
1068 829 1195 870 rebus
1237 832 1310 870 aut
1342 828 1449 869 diffi-

112 887 281 928 cillimis
303 890 483 928 autnon
501 887 752 929 necessariis
780 888 1053 942 argutissime
1081 888 1310 942 disputare.
1353 887 1448 928 Hoc

110 960 188 986 nos
222 946 274 986 ab
305 945 402 986 istis
435 946 777 988 adulescentibus
809 946 947 987 facere
977 946 1102 986 inviti
1128 949 1170 986 et
1202 948 1448 987 recusantes

59 1020 93 1045 15
111 1004 203 1045 heri
236 1004 373 1045 coacti
405 1019 562 1045 sumus.
623 1004 732 1045 Tum
759 1003 954 1046 Catulus:
986 1003 1051 1045 Ne
1083 1003 1234 1045 Graeci
1267 1004 1449 1057 quidem,

110 1062 269 1116 inquit,
307 1060 476 1116 Crasse,
514 1062 587 1116 qui
617 1062 663 1103 in
695 1062 940 1103 civitatibus
974 1063 1060 1103 suis
1094 1062 1197 1103 clari
1229 1065 1271 1103 et
1302 1076 1449 1117 magm

1476 431 1518 463 18

1474 980 1501 1022 5

1437 1049 1518 1080 -19

110 1120 303 1175 fuerunt,
343 1121 471 1162 sicuti
507 1124 555 1161 tu
594 1135 637 1162 es
669 1134 833 1174 nosque
866 1135 1012 1161 omnes
1043 1120 1090 1160 in
1120 1124 1269 1162 nostra
1299 1135 1344 1161 re
1376 1135 1450 1174 pu-
1485 1159 1492 1162 .

111 1179 224 1220 blica
254 1179 451 1220 volumus
484 1193 593 1232 esse,
632 1179 788 1220 horum
821 1178 1098 1233 Graecorum,
1136 1178 1209 1232 qui
1242 1193 1285 1219 se
1315 1179 1449 1220 incul-

112 1240 211 1278 cant
243 1237 416 1278 auribus
448 1237 622 1291 nostris,
654 1237 813 1278 similes
844 1237 1030 1292 fuerunt,
1060 1251 1137 1278 1100
1168 1237 1214 1277 111
1246 1237 1335 1278 0110
1368 1252 1450 1278 ser-

59 1312 94 1336 20
112 1309 259 1336 mones
290 1295 417 1336 huius
450 1295 566 1336 modi
598 1295 993 1349 disputationesque
1025 1295 1260 1350 fugiebant.
1316 1294 1381 1337 Ac
1414 1295 1449 1336 si

111 1353 193 1394 tibi
224 1354 420 1394 videntur
453 1353 525 1407 qui
555 1354 774 1408 temporis,
806 1354 878 1407 qui
903 1354 999 1407 1001,
1031 1354 1102 1408 qui
1134 1353 1357 1395 hominum
1387 1368 1451 1394 ra-

112 1411 274 1452 tionem
304 1425 391 1452 non
428 1411 587 1453 habent
624 1412 778 1466 inepti,
817 1412 927 1452 sicut
965 1412 1120 1452 debent
1156 1411 1311 1465 videri,
1347 1426 1451 1452 num

112 1470 285 1511 tandem
323 1473 398 1510 aut
434 1470 554 1511 locus
594 1470 664 1511 hic
706 1484 795 1510 non
830 1470 1008 1511 idoneus
1050 1469 1236 1524 videtur,
1277 1470 1323 1509 in
1366 1483 1449 1523 quo

112 1528 303 1582 porticus
335 1528 439 1569 haec
469 1528 576 1582 ipsa,
606 1528 681 1568 ubi
712 1543 825 1569 nunc
858 1528 1138 1581 ambulamus,
1170 1530 1211 1568 et
1236 1527 1451 1581 palaestra

61 1602 95 1628 25
115 1589 157 1627 et
188 1589 255 1627 tot
284 1586 390 1627 locis
423 1586 633 1627 sessiones
667 1586 987 1641 gymnasiorum
1014 1590 1056 1627 et
1083 1585 1344 1627 Graecorum
1370 1585 1451 1626 dis-

113 1644 386 1698 putationum
411 1645 661 1686 memoriam
682 1645 865 1698 quodam
891 1645 1017 1685 modo
1045 1644 1343 1685 commovent?
1377 1646 1451 1684 aut

112 1717 216 1744 num
246 1703 527 1757 inportunum
558 1706 726 1757 tempus
758 1703 804 1743 in
834 1706 956 1744 tanto
990 1703 1098 1757 otio,
1136 1702 1249 1756 quod
1280 1705 1323 1743 et
1353 1715 1450 1743 raro

114 1761 240 1801 datur
277 1764 320 1802 et
356 1776 468 1802 nunc
505 1764 731 1815 peroptato
769 1761 894 1801 nobis
936 1761 1083 1802 datum
1123 1761 1216 1801 est?
1267 1763 1341 1801 aut
1378 1760 1452 1801 ho-

114 1819 249 1860 mines
283 1819 336 1860 ab
367 1819 447 1860 hoc
486 1833 637 1873 genere
670 1819 973 1873 disputationis
1006 1819 1151 1872 alieni,
1192 1818 1265 1872 qui
1304 1832 1450 1859 omnes

60 1877 146 1919 30ii
179 1892 338 1931 sumus,
374 1880 423 1918 ut
455 1878 545 1918 sine
576 1878 629 1918 iis
663 1877 814 1918 studiis
845 1877 979 1918 vitam
1009 1877 1173 1917 nullam
1204 1891 1296 1917 esse
1328 1877 1451 1918 duca-

114 1935 239 1976 mus?
271 1934 425 1976 Omnia
447 1935 545 1990 ista,
569 1936 710 1989 inquit
736 1934 928 1989 Crassus,
954 1949 1034 1989 ego
1062 1935 1144 1975 alio
1171 1935 1296 1975 modo
1322 1934 1451 1975 inter-

114 1996 277 2047 pretor,
320 1993 390 2047 qui
428 1994 614 2048 primum
651 1994 910 2048 palaestram
948 1996 990 2034 et
1029 1993 1139 2034 sedis
1179 1996 1222 2034 et
1258 1993 1450 2046 porticus

116 2052 246 2092 etiam
270 2052 401 2106 ipsos,
433 2050 595 2106 Catule,
627 2051 810 2093 Graecos
839 2050 1156 2092 exercitationis
1191 2052 1251 2102 [et
1272 2051 1452 2092 delecta-

115 2110 264 2162 tionis]
310 2124 438 2151 causa
482 2112 586 2162 [non
627 2110 950 2164 disputationis]
996 2109 1211 2150 invenisse
1255 2109 1451 2150 arbitror.

63 2184 97 2210 35
116 2167 230 2209 Nam
267 2170 309 2209 et
347 2168 526 2209 saeculis
563 2168 710 2209 multis
750 2171 848 2209 ante
882 2167 1105 2223 gymnasia
1134 2167 1308 2208 inventa
1341 2169 1453 2220 sunt,

117 2240 244 2279 quam
273 2226 319 2266 in
349 2226 402 2267 iis
434 2226 680 2291 philosophi
712 2226 872 2282 garrire
906 2228 1150 2280 coeperunt,
1182 2228 1224 2266 et
1248 2225 1330 2265 hoc
1356 2225 1451 2278 ipso

115 2286 326 2338 tempore,
369 2299 497 2338 quom
541 2285 684 2325 omnia
722 2284 944 2340 gymnasia
981 2283 1229 2338 philosophi
1267 2284 1454 2336 teneant,

1476 1304 1520 1335 20

1476 1944 1520 1975 21
