1643 2526
546 101 647 136 CAP.
677 104 824 136 12-14.
863 104 882 143 ς
909 103 1057 136 45—53.
1386 100 1471 141 235

131 197 264 238 fontis
297 197 424 251 vides,
457 197 510 238 ad
540 199 786 238 nostrorum
812 196 1029 238 annalium
1055 196 1266 238 rationem
1297 198 1475 250 veteres,

131 256 184 297 ad
214 256 407 310 ipsorum
442 270 543 297 sane
575 258 777 296 recentes.
838 254 952 296 Nam
984 258 1081 296 ante
1109 269 1236 309 quam
1262 255 1474 296 delectata

131 318 195 355 est
220 314 548 355 Atheniensium
575 313 724 355 civitas
756 313 835 355 hac
867 313 990 354 laude
1017 313 1195 368 dicendi,
1225 313 1362 354 multa
1386 312 1473 353 iam

130 372 425 413 memorabilia
458 375 500 413 et
524 372 570 412 in
602 372 845 413 domesticis
878 372 990 413 etin
1020 372 1186 413 bellicis
1217 372 1345 412 rebus
1378 371 1466 412 effe>

94 447 109 472 5
132 434 257 472 cerat.
318 430 412 472 Hoc
454 433 597 472 autem
629 431 816 472 studium
847 445 935 471 non
966 433 1058 472 erat
1090 445 1313 472 commune
1346 428 1474 471 Grae-

131 489 237 544 ciae,
281 489 353 530 sed
391 489 613 543 proprium
650 489 929 530 Athenarum.
991 488 1095 537 Quis
1134 489 1246 529 enim
1285 491 1359 530 aut
1394 487 1473 529 Ar-

131 548 276 602 givum
317 551 531 588 oratorem
570 550 642 589 aut
682 546 954 589 Corinthium
991 550 1065 588 aut
1101 547 1354 588 Thebanum
1390 546 1472 588 scit

129 606 261 647 fuisse
288 606 554 661 temporibus
580 606 697 647 illis?
728 606 810 647 nisi
837 606 937 661 quid
958 606 1007 647 de
1027 605 1326 660 Epaminonda
1347 606 1471 646 docto

129 664 301 706 homine
341 665 549 719 suspicari
586 665 716 706 lubet.
778 664 1163 706 Lacedaemonium
1200 678 1300 705 vero
1338 678 1472 717 usque

78 741 110 765 10
130 724 183 764 ad
227 723 310 765 hoc
353 726 523 777 tempus
573 724 715 764 audivi
758 723 889 764 fuisse
932 723 1157 764 neminem.
1230 722 1472 764 Menelaum

128 781 271 835 ipsum
298 781 464 823 dulcem
490 782 612 822 illum
633 782 802 835 quidem
829 782 961 823 tradit
979 781 1208 836 Homerus,
1239 781 1312 822 sed
1337 796 1473 835 pauca

130 840 353 881 dicentem.
403 840 599 881 Brevitas
627 844 770 881 autem
795 841 888 881 laus
915 843 979 881 est
1010 840 1225 881 interdum
1256 840 1302 880 in
1331 839 1471 893 aliqua

129 902 250 952 parte
272 898 450 953 dicendi,
474 899 519 939 in
545 898 743 940 universa
769 899 1012 953 eloquentia
1036 899 1204 939 laudem
1224 912 1311 938 non
1329 898 1471 939 habet.

129 957 189 997 At
221 971 320 998 vero
347 960 467 998 extra
494 956 716 998 Graeciam
748 972 904 1012 magna
935 957 1101 998 dicendi
1133 956 1274 997 studia
1300 956 1474 997 fuerunt

78 1033 110 1058 15
130 1015 401 1069 maxumique
427 1015 525 1056 huic
552 1015 667 1056 laudi
692 1016 831 1056 habiti
849 1016 1031 1058 honores
1052 1015 1233 1056 inlustre
1254 1018 1472 1055 oratorum

128 1089 285 1115 nomen
310 1074 594 1114 reddiderunt.
638 1073 751 1115 Nam
778 1077 825 1115 ut
853 1074 982 1115 semel
1009 1089 1029 1114 e
1049 1073 1201 1114 Piraeo
1229 1073 1473 1127 eloquentia

131 1135 276 1174 evecta
313 1135 395 1186 est,
437 1146 583 1173 omnes
620 1132 866 1188 peragravit
902 1132 1064 1173 insulas
1104 1135 1230 1186 atque
1262 1132 1325 1172 ita
1354 1146 1470 1186 pere-

1499 500 1542 530 50

1499 969 1540 998 51

131 1191 300 1246 grinata
329 1194 423 1232 tota
447 1191 553 1231 Asia
579 1194 656 1244 est,
686 1194 734 1231 ut
761 1205 805 1232 se
832 1190 1017 1232 externis
1046 1190 1255 1231 oblineret
1280 1190 1471 1231 moribus
1498 1209 1506 1212 ’

131 1263 382 1303 omnemque
409 1249 528 1290 illam
555 1249 854 1290 salubritatem
872 1249 1043 1290 Atticae
1065 1248 1264 1290 dictionis
1288 1252 1331 1289 et
1351 1248 1473 1302 quasi

78 1325 112 1349 ρο
133 1308 361 1348 sanitatem
379 1308 574 1362 perderet
596 1322 644 1348 ac
664 1307 782 1361 loqui
802 1322 934 1361 paene
950 1307 1194 1348 dedisceret.
1226 1307 1338 1348 Hinc
1353 1307 1473 1348 Asia-

130 1366 206 1407 tici
228 1369 418 1406 oratores
439 1380 526 1406 non
547 1366 844 1407 contemnendi
866 1366 1035 1419 quidem
1060 1380 1137 1407 nec
1159 1365 1375 1406 celeritate
1395 1380 1472 1406 nec

132 1424 266 1478 copia,
299 1424 371 1465 sed
402 1439 554 1478 parurn
585 1424 721 1478 pressi
751 1427 793 1464 et
820 1424 948 1464 nimis
982 1424 1284 1478 redundantes3
1314 1423 1473 1464 Rhodii

133 1482 322 1523 saniores
349 1485 392 1523 et
416 1482 664 1523 Atticorum
691 1482 929 1523 similiores.
987 1481 1069 1523 Sed
1100 1482 1149 1523 de
1178 1481 1349 1523 Graecis
1376 1481 1473 1523 hac-

132 1544 275 1594 tenus3
296 1544 338 1582 et
353 1541 465 1582 enim
484 1540 589 1582 haec
608 1541 703 1595 ipsa
722 1541 906 1582 forsitan
928 1539 1087 1581 fuerint
1116 1554 1204 1581 non
1223 1540 1473 1581 necessaria.

82 1616 116 1641 25
252 1599 360 1640 Tum
393 1599 571 1640 Brutus:
615 1599 705 1640 Ista
736 1613 854 1653 vero,
885 1599 1043 1653 inquit,
1078 1613 1205 1652 quani
1235 1599 1476 1640 necessaria

133 1658 292 1699 fuerint
322 1672 410 1698 non
440 1657 564 1699 facile
597 1658 793 1712 dixerim3
824 1657 1008 1698 iucunda
1034 1660 1146 1698 certe
1173 1657 1278 1698 mihi
1303 1657 1477 1698 fuerunt

133 1730 268 1770 neque
318 1716 458 1757 solum
499 1730 586 1756 non
628 1716 775 1771 longa,
820 1716 892 1757 sed
935 1716 1065 1757 etiam
1107 1715 1305 1756 breviora
1348 1730 1476 1769 quam

133 1775 297 1815 vellem.
360 1773 548 1828 Optime,
591 1774 786 1829 inquam,
830 1774 903 1815 sed
940 1774 1160 1815 veniamus
1202 1774 1254 1814 ad
1291 1777 1476 1829 nostros,

135 1833 184 1873 de
212 1832 365 1886 quibus
399 1833 570 1874 difficile
603 1836 668 1874 est
699 1833 795 1887 plus
827 1833 1075 1887 intellegere
1108 1847 1236 1886 quam
1269 1835 1476 1886 quantum

82 1909 115 1934 30
136 1905 186 1931 ex
223 1891 509 1932 monumentis
549 1891 757 1945 suspicari
794 1891 905 1932 licet.
968 1890 1071 1939 Quis
1104 1891 1216 1931 enim
1248 1894 1371 1945 putet
1403 1894 1477 1932 aut

135 1948 398 1990 celeritatem
446 1949 591 2004 ingeni
633 1949 681 1990 L.
718 1949 854 1990 Bruto
904 1949 968 1990 illi
1016 1949 1258 1990 nobilitatis
1309 1952 1476 1990 vestrae

134 2006 318 2061 principi
350 2007 563 2048 defuisse?
614 2007 686 2061 qui
725 2008 774 2048 de
812 2010 948 2048 matre
987 2007 1188 2048 savianda
1221 2022 1271 2048 ex
1303 2008 1475 2049 oraculo

134 2065 349 2119 Apollinis
375 2068 466 2106 tam
487 2068 609 2106 acute
631 2070 866 2120 arguteque
888 2065 1134 2120 coniecerit3
1168 2066 1239 2119 qui
1266 2081 1476 2107 summam

134 2123 405 2177 prudentiam
444 2124 716 2165 simulatione
755 2124 965 2165 stultitiae
1003 2124 1176 2178 texerit3
1220 2125 1293 2178 qui
1329 2127 1476 2178 pot-en-

84 2198 117 2224 35
136 2182 352 2223 tissimum
379 2196 525 2236 regem
551 2181 790 2223 clarissumi
823 2182 936 2237 regis
968 2182 1105 2223 filium
1138 2182 1347 2236 expulerit
1380 2182 1477 2223 civi-

139 2243 356 2294 tatemque
388 2242 593 2294 perpetuo
632 2241 851 2281 dominatu
888 2241 1113 2281 liberatam
1151 2240 1476 2295 magistratibus

136 2298 287 2339 annuis
313 2298 480 2353 legibus
507 2297 758 2352 iudiciisque
786 2299 1039 2354 devinxerit3
1072 2299 1145 2352 qui
1171 2299 1372 2352 conlegae
1400 2312 1476 2338 suo

1500 1494 1543 1524 52

1494 1869 1546 1909 14

1503 1938 1545 1967 53
