1643 2526
152 98 180 139 2
664 95 728 130 DE
756 94 981 130 ORATORE

156 192 392 233 obiecimus
446 191 535 244 [iis]
583 191 785 233 fluctibus
835 191 907 244 qui
958 204 1034 244 per
1079 203 1157 231 nos
1207 204 1231 231 a
1280 189 1496 230 communi

154 254 276 304 peste
327 250 493 315 depulsi
543 249 590 290 in
641 251 811 290 nosmet
861 248 979 303 ipsos
1034 248 1328 289 redundarent.
1413 246 1496 288 Sed

155 312 302 350 tamen
344 309 391 349 in
434 308 493 349 eis
538 308 605 349 vel
647 307 950 362 asperitatibus
993 321 1135 347 rerum
1177 306 1244 347 vel
1285 305 1496 361 angustiis

156 367 364 421 temporis
407 367 617 431 obsequar
658 366 810 407 studiis
850 364 1009 406 nostris
1054 368 1097 405 et
1140 340 1366 418 quantum²3
1389 363 1496 404 mihi

156 426 224 467 vel
267 425 384 466 fraus
435 424 706 466 inimicorum
755 424 821 465 vel
870 438 997 465 causa
1040 422 1275 463 amicorum
1316 422 1385 463 vel
1426 436 1493 463 res
1514 436 1531 462 5

156 483 330 539 publica
372 483 535 524 tribuet
578 482 655 524 otii
693 482 745 524 ad
784 482 1054 523 scribendum
1090 480 1365 535 potissimum
1400 494 1497 522 con-

110 553 130 583 4
157 542 304 583 feram.
354 541 451 582 Tibi
483 555 603 594 vero,
632 540 783 594 frater,
813 554 949 593 neque
981 539 1173 580 hortanti
1205 539 1328 580 deero
1359 552 1496 592 neque

159 599 342 656 roganti.
391 598 506 640 Nam
542 613 678 652 neque
717 598 972 640 auctoritate
1011 598 1237 652 quisquam
1278 597 1390 651 apud
1429 611 1496 637 me

110 660 138 701 2
157 659 253 713 plus
286 658 425 699 valere
457 661 500 698 te
530 660 675 712 potest
704 671 839 710 neque
870 657 1100 697 voluntate.
1150 655 1214 697 Ac
1245 655 1351 696 mihi
1381 669 1496 709 repe-

158 717 287 758 tenda
319 720 384 757 est
415 716 571 757 veteris
610 716 830 756 cuiusdam
867 715 1096 755 memoriae
1132 728 1220 754 non
1257 728 1357 754 sane
1390 713 1494 754 satis
1516 729 1549 754 10

160 775 371 829 explicata
402 774 653 827 recordatio,
685 775 770 828 sed,
800 776 849 814 ut
881 773 1078 826 arbitror,
1110 775 1211 826 apta
1236 772 1288 813 ad
1312 771 1357 812 id
1383 771 1496 825 quod

158 833 353 887 requiris,
377 836 426 873 ut
451 846 685 887 cognoscas
713 846 819 886 quae
839 831 920 872 viri
947 831 1137 872 omnium
1157 829 1496 884 eloquentissimi

113 902 133 933 5
161 891 472 944 clarissimique
505 890 715 931 senserint
753 890 801 930 de
835 889 950 930 omni
987 889 1152 930 ratione
1185 888 1361 929 dicendi.
1417 887 1495 929 Vis

161 950 286 1003 enim,
317 952 365 990 ut
396 949 503 989 mihi
536 963 660 1002 saepe
693 947 850 1001 dixisti,
883 947 1084 1001 quoniam
1117 961 1223 1000 quae
1254 945 1397 1000 pueris
1424 949 1497 987 aut

161 1007 489 1048 adulescentulis
520 1007 645 1047 nobis
679 1010 751 1047 aut
778 1021 828 1047 ex
854 1005 1214 1047 commentariolis
1245 1004 1406 1046 nostris
1436 1004 1496 1044 in—
1517 1019 1549 1046 15

161 1066 315 1108 choata
342 1081 389 1106 ac
413 1065 536 1106 rudia
561 1065 806 1106 excideiunt
827 1064 896 1105 vix
922 1064 1001 1105 hac
1029 1066 1168 1105 aetate
1194 1063 1324 1117 digna
1348 1066 1391 1104 et
1415 1062 1498 1104 1100

160 1139 259 1179 usu,
291 1138 416 1179 quem
449 1139 500 1164 ex
531 1123 669 1164 causis
703 1137 808 1176 quas
840 1122 1022 1163 diximus
1054 1125 1121 1163 tot
1151 1121 1370 1175 tantisque
1402 1135 1498 1161 con-

162 1182 297 1224 secuti
329 1197 487 1236 sumus,
519 1181 679 1235 aliquid
710 1181 846 1222 isdem
878 1181 926 1221 de
958 1180 1083 1221 rebus
1109 1179 1284 1234 politius
1317 1194 1342 1220 3
1371 1178 1496 1220 nobis

159 1240 473 1295 perfectiusque
505 1239 704 1294 proferri,
745 1239 939 1292 solesque
970 1253 1057 1279 non
1087 1252 1305 1291 nunquam
1334 1237 1414 1278 hac
1447 1237 1497 1278 de

159 1313 205 1340 re
232 1314 255 1339 3
282 1313 348 1339 1110
372 1298 418 1338 111
443 1273 805 1351 disputationibus
830 1297 990 1337 nostris
1017 1296 1254 1349 dissentire,
1279 1296 1391 1350 quod
1416 1309 1496 1350 ego
1517 1311 1551 1336 20

161 1356 475 1398 eruditissimoi
477 1372 549 1397 um
562 1356 786 1396 hominum
806 1355 970 1396 artibus
989 1354 1275 1408 eloquentiam
1289 1353 1498 1395 contineri

163 1418 363 1469 statuam,
393 1418 442 1455 tu
474 1418 617 1455 autem
641 1414 761 1454 illam
794 1414 846 1454 ab
874 1413 1086 1468 elegantia
1111 1412 1329 1453 doctrinae
1361 1425 1499 1466 segre-

163 1474 346 1528 gandam
382 1476 507 1527 putes
546 1476 588 1513 et
625 1472 671 1512 in
708 1472 891 1525 quodam
929 1471 1091 1526 ingenii
1133 1474 1259 1523 atque
1298 1470 1498 1511 exercita-

162 1532 292 1572 tionis
327 1546 479 1586 genere
512 1531 763 1584 ponendam.

114 1602 135 1633 6
278 1589 342 1630 Ac
369 1589 475 1630 milii
496 1589 666 1653 quidem
693 1601 996 1641 saepenumero
1022 1586 1066 1627 in
1093 1599 1281 1626 summos
1301 1585 1496 1626 homines
1517 1600 1550 1626 25

163 1663 210 1689 ac
232 1647 410 1688 summis
436 1646 620 1701 ingeniis
646 1645 862 1700 praeditos
887 1644 1073 1685 intuenti
1094 1643 1380 1697 quaerendum
1405 1657 1497 1684 esse

161 1706 345 1747 visumst
377 1705 477 1758 quid
484 1682 622 1745 Uesset
654 1719 728 1745 cur
752 1704 895 1758 plures
921 1702 966 1743 in
993 1702 1190 1743 omnibus
1217 1701 1343 1743 rebus
1371 1716 1498 1755 quam

161 1764 207 1805 in
244 1764 419 1805 dicendo
458 1762 729 1803 admirabiles
767 1761 1019 1802 extitissent.
1081 1759 1194 1801 Nam
1232 1773 1497 1813 quocumque

162 1826 204 1863 te
238 1822 379 1863 animo
412 1824 455 1862 et
486 1820 747 1876 cogitatione
781 1819 1054 1871 converteris,
1093 1818 1328 1873 permultos
1354 1817 1498 1859 excel-

160 1881 288 1921 lentis
314 1880 360 1920 in
380 1893 547 1933 quoque
568 1893 720 1934 genere
740 1877 902 1919 videbis
926 1891 1013 1917 non
1038 1877 1315 1918 mediocrium
1341 1875 1498 1917 artium
1516 1892 1550 1918 30

116 1950 135 1981 ’1
165 1939 237 1979 sed
263 1953 395 1992 1110110
422 1937 715 1978 maximarum.
760 1935 863 1984 Quis
891 1935 1002 1976 enim
1023 1938 1088 1976 est
1114 1935 1198 1988 qui,
1224 1935 1259 1975 si
1286 1935 1497 1975 clarorum

162 1996 384 2037 hominum
418 1996 641 2037 scientiam
678 2009 819 2036 r·e1um
858 1997 1074 2048 gestarum
1111 1993 1178 2034 vel
1214 1992 1403 2033 utilitate
1432 1991 1499 2033 vel

163 2054 459 2109 magnitudine
496 2053 638 2094 metiri
675 2053 797 2107 velit,
832 2066 920 2092 non
957 2054 1189 2115 anteponat
1227 2050 1387 2091 oratori
1422 2049 1498 2090 im-

161 2112 432 2167 per-amem?
477 2111 580 2160 Quis
619 2115 763 2152 autem
801 2110 967 2151 dubitet
1005 2110 1108 2163 quin
1143 2109 1246 2150 belli
1283 2109 1409 2149 duces
1447 2122 1498 2148 ex

161 2171 242 2212 1130
267 2185 352 2211 11113
379 2170 551 2211 civitate
577 2167 970 2232 praestantissimos
996 2181 1128 2221 paene
1153 2165 1498 2220 innumerabiles,
1516 2181 1550 2207 35

161 2229 208 2269 in
239 2228 416 2270 dicendo
451 2231 593 2268 autem
625 2227 878 2268 excellentes
904 2241 974 2267 vix
999 2239 1158 2279 paucos
1183 2224 1373 2279 proferre
1403 2237 1498 2277 pos-

116 2298 137 2329 8
166 2287 327 2329 simus?
369 2286 462 2327 lam
492 2300 592 2327 vero
626 2285 804 2327 consilio
837 2299 885 2326 ac
923 2283 1132 2338 sapientia
1164 2283 1236 2337 qui
1273 2296 1419 2337 regere
1451 2295 1498 2322 30
