1643 2526
180 100 236 142 22
242 99 266 140 8
757 95 945 130 BRUTUS

179 208 365 250 quoque,
403 192 544 245 inquit
580 191 760 245 Brutus,
803 193 846 231 et
884 190 1146 244 expectanda
1184 192 1284 230 sunt
1320 203 1369 231 ea
1410 202 1518 242 quae

178 252 326 295 Attico
363 250 598 306 polliceris,
637 253 680 290 et
718 249 754 290 si
784 249 814 303 †
834 249 1016 290 fortasse
1048 262 1128 304 ego
1162 263 1186 288 a
1217 251 1259 288 te
1290 247 1418 288 huius
1449 261 1520 288 vo-

178 309 391 352 luntarius
422 311 674 363 procurator
705 310 867 362 petam,
899 307 1014 360 quod
1044 306 1155 361 ipse,
1186 306 1253 348 cui
1285 306 1430 360 debes,
1458 305 1520 346 in-

181 368 404 411 commodo
449 370 697 409 exacturum
736 368 877 420 negat.
945 365 1005 406 At
1044 379 1161 419 vero,
1203 365 1397 418 inquam,
1440 363 1520 405 tibi

181 442 279 482 ego,
316 426 467 480 Brute,
503 440 591 467 non
622 426 803 478 solvam,
840 423 922 464 11131
960 423 1079 478 prius
1112 438 1136 464 a
1167 426 1209 464 te
1248 436 1398 464 cavero
1437 437 1520 462 am·
1558 440 1573 465 5

180 486 293 540 plius
321 499 370 526 eo
396 484 568 525 nomine
594 483 819 536 neminem,
851 482 969 523 cuius
995 481 1148 536 petitio
1176 482 1244 535 sit,
1274 481 1521 535 petiturum.

181 544 282 585 Non
308 542 559 597 mehercule,
588 542 741 596 inquit,
772 541 853 582 tibi
885 540 1182 594 repromittere
1213 539 1326 580 istuc
1352 539 1522 592 quidem

183 602 332 644 ausim.
405 600 519 642 Nam
567 600 699 654 hunc,
749 599 821 653 qui
864 602 1012 653 negat,
1061 599 1183 639 video
1234 597 1523 652 flagitatorem

182 675 269 702 non
293 660 416 701 illum
442 659 613 713 quidem
639 658 719 699 tibi
745 658 988 711 molestum,
1019 657 1093 698 sed
1124 656 1349 698 adsiduum
1379 659 1525 697 tamen

183 723 227 760 et
264 733 405 760 acrem
441 718 543 758 fore.
604 717 714 757 Tum
752 716 1032 770 Pomponius:
1078 716 1173 770 Ego
1211 729 1330 768 vero,
1371 714 1524 768 inquit,
1546 732 1578 758 10

184 777 368 818 Brutum
399 776 507 817 nihil
534 775 705 816 mentiri
734 778 850 828 puto.
900 773 1059 814 Videor
1085 774 1198 814 enim
1222 773 1309 814 iam
1334 775 1377 813 te
1403 787 1526 814 ausu-

183 851 256 877 rus
301 850 391 876 esse
435 834 666 888 appellare,
711 833 913 886 quoniam
956 833 1086 887 longo
1132 831 1357 872 intervallo
1399 831 1525 872 modo

117 904 158 934 19
184 895 371 949 primum
402 891 683 934 animadverti
715 891 842 945 paulo
875 894 916 931 te
943 890 1200 931 hilariorem.
1249 889 1400 943 Itaque
1426 903 1527 942 quo-

184 953 302 994 niam
326 952 397 993 hic
423 951 536 1005 quod
560 950 667 991 mihi
697 950 921 991 deberetur
954 963 997 990 se
1030 952 1277 990 exacturum
1308 947 1526 1001 professus

187 1014 271 1065 est,
315 1010 429 1064 quod
468 1009 567 1050 huic
609 1009 735 1050 debes
775 1022 855 1062 ego
894 1023 917 1048 a
954 1010 996 1048 te
1033 1010 1144 1061 peto.
1207 1006 1419 1055 Quidnam
1454 1005 1527 1047 id?
1548 1024 1580 1049 15

186 1070 374 1124 inquam.
425 1068 485 1109 Ut
510 1067 686 1121 scribas,
716 1066 870 1120 inquit,
902 1065 1079 1119 aliquid3
1110 1066 1197 1106 iam
1225 1065 1390 1119 pridem
1415 1064 1529 1105 enim

188 1128 486 1169 conticuerunt
516 1129 616 1167 tuae
648 1125 828 1166 litterae.
879 1123 990 1165 Nam
1017 1127 1064 1164 ut
1088 1123 1186 1165 illos
1213 1124 1262 1164 de
1288 1138 1332 1164 re
1357 1122 1530 1177 publica

188 1187 323 1227 libros
356 1184 538 1239 edidisti,
568 1184 676 1224 1111111
711 1199 735 1224 a
766 1186 808 1223 te
842 1197 941 1224 sane
973 1185 1122 1235 postea
1155 1181 1412 1235 accepimus:
1454 1180 1530 1221 eis-

191 1259 271 1299 que
302 1246 472 1285 nosmet
502 1242 587 1296 ipsi
614 1242 666 1282 ad
691 1256 833 1283 rerum
861 1244 1106 1282 nostrarum
1137 1239 1387 1281 memoriam
1420 1253 1531 1279 com-

189 1302 477 1358 prendendam
512 1300 687 1354 impulsi
727 1303 853 1353 atque
890 1298 1053 1340 incensi
1091 1313 1247 1340 sumus.
1321 1296 1403 1338 Sed
1445 1297 1531 1351 illa,
1551 1316 1584 1340 20
1642 1298 1643 1348 ξ

58 1381 61 1383 >
121 1372 165 1403 20
191 1376 289 1402 cum
313 1360 493 1414 poteris3
525 1362 652 1412 atque
681 1361 729 1399 ut
760 1357 912 1412 possis,
943 1371 1068 1412 rogo3
1099 1371 1212 1398 nunc
1238 1370 1351 1410 vero,
1380 1355 1533 1409 inquit,

192 1420 229 1461 si
273 1434 316 1460 es
361 1419 503 1459 animo
546 1432 699 1471 vacuo,
746 1430 907 1470 expone
951 1415 1076 1456 nobis
1122 1415 1235 1469 quod
1279 1413 1532 1468 quaerimus.

193 1477 406 1526 Quidnam
437 1479 503 1517 est
534 1475 606 1516 id‘?
650 1475 836 1528 inquam.
898 1473 1020 1522 Quod
1057 1473 1164 1514 mihi
1201 1487 1336 1527 nuper
1372 1472 1418 1514 in
1453 1471 1534 1512 Tu-

194 1536 369 1578 sculano
401 1533 659 1577 inchoavisti
692 1534 741 1574 de
774 1532 1029 1585 oratoribus,
1062 1532 1230 1586 quando
1257 1531 1348 1572 esse
1375 1531 1535 1585 coepis-

196 1598 303 1649 sent,
335 1594 407 1647 qui
439 1593 569 1634 etiam
601 1595 644 1632 et
677 1591 822 1645 quales
855 1590 1047 1632 fuissent.
1110 1589 1245 1638 Quem
1270 1603 1350 1644 ego
1379 1603 1534 1642 sermo-
1553 1607 1587 1631 25

194 1668 293 1694 nem
325 1667 421 1693 cum
453 1651 506 1692 ad
536 1650 719 1691 Brutum
751 1652 873 1689 tuum
904 1649 970 1689 vel
1010 1651 1206 1689 nostrum
1243 1647 1387 1701 potius
1419 1647 1536 1688 detu-

194 1711 359 1761 lissem,
402 1722 660 1764 magnopere
698 1707 767 1748 1110
806 1706 950 1747 audire
988 1720 1032 1747 se
1064 1706 1170 1747 velle
1203 1705 1321 1748 dixit.
1382 1705 1535 1759 Itaque

196 1770 309 1811 1111110
342 1768 548 1822 elegimus
588 1766 716 1819 diem,
758 1780 853 1806 cum
891 1768 933 1805 te
972 1764 1176 1805 sciremus
1214 1778 1306 1805 esse
1344 1778 1535 1805 vacuum.

198 1827 356 1881 Quare,
388 1826 423 1867 si
456 1825 536 1867 tibi
568 1828 633 1866 est
665 1823 953 1877 commodum,
984 1823 1059 1863 ede
1090 1822 1165 1863 illa
1198 1837 1304 1875 quae
1337 1836 1535 1876 coeperas

129 1898 170 1928 21
199 1889 242 1927 et
273 1885 408 1927 Bruto
441 1887 484 1925 et
515 1883 631 1925 mihi.
693 1882 789 1937 Ego
821 1896 933 1935 vero,
968 1881 1155 1935 inquam,
1188 1881 1223 1921 si
1254 1883 1448 1935 potuero,
1478 1880 1537 1921 fa-
1556 1898 1590 1923 30

200 1944 309 1986 ciam
335 1943 457 1984 vobis
485 1942 600 1983 satis.
649 1940 831 1994 Poteris,
855 1939 1012 1993 inquit:
1044 1939 1188 1981 relaxa
1213 1939 1339 1980 modo
1363 1939 1538 1993 paulum

202 2003 391 2043 animum
423 2004 496 2041 aut
528 2015 641 2053 sane,
674 1999 709 2040 31
741 2002 876 2053 potes,
905 1998 1050 2038 libera.

321 2060 483 2113 Nempe
502 2059 637 2113 igitur
655 2057 754 2098 111110
774 2055 1115 2111 tum7Pomponi,
1129 2056 1280 2097 ductus
1302 2058 1366 2096 est
1387 2069 1539 2109 sermo,

203 2119 317 2173 quod
349 2121 440 2158 erat
472 2133 495 2158 a
527 2132 593 2157 1110
625 2116 784 2156 mentio
816 2115 930 2156 facta
961 2129 1133 2156 causam
1165 2113 1358 2156 Deiotari
1386 2113 1538 2154 fidelis-

205 2177 315 2219 sumi
342 2180 467 2231 atque
494 2175 659 2229 optumi
685 2174 798 2229 regis
820 2173 1102 2214 ornatissume
1123 2176 1166 2214 et
1186 2172 1491 2227 copiosissume
1515 2187 1539 2212 a
1559 2187 1592 2213 35

153 2238 178 2278 ss
204 2236 340 2277 Bruto
366 2249 432 2276 me
456 2234 622 2275 audisse
644 2233 870 2273 defensam.
917 2230 1026 2285 Scio,
1050 2231 1202 2286 inquit,
1227 2231 1280 2272 ab
1305 2231 1390 2271 isto
1415 2229 1539 2271 initio

206 2297 392 2335 tractum
430 2307 520 2334 esse
562 2305 800 2332 sermonem
836 2293 962 2343 teque
994 2289 1118 2332 Bruti
1157 2289 1369 2331 dolentem
1405 2288 1539 2330 vicem
