1643 2526
96 461 112 487 5

79 754 111 778 10

79 1337 112 1361 ‘20

78 1633 112 1658 25

80 1926 115 1950 30

83 2216 115 2241 35

431 116 575 150 LIBER
600 94 678 151 nis
711 115 811 150 CAP.
838 118 941 150 3—4.
986 118 1004 156 g
1032 117 1157 149 8—14.
1387 112 1471 153 165

132 229 228 256 cum
257 213 333 254 illa
364 212 490 254 simul
523 211 735 253 extinctus
774 224 865 251 esse
903 209 1107 251 videatur.
1168 208 1318 263 Neque
1358 208 1472 248 enim

130 272 383 327 propincum
428 286 552 311 suum
596 269 770 311 maximi
821 268 952 309 animi
995 268 1134 309 virum
1176 266 1222 308 P.
1269 265 1471 308 Crassum

132 334 281 384 suapte
312 329 587 370 interfectum
613 343 740 369 manu
765 342 901 381 neque
934 326 1122 382 collegae
1156 325 1222 366 sui
1252 325 1470 379 pontificis

131 388 320 430 maxumi
359 388 565 442 sanguine
605 386 878 428 simulacrum
910 385 1068 426 Vestae
1106 399 1347 439 respersum
1380 397 1471 424 esse

131 447 256 502 vidit,
295 447 394 500 quoi
432 445 633 500 maerori,
671 459 753 499 qua
790 447 931 485 mente
968 443 1040 484 ille
1077 443 1123 483 in
1159 442 1345 497 patriam
1376 441 1472 495 fuit,

131 505 261 547 etiam
288 504 330 546 C.
359 503 567 546 Carbonis
592 502 879 544 inimicissimi
904 501 1090 544 hominis
1124 502 1271 542 eodem
1302 501 1376 541 illo
1404 500 1470 541 die

132 578 248 605 mors
281 563 436 604 fuisset
466 562 641 603 nefaria.
702 561 801 602 Non
838 560 944 601 vidit
982 575 1130 601 eorum
1160 560 1364 613 ipsorum,
1398 558 1470 613 qui
1498 569 1538 599 11

131 626 224 664 tum
246 622 537 663 adulescentes
559 620 713 662 Crasso
736 635 778 661 se
800 619 1003 667 dicarant⁷
1029 618 1248 659 horribilis
1275 617 1471 658 miseros-

132 696 211 734 que
245 695 378 722 casus.
440 679 506 720 Ex
534 679 687 734 quibus
717 677 796 730 [O]
825 677 965 731 Cotta,
998 692 1123 730 quem
1148 677 1219 716 ille
1247 676 1471 716 florentem

131 739 374 793 reliquerat,
403 738 550 792 paucis
583 737 729 778 diebus
761 740 860 791 post
885 739 1069 776 mortem
1094 734 1238 776 Crassi
1271 734 1470 789 depulsus

130 812 205 852 per
248 797 452 838 invidiam
495 796 716 837 tribunatu
758 809 845 835 non
889 795 1036 835 multis
1081 794 1134 835 ab
1179 808 1228 834 eo
1278 796 1470 847 tempore

130 856 348 897 mensibus
382 855 541 895 eiectus
575 858 639 894 est
671 869 692 894 e
725 853 915 908 civitate,
953 852 1165 907 Sulpicius
1199 855 1360 905 autem,
1398 851 1470 904 qui

130 914 176 954 in
207 914 353 955 eadem
384 912 567 953 invidiae
599 913 772 952 flamma
799 911 965 965 fuisset,
998 911 1251 964 quibuscum
1277 910 1469 964 privatus

132 971 479 1014 coniunctissime
511 971 692 1025 vixerat,
728 970 807 1010 hos
845 970 891 1009 in
928 969 1151 1010 tribunatu
1190 969 1372 1023 spoliare
1410 968 1471 1008 in-

98 1045 111 1068 a
134 1031 275 1072 stituit
297 1030 412 1070 omni
433 1028 660 1084 dignitate,
687 1029 754 1069 cui
775 1028 945 1082 quidem
973 1029 1023 1068 ad
1050 1042 1261 1068 summam
1288 1027 1469 1082 gloriam

132 1088 399 1142 eloquentiae
443 1087 685 1128 florescenti
729 1087 840 1127 ferro
887 1089 1033 1140 erepta
1075 1086 1207 1126 vitast
1251 1088 1293 1126 et
1332 1099 1470 1139 poena

130 1146 387 1188 temeritatis
401 1161 489 1187 non
504 1146 592 1186 sine
613 1159 770 1200 magno
790 1145 851 1185 rei
871 1145 1066 1199 publicae
1087 1144 1199 1184 malo
1222 1143 1469 1185 constituta.
1487 1158 1495 1161 ’

130 1206 226 1260 Ego
253 1219 352 1246 vero
379 1208 434 1258 te,
466 1203 629 1257 Crasse,
662 1219 758 1245 cum
783 1203 896 1244 vitae
922 1203 1025 1244 flore
1051 1206 1143 1243 tum
1169 1202 1321 1242 mortis
1349 1216 1470 1256 opor·
1498 1212 1540 1242 12

131 1264 316 1304 tunitate
349 1263 491 1304 divino
526 1262 703 1303 consilio
737 1265 778 1302 et
811 1265 1009 1303 ornatum
1041 1265 1083 1302 et
1110 1261 1347 1301 extinctum
1379 1275 1470 1301 esse

133 1322 328 1363 arbitror.
390 1320 503 1361 Nam
534 1321 615 1361 tibi
649 1323 721 1360 aut
753 1334 830 1374 pro
862 1320 1021 1361 virtute
1054 1319 1185 1360 animi
1212 1319 1471 1360 constantia-

133 1395 212 1434 que
244 1383 320 1420 tua
351 1379 488 1420 civilis
525 1379 627 1419 ferri
664 1379 883 1418 subeunda
919 1378 1002 1418 fuit
1040 1378 1266 1419 crudelitas
1307 1380 1397 1430 aut,
1435 1377 1470 1418 si

132 1453 216 1492 qua
241 1442 282 1479 te
308 1438 482 1478 fortuna
508 1437 560 1477 ab
588 1436 813 1477 atrocitate
845 1436 996 1476 mortis
1023 1436 1291 1487 vindicasset,
1324 1435 1469 1476 eadem

132 1511 223 1538 esse
255 1500 297 1537 te
329 1496 526 1536 funerum
556 1495 720 1549 patriae
755 1497 1038 1548 spectatorem
1072 1494 1300 1549 coegisset,
1331 1508 1469 1546 neque

132 1555 270 1596 solum
303 1554 384 1595 tibi
415 1554 710 1608 improborum
742 1552 997 1606 dominatus,
1030 1553 1102 1593 sed
1134 1552 1263 1593 etiam
1294 1555 1470 1606 propter

133 1613 366 1654 admixtam
407 1613 563 1653 civium
604 1611 773 1653 caedem
815 1611 1026 1651 bonorum
1066 1610 1247 1651 victoria
1287 1610 1469 1651 maerori
1494 1634 1523 1674 4

132 1672 295 1713 fuisset.
355 1670 464 1712 Mihi
497 1671 685 1724 quidem,
717 1669 872 1718 Quinte
904 1669 1049 1723 frater,
1081 1672 1122 1710 et
1155 1683 1302 1709 eorum
1335 1683 1469 1722 casus,
1499 1703 1538 1732 13

133 1731 182 1772 de
204 1730 356 1784 quibus
378 1732 475 1770 ante
497 1729 594 1782 dixi,
616 1731 657 1769 et
677 1743 737 1782 ea,
763 1743 869 1782 quae
894 1731 1064 1769 nosmet
1088 1728 1172 1782 ipsi
1200 1728 1253 1768 ob
1281 1741 1469 1768 amorem

132 1789 178 1829 in
202 1804 292 1829 rem
316 1787 532 1842 publicam
551 1787 846 1828 incredibilem
872 1789 914 1827 et
935 1786 1196 1841 singularem
1215 1786 1469 1840 pertulimus

134 1862 182 1889 ac
223 1847 452 1900 sensimus,
492 1846 701 1901 cogitanti
742 1845 952 1886 sententia
997 1859 1120 1898 saepe
1164 1848 1239 1885 tua
1279 1859 1378 1885 vera
1422 1859 1469 1885 ac

135 1905 305 1959 sapiens
336 1904 470 1945 videri
503 1905 622 1958 solet,
655 1903 727 1958 qui
757 1907 932 1958 propter
958 1906 1024 1944 tot
1055 1906 1200 1943 tantos
1232 1905 1322 1943 tam
1353 1917 1470 1956 prae-

135 1964 360 2017 cipitisque
399 1977 520 2004 casus
566 1962 899 2004 clarissimorum
936 1961 1159 2002 hominum
1197 1964 1324 2015 atque
1364 1960 1471 2015 opt-i·

134 2037 302 2063 morum
333 2021 522 2062 virorum
558 2036 624 2062 me
663 2035 829 2074 semper
867 2021 918 2061 ab
959 2020 1075 2060 omni
1114 2020 1387 2061 contentione
1421 2034 1467 2060 ac

135 2080 407 2121 dimicatione
441 2079 608 2131 [animi]
634 2079 855 2120 revocasti.
919 2077 1000 2118 Sed
1027 2078 1228 2132 quonjam
1253 2078 1357 2118 haec
1383 2078 1469 2118 iam
1498 2087 1539 2116 14

133 2153 269 2192 neque
299 2138 346 2178 in
375 2138 544 2192 integro
569 2137 694 2178 nobis
721 2152 811 2178 esse
836 2139 1018 2190 possunt
1051 2139 1093 2176 et
1120 2136 1275 2177 summi
1299 2136 1468 2176 labores

134 2197 272 2238 nostri
304 2210 459 2251 magna
491 2196 753 2249 compensati
781 2195 917 2250 gloria
943 2194 1210 2249 mitigantur,
1241 2208 1467 2248 pergamus

136 2256 188 2296 ad
208 2270 257 2296 ea
283 2254 451 2308 solacia,
478 2268 583 2307 quae
609 2268 696 2295 non
720 2254 845 2294 modo
874 2253 1030 2293 sedatis
1057 2253 1265 2293 molestiis
1285 2251 1469 2292 iucunda

136 2314 209 2355 sed
252 2313 381 2354 etiam
423 2312 697 2353 haerentibus
742 2311 947 2353 salutaria
989 2311 1112 2352 nobis
1158 2325 1248 2351 esse
1288 2309 1469 2363 possint,
