1643 2526
348 74 491 109 LIBER
515 74 558 109 II.
610 72 714 109 CAP.
741 77 892 109 33—34.
931 76 950 115 ξ
979 76 1173 108 141-146,
1362 72 1446 113 103

103 169 200 211 dem
231 184 368 225 saepe,
397 169 539 224 inquit
565 168 754 223 Catulus,
786 183 837 210 ex
862 183 911 210 eo
939 168 1093 223 audivi,
1126 181 1256 222 quom
1285 167 1445 209 diceret

105 228 188 270 sibi
211 228 298 270 iam
319 231 483 270 certum
504 242 595 269 esse
615 243 640 269 a
659 227 828 269 iudiciis
855 227 1080 281 causisque
1102 226 1333 282 discedere3
1360 226 1446 281 sed,

103 290 152 328 ut
187 287 271 342 ipsi
309 287 425 328 soleo
463 287 620 342 dicere,
655 300 743 327 non
778 286 937 327 licebit.
999 285 1150 339 Neque
1183 285 1297 326 enim
1329 284 1445 325 auxi-

103 345 210 386 ]ium
247 360 372 386 suum
409 360 533 399 saepe
567 360 591 386 a
621 345 723 386 viris
762 344 887 385 bonis
928 344 1090 385 frustra
1120 343 1343 398 implorari
1373 357 1446 398 pa-

70 422 86 447 5
105 404 238 445 tietur
279 419 416 459 neque
459 404 503 445 id
546 418 680 457 aequo
722 403 864 444 animo
901 402 1011 444 feret
1048 402 1218 457 civitas3
1263 416 1370 456 quae
1409 402 1446 442 si

104 477 206 504 voce
238 462 284 503 L.
318 462 461 505 Crassi
493 462 673 516 carebit,
714 464 965 503 ornamento
999 461 1184 515 quodam
1216 475 1260 501 se
1293 460 1447 515 spolia-

105 524 195 562 tam
231 521 413 575 putabit.
474 520 587 562 Nam
623 521 782 575 hercle,
818 520 959 574 inquit
991 520 1228 573 Antonius,
1269 519 1304 559 si
1341 519 1447 560 haec

105 594 201 621 vere
235 595 259 620 a
290 579 444 621 Catulo
476 579 590 621 dicta
622 582 740 634 sunt,
783 578 864 620 tibi
905 593 1073 619 mecum
1108 578 1155 619 in
1192 578 1340 618 eodem
1380 580 1447 618 est

104 638 301 693 pistrino,
333 638 497 692 Crasse,
527 638 771 692 vivendum3
803 640 846 678 et
876 636 1007 678 istam
1038 640 1158 677 tuam
1191 636 1447 677 oscitantem

55 715 87 740 10
109 699 169 749 [et
188 696 510 748 dormitantem]
539 696 793 751 sapientiam
815 694 1116 737 Scaevolarum
1143 698 1186 736 et
1208 698 1448 736 ceterorum

105 756 330 796 beatorum
358 755 445 796 otio
473 755 764 796 concedamus.
807 754 973 795 Adrisit
997 754 1067 794 hic
1089 753 1267 795 Crassus
1293 753 1518 793 leniter145

107 817 167 868 et,
203 814 383 855 Pertexe
422 814 567 868 modo,
605 813 765 867 inquit,
801 812 984 866 Antoni,
1025 812 1139 865 quod
1177 825 1352 852 exorsus
1391 825 1447 852 es.

105 872 175 913 Me
206 876 352 913 tamen
381 873 467 913 ista
493 872 680 913 oscitans
713 871 936 925 sapientia,
968 870 1095 911 simul
1122 873 1250 924 atque
1278 870 1330 911 ad
1354 884 1449 910 eam

108 931 354 986 confugero,
384 931 430 971 in
460 931 706 971 libertatem
737 929 983 971 vindicabit,

54 1006 88 1033 15
225 989 365 1030 Huius
399 989 570 1043 quidem
600 989 695 1042 loci,
728 1003 854 1043 quem
885 988 1012 1028 modo
1040 1002 1134 1028 sum
1159 1001 1348 1040 exorsus,
1378 986 1448 1027 hic
1463 986 1520 1028 34

108 1051 174 1090 est
211 1048 326 1102 finis,
363 1047 504 1102 inquit
534 1047 751 1088 Antonius
793 1071 843 1075 —
885 1046 1087 1101 quoniam
1126 1045 1449 1100 intellegeretur

107 1121 195 1148 non
230 1107 276 1147 in
313 1106 534 1147 hominum
570 1105 956 1146 innumerabilibus
996 1103 1191 1158 personis
1230 1117 1368 1157 neque
1403 1103 1451 1143 in

106 1165 276 1206 infinita
318 1168 562 1219 temporum
605 1164 811 1205 varietate
856 1164 929 1204 sed
971 1163 1018 1203 in
1062 1176 1265 1217 generum
1309 1161 1449 1203 causis
1485 1159 1492 1162 ’

109 1227 236 1278 atque
267 1223 432 1264 naturis
466 1223 609 1264 omnia
641 1222 724 1263 sita
756 1236 866 1276 esse,
904 1236 1011 1275 quae
1042 1221 1089 1261 in
1120 1220 1298 1261 dubium
1328 1235 1451 1261 voca-

56 1300 90 1326 20
109 1286 269 1336 rentur,
301 1296 457 1337 genera
488 1284 631 1322 autem
657 1295 748 1322 esse
778 1280 953 1321 definita
983 1294 1070 1320 non
1102 1279 1241 1320 solum
1271 1293 1449 1319 numero

110 1341 183 1382 sed
203 1341 333 1381 etiam
351 1340 568 1394 paucitate
594 1364 658 1392 -,
677 1342 725 1380 ut
745 1353 839 1379 eam
859 1338 1082 1379 materiem
1103 1337 1322 1391 orationis,
1343 1351 1450 1390 quae

110 1400 314 1452 cuiusque
364 1401 476 1439 esset
520 1398 705 1453 generis,
756 1397 936 1438 studiosi
982 1396 1053 1450 qui
1097 1398 1240 1436 essent
1283 1395 1450 1436 dicendi

111 1458 308 1499 omnibus
339 1457 445 1498 locis
472 1456 719 1510 discriptam
751 1455 1009 1496 instructam
1035 1457 1313 1507 ornatamque
1341 1468 1452 1495 com—

109 1516 376 1571 prenderent,
406 1515 534 1556 rebus
567 1515 660 1555 dico
694 1517 736 1555 et
768 1513 1004 1555 sententiis.
1061 1513 1126 1553 Ea
1150 1512 1192 1553 Vi
1219 1527 1296 1552 sua
1320 1512 1522 1553 verba146

57 1592 91 1618 25
110 1575 290 1630 parient,
322 1588 429 1628 quae
462 1588 628 1627 semper
661 1573 765 1614 satis
798 1575 948 1613 ornata
980 1571 1086 1611 mihi
1118 1570 1288 1624 quidem
1318 1570 1453 1611 videri

112 1634 268 1687 solent,
312 1632 349 1674 si
386 1632 475 1673 eius
513 1631 629 1673 modi
668 1634 786 1685 sunt,
828 1634 877 1671 ut
915 1645 963 1671 ea
1000 1644 1067 1670 res
1104 1629 1199 1683 ipsa
1235 1628 1451 1683 peperisse

110 1692 315 1733 videatur.
376 1690 440 1732 Ac
473 1691 509 1731 si
539 1705 688 1731 verum
725 1689 949 1744 quaeritis,
987 1688 1100 1742 quod
1136 1687 1243 1728 mihi
1282 1687 1453 1740 quidem

110 1750 306 1792 videatur
337 1774 391 1778 —
423 1749 532 1789 nihil
573 1749 685 1789 enim
727 1748 843 1789 aliud
884 1747 1108 1788 adfirmare
1150 1760 1329 1800 possum
1367 1745 1453 1786 nisi

113 1808 370 1850 sententiam
394 1807 461 1848 vel
488 1807 733 1862 opinionem
758 1820 898 1847 meam
922 1830 987 1859 —,
1010 1805 1092 1846 hoc
1117 1804 1454 1844 instrumentum

59 1884 94 1910 30
114 1881 338 1909 causarum
379 1869 422 1907 et
463 1880 666 1921 generum
702 1864 999 1905 universorum
1035 1863 1081 1903 in
1111 1862 1253 1903 forum
1291 1861 1454 1902 deferre

113 1926 315 1967 debemus
355 1938 508 1978 neque,
550 1927 599 1965 ut
640 1937 830 1977 quaeque
870 1937 937 1963 res
977 1921 1117 1962 delata
1155 1920 1207 1961 ad
1243 1934 1322 1960 nos
1361 1920 1454 1974 erit,

113 1986 207 2024 tum
256 1983 435 2036 denique
486 1982 668 2023 scrutari
715 1982 853 2033 locos,
902 1995 952 2021 ex
1003 1979 1156 2033 quibus
1202 1981 1455 2032 argumenta

114 2056 329 2095 eruamus3
374 2055 481 2094 quae
522 2041 694 2094 quidem
732 2039 949 2091 omnibus,
987 2038 1059 2091 qui
1097 2052 1146 2078 ea
1182 2037 1455 2078 mediocriter

114 2100 240 2141 modo
274 2099 593 2153 considerarint,
625 2098 766 2139 studio
800 2097 992 2138 adhibito
1019 2099 1062 2136 et
1087 2110 1168 2136 usu
1192 2098 1455 2150 pertractata

61 2174 96 2200 35
115 2173 206 2199 esse
237 2160 437 2212 possunt,
469 2158 542 2198 sed
573 2161 717 2198 tamen
749 2156 914 2197 animus
946 2154 1191 2195 referendus
1225 2155 1290 2194 est
1321 2153 1374 2193 ad
1405 2167 1455 2193 ea

116 2217 257 2271 capita
283 2219 325 2257 et
352 2216 404 2256 ad
428 2215 539 2269 illos,
571 2229 676 2269 quos
710 2229 835 2268 saepe
866 2214 953 2254 iam
986 2212 1209 2267 appellavi,
1239 2212 1371 2265 locos,
1404 2225 1455 2251 ex

115 2275 270 2329 quibus
302 2274 445 2316 omnia
476 2274 529 2315 ad
561 2287 730 2315 omnem
762 2272 1000 2314 orationem
1029 2271 1204 2312 inventa
1229 2270 1455 2311 ducuntur.
