1643 2526
62 740 94 764 10

62 1031 93 1055 15

61 1323 95 1348 20

63 1614 95 1640 25

63 1907 97 1932 30

64 2197 97 2222 35

523 101 621 136 CAP.
650 104 800 136 22—23.
851 105 869 143 ἓ
898 105 1045 137 71—77.
1370 102 1455 144 333

114 211 193 251 que
225 198 366 238 totum
400 197 469 251 sit,
500 199 645 238 utrum
677 196 851 237 decere
885 211 939 237 an
971 199 1209 251 oportere
1236 196 1369 252 dicas3
1401 222 1454 226 —

114 258 309 309 oportere
354 255 468 296 enim
511 255 817 310 perfectionem
861 255 1049 296 declarat
1094 255 1244 310 officii,
1288 270 1371 310 quo
1413 259 1455 297 et
1484 267 1526 298 74

114 328 280 368 semper
311 314 517 355 utendum
549 316 614 355 est
645 316 687 355 et
719 313 935 368 omnibus,
973 314 1119 355 decere
1152 314 1274 368 quasi
1306 317 1455 368 aptum

114 386 205 413 esse
237 375 654 426 consentaneumque
682 372 865 426 tempori
892 374 934 413 et
958 387 1185 426 personae;
1219 373 1332 426 quod
1358 387 1455 414 cum

112 430 158 471 in
188 430 314 472 factis
348 431 595 485 saepissime
633 433 725 471 tum
755 430 801 470 in
833 430 958 472 dictis
989 431 1121 485 valet,
1158 431 1204 472 in
1234 431 1356 472 vultu
1389 431 1456 472 de-

112 489 239 542 nique
271 491 313 530 et
347 493 470 544 gestu
509 492 551 530 et
586 489 773 543 incessu,
816 492 1048 544 contraque
1092 490 1197 530 item
1238 489 1454 543 dedecere,

114 547 227 601 quod
259 547 294 588 si
325 551 455 602 poeta
486 547 599 603 fugit
636 551 683 588 ut
715 547 948 588 maximum
979 547 1151 602 vitium,
1196 548 1268 601 qui
1305 551 1454 602 peccat

113 606 261 660 etiam,
302 620 398 647 cum
429 607 609 660 probam
641 606 878 647 orationem
916 605 1087 661 affingit
1122 606 1320 660 improbo
1353 606 1456 648 stul-

112 667 210 705 tove
252 665 475 719 sapientis3
526 666 561 705 si
602 664 780 718 denique
823 665 964 719 pictor
999 664 1071 706 ille
1109 664 1234 719 vidit,
1278 680 1373 706 cum
1410 665 1456 705 in

112 722 374 764 immolanda
422 723 648 778 Iphigenia
697 723 835 764 tristis
881 721 1059 764 Calchas
1108 726 1238 778 esset,
1288 723 1455 765 tristior

113 780 280 835 Ulixes,
318 785 526 822 maereret
563 781 801 836 Menelaus,
833 782 1146 823 obvolvendum
1184 784 1312 836 caput
1342 772 1455 837 Ega-

112 840 352 880 memnom's
385 855 495 894 esse,
539 840 741 894 quoniam
780 855 994 881 summum
1030 840 1153 881 illum
1190 840 1355 882 luctum
1386 855 1455 895 pe-

111 898 256 939 nicillo
300 912 388 939 non
430 901 577 952 posset
619 898 797 953 imitari3
849 898 885 939 si
930 898 1109 952 denique
1152 898 1307 940 histrio
1353 899 1455 953 quid

113 957 260 997 deceat
292 957 477 1011 quaerit,
521 956 620 1010 quid
658 957 900 998 faciendum
938 957 1099 998 oratori
1136 957 1365 1011 putemus?
1403 982 1451 986 -

115 1015 187 1056 sed
225 1029 321 1056 cum
360 1015 443 1056 hoc
483 1018 652 1056 tantum
694 1015 768 1069 sit,
811 1015 912 1069 quid
956 1016 1000 1055 in
1044 1016 1182 1056 causis
1225 1030 1454 1069 earumque

114 1073 236 1127 quasi
268 1073 471 1114 membris
503 1073 634 1114 faciat
666 1077 811 1114 orator
836 1073 1006 1114 viderit:
1037 1073 1143 1114 illud
1169 1074 1340 1127 quidem
1365 1089 1455 1128 per-

115 1131 308 1186 spicuum
353 1134 435 1187 est,
476 1146 563 1173 non
605 1132 731 1172 modo
769 1132 904 1186 partis
944 1132 1170 1186 orationis,
1214 1133 1287 1173 sed
1325 1133 1454 1174 etiam

114 1205 263 1231 causas
302 1193 417 1231 totas
454 1190 559 1231 alias
592 1190 676 1231 alia
706 1190 845 1231 forma
877 1190 1043 1231 dicendi
1075 1205 1166 1231 esse
1197 1191 1453 1232 tractandas.
1501 1204 1521 1243 ξ,

232 1247 433 1302 Sequitur
471 1251 519 1289 ut
559 1248 763 1302 cuiusque
803 1248 969 1303 generis
1006 1252 1111 1290 nota
1149 1253 1379 1303 quaeratur
1412 1252 1454 1290 et
1469 1228 1524 1307 2Πῦ

114 1307 315 1348 formula:
348 1321 551 1361 magnum
579 1321 684 1360 opus
712 1310 754 1348 et
780 1307 972 1361 arduum,
1002 1310 1051 1348 ut
1077 1322 1201 1361 saepe
1232 1308 1319 1348 iam
1351 1308 1455 1348 dixi-
1486 1306 1524 1327 ⁴³

114 1379 227 1419 mus3
259 1366 331 1406 sed
361 1365 701 1420 ingredientibus
728 1365 1081 1406 considerandum
1111 1365 1194 1406 fuit
1228 1366 1328 1419 quid
1360 1380 1455 1421 age-

114 1438 272 1476 remus,
315 1438 427 1464 nunc
466 1423 635 1477 quidem
671 1423 758 1464 iam
791 1438 1057 1477 quocumque
1094 1424 1280 1465 feremur
1318 1424 1455 1465 danda

114 1482 317 1522 nimirum
347 1482 441 1522 vela
473 1484 585 1522 sunt.
646 1481 710 1522 Ac
740 1482 927 1535 primum
957 1482 1253 1523 informandus
1287 1486 1351 1523 est
1383 1483 1453 1523 ille

114 1540 257 1594 nobis,
301 1555 427 1594 quem
472 1540 611 1581 solum
655 1540 824 1594 quidem
866 1543 1023 1582 vocant
1063 1540 1270 1581 Atticum.
1334 1539 1455 1581 Sum·
1481 1553 1523 1584 76

115 1598 271 1639 missus
304 1601 368 1639 est
401 1601 443 1639 et
474 1598 667 1653 humilis,
704 1599 1054 1639 consuetudinem
1085 1599 1278 1653 imitans,
1310 1599 1362 1640 ab
1394 1599 1456 1639 in-

116 1656 286 1697 disertis
318 1671 363 1698 re
394 1657 490 1711 plus
523 1671 650 1710 quam
678 1657 877 1711 opinione
904 1657 1113 1698 differens.
1174 1657 1325 1711 Itaque
1357 1672 1455 1698 eum

116 1715 188 1769 qui
225 1715 420 1769 audiunt,
465 1715 659 1769 quamvis
702 1715 786 1769 ipsi
826 1715 1012 1756 infantes
1052 1715 1155 1770 sint,
1199 1718 1344 1757 tamen
1378 1716 1453 1757 illo

115 1773 240 1814 modo
274 1774 493 1814 confidunt
525 1788 568 1814 se
599 1788 724 1827 posse
758 1773 906 1814 dicere.
968 1773 1081 1815 Nam
1119 1774 1326 1815 orationis
1360 1775 1455 1815 sub-

115 1831 251 1872 tilitas
282 1832 506 1873 imitabilis
538 1832 612 1872 illa
644 1832 814 1885 quidem
845 1832 1013 1873 videtur
1048 1846 1140 1873 esse
1178 1832 1454 1886 existimanti,

118 1890 190 1930 sed
214 1889 322 1929 nihil
349 1893 413 1930 est
439 1890 673 1944 experienti
698 1890 851 1931 minus.
901 1890 999 1931 Etsi
1025 1890 1138 1931 em'm
1162 1905 1251 1931 non
1280 1891 1454 1945 plurimi

117 1947 337 2002 sanguinis
371 1950 454 2002 est,
492 1948 649 1989 habeat
685 1951 829 1989 tamen
867 1963 1016 1990 sucum
1054 1949 1240 2003 aliquem
1272 1952 1455 2004 oportet,

116 2009 183 2060 ut,
219 2005 350 2047 etiam
387 2006 423 2046 si
453 2006 539 2046 illis
571 2006 767 2047 maximis
800 2006 962 2048 viribus
1001 2010 1161 2061 careat,
1202 2007 1277 2062 sit,
1313 2010 1362 2048 ut
1392 2008 1455 2049 ita

117 2064 273 2118 dicam,
315 2064 484 2119 integra
519 2064 773 2106 valetudine.
835 2065 1028 2106 Primum
1064 2065 1198 2120 igitur
1237 2081 1333 2107 eum
1365 2069 1455 2107 tan·
1482 2077 1523 2108 77

117 2136 246 2176 quam
283 2136 304 2163 e
342 2122 522 2163 vinculis
565 2137 839 2164 numerorum
883 2123 1129 2165 eximamus.
1192 2122 1301 2165 Sunt
1342 2124 1454 2165 enim

118 2180 309 2234 quidam,
339 2183 387 2220 ut
420 2180 520 2234 scis,
552 2181 711 2222 oratori
741 2181 926 2236 numeri,
961 2182 1010 2223 de
1044 2182 1197 2235 quibus
1230 2197 1328 2224 mox
1361 2196 1456 2236 age-

119 2253 233 2292 mus,
270 2238 522 2279 observandi
558 2239 724 2280 ratione
763 2240 962 2293 quadam,
1001 2241 1073 2281 sed
1111 2240 1193 2281 alio
1224 2240 1271 2280 in
1303 2254 1454 2294 genere

118 2297 336 2351 orationis,
355 2297 400 2337 in
418 2296 500 2338 hoc
521 2297 693 2339 omnino
713 2298 990 2352 relinquendi.
1035 2297 1234 2340 Solutum
1254 2298 1455 2352 quiddam
