1643 2526
152 55 240 95 444
734 55 908 91 TOPICA

152 151 368 191 interdum
390 151 530 192 solent
551 151 603 191 ad
621 151 749 192 fidem
768 151 1007 193 faciendam
1033 151 1283 194 testimonia
1308 153 1494 194 deorum.

84 220 126 251 78
153 209 204 250 In
236 209 408 250 homine
446 209 620 250 virtutis
659 209 803 264 opinio
841 210 955 251 valet
991 210 1233 264 plurimum.
1296 211 1496 265 Opiniost

156 271 298 308 autem
338 282 426 308 non
465 267 592 308 modo
637 282 708 308 eos
749 269 952 309 virtutem
989 268 1146 309 habere
1185 269 1257 322 qui
1296 269 1496 324 habeant,

156 326 228 367 sed
260 340 332 366 eos
365 326 495 367 etiam
528 325 601 379 qui
631 326 787 367 habere
818 327 1051 367 videantur.
1112 327 1264 381 Itaque
1297 342 1403 382 quos
1435 329 1495 368 in-

156 383 300 439 genio,
344 399 450 438 quos
497 384 658 439 studio,
701 400 807 439 quos
852 385 1046 426 doctrina
1089 386 1306 439 praeditos
1349 386 1495 427 vident

156 457 421 496 quorumque
453 443 586 483 vitam
615 447 882 484 constantem
909 447 951 484 et
975 444 1214 498 probatam,
1243 447 1293 485 ut
1319 442 1494 486 Catonis

153 501 290 542 Laelii
323 500 535 555 Scipionis
569 502 833 556 aliorumque
864 502 1069 556 plurium,
1108 506 1256 543 rentur
1288 517 1359 544 eos
1392 517 1496 557 esse,

156 560 293 614 qualis
327 575 370 601 se
402 560 485 614 ipsi
517 560 667 614 velint3
698 576 775 602 nec
803 562 942 602 solum
968 575 1039 601 eos
1068 564 1241 602 censent
1267 576 1358 602 esse
1384 561 1496 615 talis,

156 618 228 672 qui
259 618 304 658 in
335 619 570 660 honoribus
603 619 750 673 populi
782 634 908 673 reque
941 619 1113 674 publica
1144 623 1386 675 versantur,
1423 620 1496 661 sed

155 679 197 717 et
230 680 420 718 oratores
453 680 496 717 et
527 677 807 731 philosophos
840 681 882 718 et
914 681 1064 732 poetas
1098 681 1139 718 et
1169 678 1414 732 historicos,
1445 693 1494 719 ex

155 749 337 789 quorum
376 739 418 776 et
456 735 581 776 dictis
621 739 663 776 et
696 736 865 790 scriptis
900 751 1023 790 saepe
1062 736 1296 778 auctorita-s
1334 737 1496 791 petitur

155 794 204 834 ad
238 793 476 834 faciendam
506 794 645 834 fidem.

273 852 496 906 Expositis
535 852 732 893 omnibus
772 853 1097 908 argumentandi
1135 853 1240 894 locis
1278 853 1384 893 illud
1414 852 1496 907 pri-

154 925 272 951 mum
310 911 688 965 intellegendumst
728 925 805 952 nec
846 911 978 952 ullam
1019 926 1109 952 esse
1151 911 1496 966 disputationem,

153 969 198 1009 in
226 983 309 1022 qua
334 983 421 1009 non
447 969 601 1023 aliquis
628 969 746 1010 10003
769 970 972 1024 incurrat,
996 985 1074 1011 nec
1100 970 1186 1010 fere
1214 969 1351 1010 omnis
1376 969 1494 1011 locos

154 1027 339 1068 incidere
376 1028 422 1067 in
461 1042 629 1068 omnem
668 1028 961 1081 quaestionem
999 1032 1041 1069 et
1080 1029 1334 1082 quibusdam
1373 1041 1496 1081 quae-

156 1086 368 1126 stionibus
413 1086 519 1126 alios
562 1086 816 1139 quibusdam
860 1087 965 1127 alios
1008 1101 1099 1127 esse
1141 1087 1327 1141 aptiores
1364 1086 1494 1127 locos.

156 1143 464 1192 Quaestionum
497 1145 578 1184 duo
607 1159 778 1199 genera:
811 1145 992 1185 alterum
1023 1145 1241 1185 infinitum
1272 1144 1495 1185 definitum

156 1203 349 1243 alterum.
411 1202 647 1243 Definitum
685 1206 768 1257 est,
813 1204 925 1256 quod
962 1203 1177 1244 ὑπόθεσιν
1211 1202 1381 1257 Graeci,
1415 1217 1494 1243 nos

156 1275 345 1315 causam3
375 1261 604 1315 infinitum,
636 1262 749 1315 quod
774 1260 903 1302 θέσιν
935 1261 998 1301 1111
1030 1262 1261 1315 appellant,
1290 1275 1369 1302 nos
1401 1275 1494 1315 pro-

85 1329 127 1359 80
154 1319 344 1373 positum
388 1334 615 1373 possumus
658 1320 891 1361 nominare.
954 1318 1093 1360 Causa
1136 1320 1262 1361 certis
1302 1319 1494 1373 personis

155 1377 260 1418 locis
300 1378 566 1432 temporibus
608 1378 848 1419 actionibus
892 1378 1077 1433 negotiis
1117 1378 1304 1419 cernitur
1341 1381 1416 1418 aut
1450 1378 1497 1418 in

157 1436 354 1477 omnibus
393 1439 467 1476 aut
504 1436 549 1476 in
586 1436 800 1490 plerisque
837 1451 1002 1490 eorum,
1047 1437 1315 1490 propositum
1353 1440 1496 1477 autem

156 1497 229 1534 aut
267 1495 312 1534 in
351 1495 494 1548 aliquo
533 1509 680 1535 eorum
718 1498 791 1535 aut
830 1495 876 1535 in
915 1495 1110 1549 pluribus
1153 1509 1231 1536 nec
1271 1498 1416 1536 tamen
1450 1494 1497 1535 in

156 1552 378 1593 maxumis.
440 1552 590 1607 Itaque
631 1553 900 1607 propositum
942 1568 1041 1607 pars
1086 1556 1151 1594 est
1187 1567 1350 1594 causae.
1414 1551 1496 1594 Sed

157 1611 295 1651 omnis
330 1611 522 1665 quaest-io
556 1626 700 1652 earum
733 1612 876 1665 aliqua
904 1612 953 1652 de
979 1626 1023 1652 re
1049 1615 1126 1665 est,
1158 1611 1312 1665 quibus
1345 1625 1495 1652 causae

157 1669 448 1721 continentur,
487 1672 561 1710 aut
592 1684 677 1710 una
709 1673 783 1710 aut
812 1670 1008 1723 pluribus
1041 1673 1115 1710 aut
1145 1683 1232 1709 non
1263 1683 1496 1722 numquam

85 1737 125 1767 81
158 1728 367 1768 omnibus.
419 1727 725 1775 Quaestionum
758 1731 901 1768 autem
928 1728 1207 1781 ‘quacumque
1235 1728 1284 1768 (10
1311 1727 1369 1768 re'
1397 1730 1497 1768 sunt

85 1795 126 1825 8-2
156 1786 239 1826 (100
261 1800 432 1840 genera:
467 1800 597 1826 unum
618 1786 877 1840 cognitionis
899 1786 1080 1826 alterum
1101 1786 1293 1827 actionis.
1343 1784 1497 1840 Cogni-

155 1844 286 1884 tionis
320 1847 419 1884 sunt
452 1858 537 1897 eae,
569 1858 749 1897 quarum
781 1848 846 1893 est
877 1844 974 1885 finis
1008 1844 1199 1898 scient-ia,
1230 1847 1277 1884 ut
1305 1843 1340 1884 si
1373 1858 1496 1897 quae-

155 1906 275 1942 ratur
307 1917 331 1942 a
362 1906 570 1942 naturane
602 1902 668 1943 ius
695 1902 934 1956 profectum
962 1903 1018 1943 sit
1045 1917 1099 1943 an
1125 1903 1178 1943 ab
1206 1902 1349 1956 aliqua
1374 1902 1496 1955 quasi

156 1960 403 2001 condicione
424 1960 647 2001 hominum
668 1965 710 2001 et
735 1961 942 2014 pactione.
986 1961 1183 2002 Actionis
1205 1964 1348 2001 autem
1367 1960 1494 2001 huius

155 2018 271 2059 modi
303 2019 494 2072 exempla
527 2023 642 2059 sunt:
688 2018 807 2060 Sitne
841 2019 1044 2073 sapientis
1077 2020 1129 2059 ad
1159 2034 1250 2060 rem
1279 2018 1495 2073 publicam

156 2077 364 2118 accedere.
411 2076 680 2131 Cognitionis
708 2077 978 2130 quaestiones
1004 2077 1247 2131 tripertitae
1274 2080 1389 2132 sunt3
1421 2080 1496 2117 aut

155 2135 266 2176 sitne
308 2138 381 2175 aut
422 2135 523 2188 quid
564 2135 621 2176 sit
664 2139 738 2176 aut
782 2135 903 2188 quale
946 2136 1001 2176 sit
1039 2136 1267 2189 quaeritur.
1328 2135 1495 2176 Horum

153 2193 340 2248 primum
367 2194 624 2247 coniectura,
650 2194 880 2235 secundum
907 2194 1166 2248 definitione,
1189 2193 1366 2235 tertium
1390 2193 1495 2234 iuris

156 2256 199 2293 et
229 2252 410 2293 iniuriae
450 2252 724 2293 distinctione
763 2252 1010 2306 explicatur.
1074 2251 1353 2294 Coniecturae
1384 2251 1495 2293 ratio

83 828 138 869 21

86 897 126 927 79

1515 694 1549 719 10

1516 986 1547 1011 15

1515 1278 1548 1303 20

1514 1569 1547 1594 25

1514 1861 1548 1886 30

1514 2152 1548 2177 35
