1643 2526
136 750 157 789 1

143 819 157 847 1

143 1364 162 1394 to

141 2237 162 2266 4

608 501 657 536 M.
685 500 825 535 TULLI
850 499 1101 535 CICERONIS

685 584 1023 649 BRUTUs

304 769 411 812 Cum
443 785 464 811 e
498 769 648 811 Cilicia
685 770 889 810 decedens
920 770 1121 811 Rhodum
1158 769 1370 810 venissem
1402 773 1444 810 et
1475 784 1525 810 eo

185 829 291 870 mihi
331 829 380 869 de
420 828 466 877 Q.
498 828 705 869 Hortensi
749 831 885 868 morte
930 832 1042 869 esset
1073 828 1281 882 adlatum,
1326 828 1524 882 opinione

187 887 377 928 omnium
410 887 615 927 maiorem
642 886 783 927 animo
812 886 903 940 cepi
930 887 1130 927 dolorem.
1180 885 1294 927 Nam
1320 889 1363 927 et
1388 886 1524 927 amico

187 946 344 986 amisso
371 960 466 986 cum
494 945 799 986 consuetudine
830 945 1014 986 iucunda
1045 948 1138 986 tum
1169 945 1402 985 multorum
1436 944 1526 985 offi—

186 1004 350 1045 ciorum
382 1004 679 1045 coniunctione
713 1018 779 1044 me
810 1003 1026 1057 privatum
1058 1003 1254 1044 videbam
1281 1006 1324 1043 et
1348 1002 1526 1043 interitu
1546 1019 1561 1043 5

186 1062 284 1102 talis
312 1062 486 1117 auguris
514 1062 770 1116 dignitatem
795 1062 932 1102 nostri
956 1060 1137 1114 conlegii
1161 1061 1426 1102 deminutam
1457 1061 1527 1102 do-

185 1120 344 1175 10110111,
376 1135 459 1174 qua
489 1120 534 1160 in
566 1120 828 1174 cogitatione
861 1123 903 1160 et
936 1124 1185 1174 cooptatum
1217 1134 1283 1160 me
1316 1120 1368 1160 ab
1402 1133 1450 1160 eo
1481 1119 1527 1159 in

187 1179 427 1234 conlegium
446 1178 718 1232 recordabar,
754 1178 800 1218 in
838 1193 921 1231 quo
959 1179 1124 1218 iuratus
1155 1177 1361 1218 iudicium
1393 1177 1527 1232 digni-

186 1238 290 1277 tatis
322 1251 439 1277 meae
471 1236 642 1290 fecerat,
674 1240 716 1277 et
746 1236 1050 1291 inauguratum
1083 1236 1135 1276 ab
1169 1236 1326 1288 eodem,
1365 1250 1415 1276 ex
1441 1250 1525 1289 quo

189 1309 399 1349 augurum
430 1295 643 1335 institutis
675 1295 720 1335 in
756 1295 946 1348 parentis
980 1310 1075 1335 eum
1106 1294 1201 1335 loco
1235 1294 1372 1335 colere
1405 1294 1528 1334 debe·
1549 1311 1581 1335 10

189 1353 299 1394 bam.
349 1353 574 1408 Augebam
601 1353 730 1394 etiam
757 1353 1010 1406 molestiam„
1043 1353 1157 1406 quod
1183 1367 1339 1407 magna
1365 1352 1527 1406 sapien-

188 1411 297 1452 tium
341 1411 497 1452 civium
538 1412 832 1465 bonorumque
873 1411 1050 1465 penuria
1086 1411 1150 1451 vir
1191 1410 1388 1466 egregius
1432 1425 1527 1451 con—

186 1470 564 1523 iunctissimusque
597 1485 763 1511 mecum
796 1469 1072 1510 consiliorum
1100 1469 1290 1510 omnium
1323 1469 1525 1509 societate

188 1528 449 1569 alienissimo
482 1528 543 1569 rei
574 1528 768 1582 publicae
801 1531 991 1582 tempore
1024 1528 1237 1568 extinctus
1271 1530 1312 1567 et
1345 1527 1526 1567 auctori-

186 1586 290 1627 tatis
324 1590 366 1626 et
395 1586 644 1640 prudentiae
684 1601 783 1626 suae
822 1586 945 1626 triste
982 1586 1107 1626 nobis
1147 1585 1401 1626 desiderium
1432 1585 1526 1625 reli·
1548 1603 1579 1626 15

188 1648 350 1698 querat,
389 1645 679 1697 dolebamque,
719 1644 831 1697 quod
862 1658 960 1697 11011,
995 1647 1043 1684 ut
1080 1643 1271 1697 plerique
1303 1643 1527 1697 putabant,

189 1702 477 1743 adversarium
515 1705 589 1742 aut
633 1702 964 1742 obtrectatorem
1007 1702 1181 1742 laudum
1222 1716 1412 1741 mearum
1454 1702 1527 1742 sed

189 1760 351 1801 socium
382 1760 526 1814 potius
554 1763 595 1800 et
621 1763 861 1801 consortem
889 1760 1065 1814 gloriosi
1096 1760 1256 1800 laboris
1289 1760 1524 1800 amiseram.

188 1818 245 1859 Et
282 1818 394 1859 enim
426 1819 461 1859 si
492 1819 538 1858 in
568 1818 775 1858 leviorum
809 1818 964 1858 artium
997 1818 1137 1858 studio
1171 1818 1399 1859 memoriae
1431 1832 1526 1871 pro-

189 1877 325 1917 ditum
359 1880 423 1917 est
453 1879 602 1930 poetas
640 1876 797 1917 nobilis
839 1879 1064 1930 poetarum
1106 1876 1347 1929 aequalium
1388 1879 1525 1917 morte
1546 1895 1578 1918 ρο

189 1935 386 1988 doluisse,
412 1950 495 1988 quo
522 1935 694 1975 tandem
721 1934 861 1975 animo
889 1935 977 1975 eius
1004 1934 1226 1975 interitum
1252 1934 1361 1975 ferre
1389 1935 1527 1988 debui,

188 2008 285 2034 cum
317 2008 400 2047 quo
434 1996 595 2034 certare
628 1995 718 2033 erat
751 1992 978 2047 gloriosius
1012 2008 1140 2046 quam
1179 1993 1351 2033 omnino
1385 1993 1527 2033 adver-

189 2051 347 2092 sarium
379 2066 465 2092 non
495 2051 681 2092 habere?
723 2066 817 2092 cum
849 2051 1099 2105 praesertim
1130 2065 1218 2092 non
1249 2051 1375 2091 modo
1406 2065 1526 2091 num-

188 2124 316 2164 quam
349 2110 405 2150 sit
437 2112 510 2150 aut
540 2109 655 2150 illius
684 2124 707 2150 a
732 2123 799 2150 me
831 2124 978 2150 cursus
1009 2109 1239 2164 impeditus
1269 2112 1343 2149 aut
1369 2109 1422 2149 ab
1448 2109 1522 2149 illo

188 2183 325 2222 meus,
366 2167 438 2208 sed
479 2171 628 2208 contra
666 2182 831 2221 semper
868 2168 975 2208 alter
1013 2168 1066 2208 ab
1106 2168 1240 2208 altero
1279 2167 1448 2208 adiutus
1481 2170 1524 2207 et
1543 2184 1575 2208 25

189 2226 538 2268 communicando
570 2229 613 2267 et
644 2226 852 2267 monendo
880 2229 922 2266 et
952 2226 1143 2267 favendo.
1207 2224 1289 2266 Sed
1320 2224 1523 2279 quoniam

187 2288 392 2339 perpetua
423 2285 606 2338 quadam
638 2284 842 2325 felicitate
875 2299 976 2325 usus
1007 2284 1079 2324 ille
1112 2283 1240 2325 cessit
1271 2298 1293 2323 e
1324 2283 1413 2324 vita
1446 2297 1522 2323 suo
