1643 2526
90 1465 152 1495 117

154 106 239 146 252
728 106 916 141 BRUTUS

153 216 246 243 esse
273 201 379 243 exile
399 216 476 243 nec
504 201 608 242 satis
628 201 826 256 populari
847 200 1089 242 adsensioni
1111 202 1491 243 accommodatum.

152 260 303 314 Itaque
334 260 427 315 illa,
459 275 565 314 quae
596 260 771 314 propria
802 263 867 300 est
897 259 1024 300 huius
1058 259 1325 315 disciplinae,
1356 260 1492 314 philo-

155 318 387 373 sophorum
420 319 469 359 de
503 333 546 359 se
577 318 770 373 ipsorum
802 318 959 372 opinio,
990 319 1113 359 firma
1144 318 1189 358 in
1213 318 1295 360 hoc
1326 319 1417 360 viro
1449 322 1492 360 et

86 377 322 420 115stabilis
363 377 537 418 inventa
577 381 652 418 est.
721 376 801 425 Qui
850 390 978 430 quom
1024 377 1400 418 innocentissimus
1445 377 1492 418 in

152 435 358 476 iudicium
384 438 560 477 vocatus
587 438 711 489 esset,
744 449 826 489 quo
858 435 1015 476 iudicio
1043 435 1286 476 convolsam
1318 435 1489 490 penitus

154 494 311 535 scimus
350 508 442 535 esse
482 509 573 535 rem
613 493 847 548 publicam,
889 508 984 534 cum
1026 497 1168 534 essent
1209 508 1258 535 eo
1298 496 1492 548 tempore

154 552 493 606 eloquentissimi
532 552 612 593 viri
649 552 697 593 L.
737 551 914 593 Crassus
957 555 999 592 et
1040 551 1095 592 M.
1134 551 1350 593 Antonius
1395 566 1492 594 con-

155 611 334 665 sulares,
372 625 519 652 eorum
557 611 757 651 adhibere
794 613 994 651 neutrum
1032 610 1180 651 voluit.
1242 610 1363 651 Dixit
1399 611 1491 665 ipse

153 683 230 724 pro
264 684 355 711 sese
394 672 436 710 et
472 684 609 723 pauca
641 668 684 710 C.
718 667 864 723 Cotta,
903 670 1015 723 quod
1053 670 1212 710 sororis
1250 672 1342 710 erat
1377 669 1490 710 filius

154 753 212 757 —
243 731 285 768 et
315 727 352 769 is
380 727 551 782 quidem
582 731 727 768 tamen
752 730 800 768 ut
827 731 983 781 orator,
1016 743 1274 782 quamquam
1306 731 1398 768 erat
1425 728 1492 768 ad-

154 787 328 828 modum
372 786 617 827 adulescens
655 810 731 840 —7
774 789 816 826 et
859 785 905 834 Q.
948 785 1114 827 Mucius
1160 786 1376 827 enucleate
1418 786 1491 827 ille

156 845 326 900 quidem
358 848 399 885 et
430 844 576 899 polite,
608 847 655 885 ut
688 844 866 897 solebat,
896 859 1165 898 nequaquam
1198 847 1340 885 autem
1373 859 1421 885 ea
1451 844 1494 885 vi

156 907 283 957 atque
322 904 462 958 copia,
500 918 627 957 quam
666 917 799 958 genus
837 902 942 943 illud
985 903 1114 944 iudici
1159 906 1200 943 et
1242 903 1493 958 magnitudo

90 974 307 1004 llccausae
339 961 599 1016 postulabat.
661 961 882 1002 Habemus
919 961 1053 1016 igitur
1089 961 1135 1002 in
1168 961 1324 1003 Stoicis
1357 964 1495 1002 orato—

155 1021 273 1061 ribus
301 1020 525 1074 Rutilium,
552 1019 758 1061 Scaurum
782 1020 828 1060 in
854 1020 1060 1074 antiquis3
1092 1023 1321 1073 utrumque
1346 1023 1492 1061 tamen

154 1079 391 1131 laudemus,
425 1078 627 1132 quoniam
657 1093 732 1132 per
762 1078 859 1119 illos
891 1093 943 1118 ne
974 1078 1078 1119 haec
1112 1079 1282 1132 quidem
1318 1079 1363 1119 in
1395 1078 1492 1120 civi-

155 1141 244 1178 tate
277 1151 432 1191 genera
463 1137 542 1178 hac
576 1136 763 1178 oratoria
793 1136 916 1176 laude
949 1141 1185 1177 caruerunt.
1236 1136 1347 1178 Volo
1380 1137 1493 1177 enim

156 1199 204 1237 ut
235 1196 281 1236 in
313 1210 466 1237 scaena
498 1195 557 1236 sic
590 1195 719 1236 etiam
750 1195 796 1235 in
826 1194 920 1235 foro
946 1209 1034 1236 non
1061 1209 1131 1236 eos
1159 1195 1285 1236 modo
1317 1195 1494 1249 laudari,

158 1254 230 1309 qui
257 1254 382 1295 celeri
408 1257 527 1295 motu
555 1257 596 1294 et
621 1253 786 1294 difficili
812 1255 1000 1307 utantur,
1027 1254 1100 1294 sed
1126 1267 1197 1294 eos
1225 1254 1367 1308 etiam,
1387 1268 1493 1307 quos

158 1313 358 1353 statarios
391 1312 620 1367 appellant,
652 1326 833 1366 quorum
860 1311 916 1352 sit
941 1311 1016 1352 illa
1049 1311 1229 1365 simplex
1258 1312 1304 1353 in
1330 1312 1493 1367 agendo

87 1396 140 1437 31
158 1371 328 1425 veritas,
358 1385 447 1411 non
478 1371 670 1411 molesta.

274 1429 332 1470 Et
354 1430 554 1483 quoniam
577 1428 819 1471 Stoicorum
845 1432 910 1471 est
936 1430 1052 1471 facta
1077 1429 1252 1483 mentio,
1279 1428 1325 1478 Q.
1345 1429 1494 1470 Aelius

157 1488 324 1530 Tubero
366 1488 448 1529 fuit
488 1488 562 1528 illo
604 1491 814 1543 tempore,
854 1488 900 1529 L.
938 1487 1062 1528 Pauli
1098 1502 1249 1542 nepos3
1290 1488 1407 1529 nullo
1449 1488 1495 1528 in

158 1550 376 1588 oratorum
407 1561 596 1600 numero,
629 1547 702 1587 sed
727 1547 817 1587 vita
849 1561 1019 1587 severus
1052 1549 1094 1587 et
1127 1561 1364 1601 congruens
1397 1561 1494 1587 cum

157 1621 206 1646 ea
237 1605 479 1659 disciplina,
511 1620 637 1658 quam
670 1605 856 1658 colebat,
893 1604 1020 1658 paulo
1059 1604 1189 1645 etiam
1221 1604 1382 1658 durior3
1422 1604 1494 1658 qui

158 1663 327 1717 quidem
370 1663 416 1703 in
459 1663 682 1704 tribunatu
726 1663 977 1704 iudicaverit
1021 1666 1170 1703 contra
1212 1661 1257 1703 P.
1301 1662 1494 1704 Africani

158 1721 354 1763 avunculi
388 1721 453 1761 sui
479 1721 775 1762 testimonium
801 1720 1068 1762 vacationem
1101 1735 1282 1775 augures
1310 1735 1393 1774 quo
1420 1721 1495 1762 mi—

156 1795 236 1822 nus
273 1780 442 1821 iudiciis
482 1794 653 1833 operam
691 1780 839 1820 darent
875 1793 962 1820 non
998 1779 1173 1833 habere3
1212 1779 1284 1820 sed
1321 1782 1369 1820 ut
1406 1779 1496 1820 vita

159 1838 219 1880 sic
247 1838 437 1879 oratione
465 1838 593 1879 durus
622 1838 809 1879 incultus
836 1837 1051 1892 horridus3
1082 1837 1226 1891 itaque
1258 1837 1494 1879 honoribus

159 1897 369 1938 maiorum
401 1897 653 1951 respondere
685 1911 772 1937 non
796 1896 950 1950 potuit.
994 1895 1095 1936 Fuit
1123 1899 1265 1937 autem
1293 1899 1494 1938 constans

159 1955 262 1996 civis
295 1959 337 1996 et
374 1955 500 1996 fortis
539 1958 581 1996 et
617 1955 663 1995 in
699 1954 848 2009 primis
889 1954 1081 1995 Graccho
1120 1954 1346 2009 molestus,
1384 1955 1496 2008 quod

158 2014 320 2054 indicat
336 2013 517 2055 Gracchi
536 2013 583 2054 in
603 2028 698 2054 eum
714 2013 862 2054 oratio.
897 2012 1026 2064 [Sunt
1047 2013 1176 2054 etiam
1196 2013 1242 2054 in
1257 2012 1496 2055 Gracchum

159 2072 415 2127 Tuberonis3
454 2072 490 2112 is
522 2071 605 2113 fuit
638 2071 862 2113 mediocris
900 2071 946 2111 in
978 2071 1173 2126 dicendo,
1210 2072 1496 2113 doctissumus

92 2131 206 2173 118in
249 2130 537 2184 disputando]
613 2130 722 2171 Tum
764 2130 941 2171 Brutus:
993 2129 1129 2178 Quam
1172 2130 1253 2171 hoc
1297 2129 1409 2171 idem
1451 2130 1497 2170 in

160 2189 321 2230 nostris
349 2189 596 2244 contingere
622 2189 826 2243 intellego
855 2188 967 2242 quod
992 2188 1037 2229 in
1064 2187 1250 2243 Graecis,
1276 2191 1324 2229 ut
1350 2202 1495 2229 omnes

161 2248 248 2289 fere
282 2246 415 2289 Stoici
448 2247 782 2301 prudentissumi
813 2247 859 2287 in
885 2246 1129 2288 disserendo
1157 2247 1244 2288 sint
1270 2249 1312 2288 et
1337 2246 1380 2287 id
1406 2249 1496 2287 arte

161 2306 321 2348 faciant
341 2306 510 2359 sintque
532 2305 753 2346 architecti
774 2319 906 2359 paene
926 2306 1166 2360 verborum,
1178 2305 1291 2346 idem
1311 2304 1496 2346 traducti

1512 747 1545 771 10

1512 1039 1543 1064 15

1515 1332 1547 1356 20

1515 1623 1547 1647 25

1515 1914 1549 1939 30

1515 2205 1551 2230 35
