1643 2526
353 94 495 129 LIBER
520 95 548 132 I.
597 94 697 131 CAP.
724 99 876 131 40—41.
924 99 942 138 ξ
971 98 1166 131 181-187,
1380 93 1438 135 43

97 204 226 246 quom
265 190 501 245 quaeritur,
543 190 580 231 is
620 190 693 244 qui
730 190 891 232 domini
929 190 1152 231 voluntate
1190 204 1342 232 census
1381 189 1438 230 sit

96 248 354 290 continuone
387 263 458 302 an,
495 249 570 289 ubi
609 249 793 290 lustrum
831 248 888 290 sit
925 249 1163 303 conditum,
1204 248 1313 289 liber
1351 247 1436 288 sit‘?

98 307 238 356 Quid?
270 307 383 360 quod
409 322 489 347 usu
514 307 721 348 memoria
751 309 924 361 patrum
954 307 1083 361 venit,
1114 310 1163 348 ut
1193 306 1437 361 paterfami-

95 365 188 419 lias,
226 366 299 419 qui
330 379 381 406 ex
412 365 622 420 Hispania
653 365 837 406 Romam
868 365 1067 419 venisset,
1100 379 1229 419 quom
1259 379 1436 405 uxorem

60 438 76 464 5
95 427 403 478 praegnantem
434 424 477 464 in
509 423 729 478 provincia
759 424 1022 478 reliquisset,
1061 424 1224 464 Romae
1257 424 1436 464 alteram

95 481 285 523 duxisset
314 496 450 535 neque
481 482 679 523 ninitium
717 482 850 536 priori
888 482 1123 523 remisisset
1154 485 1435 535 mortuusque

94 543 207 580 esset
237 540 443 581 intestato
485 544 527 581 et
559 555 609 581 ex
646 544 826 594 utraque
863 540 977 581 filius
1014 543 1141 581 natus
1180 543 1310 594 esset,
1352 554 1436 580 me-

95 598 305 639 diocrisne
337 613 402 639 res
435 598 479 639 in
511 599 832 640 contentionem
871 598 1113 653 adductast,
1150 612 1280 652 quom
1312 612 1436 652 quae-

95 659 259 697 reretur
279 657 329 697 de
356 657 521 697 duobus
548 657 705 698 civium
731 657 957 711 capitibus,
983 660 1024 698 et
1045 657 1095 697 de
1121 671 1267 711 puero,
1292 656 1436 710 quiex

48 731 80 755 ιο
98 714 334 769 posteriore
366 718 492 755 natus
525 718 629 769 erat,
660 718 703 756 et
735 715 784 756 de
817 715 906 756 eius
932 718 1081 769 matre,
1113 729 1233 769 quae,
1265 715 1301 755 si
1331 714 1436 754 iudi-

94 776 262 814 caretur
288 773 414 814 certis
443 773 697 827 quibusdam
722 774 876 828 verbis,
900 788 988 814 non
1012 773 1134 814 novis
1159 773 1323 827 nuptiis
1343 772 1435 813 fieri

94 845 190 872 cum
212 832 428 885 superiore
450 832 693 885 divortium,
718 832 765 872 in
784 832 1046 873 concubinae
1065 832 1160 872 loco
1182 831 1435 872 duceretur?

92 889 210 930 Haec
241 889 376 944 igitur
407 893 449 930 et
480 889 635 930 horum
661 890 818 930 similia
842 891 936 930 iura
962 905 1062 931 suae
1096 889 1284 931 civitatis
1315 889 1506 944 igno—184

94 951 279 1002 rantem,
323 951 510 989 erectum
554 951 597 989 et
641 948 818 1002 celsum,
862 948 992 990 alacri
1035 951 1078 988 et
1119 950 1320 1002 prompto
1363 961 1434 988 ore

42 1021 74 1046 15
95 1009 222 1060 atque
254 1006 394 1060 vultu,
433 1006 517 1047 huc
555 1010 681 1059 atque
718 1007 820 1047 illuc
856 1007 1113 1060 intuentem,
1152 1006 1301 1061 vagari
1338 1020 1434 1047 cum

93 1078 250 1119 magna
282 1067 451 1105 caterva
482 1067 575 1106 toto
607 1065 714 1117 foro,
754 1065 1014 1119 praesidium
1046 1064 1273 1105 clientibus
1307 1067 1433 1117 atque

94 1136 218 1176 opem
257 1122 404 1164 amicis
444 1126 486 1163 et
522 1137 654 1177 prope
694 1123 858 1164 cunctis
898 1123 1061 1164 civibus
1099 1123 1238 1164 lucem
1271 1122 1434 1177 ingenii
1484 1161 1492 1164 .

93 1184 135 1221 et
177 1181 344 1222 consilii
390 1181 455 1221 sui
498 1181 789 1236 porrigentem
833 1184 960 1235 atque
1004 1181 1251 1222 tendentem
1292 1195 1433 1222 nonne

91 1238 288 1292 inprimis
310 1239 583 1294 'flagitiosum
613 1240 849 1293 putandum
882 1239 975 1280 est?
1446 1273 1473 1313 4

40 1313 74 1337 20
209 1297 268 1337 Et
295 1297 496 1350 quoniam
523 1298 572 1338 de
597 1298 862 1351 impudentia
888 1298 987 1352 dixi,
1016 1297 1275 1352 castigemus
1302 1297 1432 1338 etiam
1481 1275 1499 1314 1

94 1355 351 1409 segnitatem
387 1355 611 1396 hominum
653 1359 780 1410 atque
818 1356 1029 1396 inertiam.
1096 1355 1210 1396 Nam
1247 1355 1281 1395 si
1321 1341 1503 1396 esset185

91 1413 177 1453 ista
209 1413 398 1468 cognitio
430 1413 534 1454 iuris
566 1428 723 1468 magna
755 1417 882 1467 atque
915 1413 1114 1467 difficilis,
1145 1416 1290 1454 tamen
1320 1413 1434 1453 utili-

93 1471 196 1512 tatis
229 1471 479 1526 magnitudo
513 1472 685 1512 deberet
716 1472 910 1513 homines
944 1472 996 1513 ad
1028 1471 1344 1525 suscipiendum
1376 1471 1434 1511 di-

95 1529 237 1570 scendi
268 1529 460 1570 laborem
490 1529 719 1584 impellere.
784 1529 878 1584 Sed,
911 1544 934 1571 o
967 1530 1009 1570 di
1039 1529 1317 1583 immortales,
1347 1543 1435 1570 non

41 1603 74 1628 25
95 1587 276 1628 dicerem
307 1588 388 1629 hoc
415 1588 611 1629 audiente
638 1587 852 1643 Scaevola,
881 1588 966 1629 nisi
996 1588 1087 1642 ipse
1114 1588 1252 1629 dicere
1278 1587 1434 1628 soleret

92 1646 251 1686 nullius
286 1646 390 1687 artis
423 1646 505 1687 sibi
537 1647 774 1688 faciliorem
801 1646 1091 1701 cognitionem
1116 1646 1261 1687 videri.
1312 1644 1503 1694 Quod186

94 1704 264 1757 quidem
297 1704 423 1745 certis
451 1705 500 1745 de
528 1705 667 1746 causis
695 1720 719 1746 a
743 1705 957 1759 plerisque
990 1705 1114 1746 aliter
1145 1704 1433 1759 existimatur,

93 1762 292 1816 piimum,
313 1762 412 1816 quia
431 1766 594 1804 veteres
614 1764 690 1817 illi,
711 1764 783 1817 qui
802 1764 902 1804 huic
924 1763 1126 1805 scientiae
1145 1762 1435 1817 praefuerunt,

96 1820 350 1861 obtinendae
383 1823 509 1874 atque
543 1822 759 1877 augendae
797 1822 1013 1876 potentiae
1053 1836 1152 1862 suae
1185 1835 1313 1862 causa
1343 1835 1435 1874 per-

41 1895 76 1920 30
95 1878 259 1933 volgari
286 1882 421 1919 artem
447 1894 567 1920 suam
592 1880 839 1934 noluerunt3
871 1880 1032 1935 deinde,
1062 1883 1344 1933 posteaquam
1370 1881 1435 1919 est

95 1937 256 1977 editum
283 1937 487 1991 expositis
515 1953 539 1978 a
565 1936 638 1978 Cn.
659 1938 808 1979 Flavio
836 1938 1023 1992 primum
1049 1937 1301 1989 actionibus,
1326 1937 1434 1978 nulli

94 1994 286 2049 fuerunt,
323 1995 395 2048 qui
431 1995 506 2036 illa
538 1996 765 2038 artificiose
799 1997 965 2051 digesta
997 1995 1234 2051 generatim
1266 2009 1435 2049 compo-

93 2056 255 2094 nerent.
317 2052 438 2093 Nihil
470 2057 535 2095 est
567 2055 679 2095 enim
711 2056 824 2108 quod
856 2055 908 2095 ad
940 2058 1074 2095 artem
1112 2054 1247 2108 redigi
1284 2053 1434 2107 possit,

94 2110 179 2151 nisi
210 2111 281 2151 ille
313 2111 444 2165 prius,
477 2112 548 2165 qui
579 2113 653 2153 illa
678 2116 808 2167 tenet,
840 2127 1021 2166 quorum
1046 2116 1182 2154 artem
1207 2112 1432 2152 instituere

41 2185 75 2210 35
95 2169 204 2223 volt,
233 2169 366 2210 habet
396 2170 514 2211 illam
547 2171 787 2225 scientiam,
824 2174 872 2211 ut
905 2185 955 2211 ex
985 2171 1039 2212 iis
1070 2171 1217 2223 rebus,
1254 2184 1434 2223 quarum

97 2241 165 2267 ars
190 2227 380 2268 nondum
407 2227 475 2281 sit,
502 2232 635 2269 artem
663 2229 828 2270 efficere
854 2229 1003 2283 possit.
1052 2229 1148 2270 Hoc
1173 2228 1307 2278 video,
1333 2228 1502 2268 dum187

12 2260 21 2282 l
96 2284 282 2326 breviter
312 2285 519 2327 voluerim
552 2287 702 2342 dicere,
732 2287 894 2329 dictum
927 2303 950 2328 a
980 2301 1048 2328 me
1080 2300 1171 2328 esse
1202 2285 1329 2340 paulo
1363 2285 1434 2325 ob·
