1643 2526
91 717 123 741 10

90 1589 122 1614 25

527 77 626 112 CAP.
654 80 804 112 66—67.
843 81 861 119 ἓ
888 81 1085 113 221-226,
1395 77 1478 118 377

140 174 261 228 ipsi3
307 173 379 215 sed
416 173 466 214 de
505 187 657 228 genere
693 188 805 214 nunc
838 172 1029 227 disputo3
1066 197 1123 201 ——
1161 187 1247 214 cur
1284 173 1550 214 claude-223

144 232 297 274 stinis
318 231 555 273 consiliis
581 246 671 272 nos
699 232 1024 286 oppugnant?
1056 246 1142 272 cur
1168 231 1223 272 de
1249 231 1480 286 perfugis

142 290 337 332 nostris
383 290 554 344 copias
600 293 896 343 comparant
940 292 1118 331 contra
1161 290 1281 330 nos?
1337 289 1482 330 Prima

144 352 243 390 sunt
280 349 356 389 illa
393 349 495 402 duo,
535 363 641 401 quae
672 350 867 402 κόμματα
900 347 1051 389 Graeci
1082 351 1255 402 vocant,
1293 362 1373 389 nos
1410 348 1482 388 in—

144 407 249 449 eisa
286 407 484 461 dicimus,
527 406 675 448 deinde
714 406 891 447 tertium
927 410 1070 448 κῶλον
1100 406 1182 461 illi,
1221 420 1299 447 nos
1338 421 1482 447 mem-

144 466 305 519 brum3
337 465 528 519 sequitur
558 480 645 506 non
675 465 805 520 longa
834 489 892 494 —-
924 479 974 505 ex
1006 465 1170 506 duobus
1210 465 1323 506 enim
1354 465 1482 506 versi-

142 524 242 578 bus,
271 524 315 564 id
347 527 412 565 est
443 524 664 577 membris,
693 523 881 578 perfecta
913 523 1234 578 comprehensio
1268 526 1333 564 est
1364 526 1406 564 et
1437 523 1479 563 in

144 582 344 637 spondios
372 582 502 637 cadit,
534 585 576 622 et
602 580 779 623 Crassus
806 581 975 635 quidem
1002 582 1061 622 sic
1093 582 1342 636 plerumque
1375 582 1482 622 dice-

142 641 229 695 bat,
254 641 379 694 idque
404 640 495 694 ipse
523 654 655 695 genus
676 640 841 681 dicendi
865 639 1048 681 maxime
1073 640 1221 694 probo.
1268 639 1349 681 Sed
1375 655 1482 693 quae
1497 640 1550 680 (37

142 699 311 740 incisim
352 702 426 739 aut
465 698 737 740 membratim
775 699 1025 752 efferuntur,
1068 713 1117 739 ea
1154 699 1221 739 vel
1260 699 1481 753 aptissime

144 758 290 799 eadere
317 758 484 811 debent,
514 760 562 798 ut
588 760 653 797 est
679 757 789 810 apud
816 771 898 797 me:
932 757 1122 798 Domus
1154 756 1253 798 tibi
1280 757 1481 798 deerat?

143 819 193 857 at
212 816 448 857 habebas.
492 815 713 856 Pecunia
737 815 1038 870 superabat?
1069 819 1119 856 at
1145 816 1348 870 egebas3
1378 815 1482 856 haec

142 875 274 916 incise
289 874 402 916 dicta
417 877 516 915 sunt
530 877 750 928 quattuor3
781 877 825 915 at
838 873 1109 914 membratim
1125 888 1231 927 quae
1246 878 1550 927 sequuntur224

143 933 243 974 duo:
286 932 562 974 Incurristi
598 947 764 973 amens
796 932 847 972 in
878 933 1155 986 columnas,
1196 932 1247 972 in
1286 932 1481 973 alienos

108 1016 123 1031 ›
141 991 353 1032 insanus
379 990 634 1031 insanisti.
684 990 847 1031 Deinde
868 991 1011 1031 omnia
1030 994 1248 1044 tamquam
1270 991 1482 1044 crepidine

143 1049 324 1103 quadam
345 1049 719 1103 comprehensione
740 1049 933 1103 longiore
955 1049 1236 1090 sustinentur:
1268 1049 1306 1090 D
1316 1064 1337 1090 e
1346 1065 1372 1103 p
1382 1064 1403 1089 r
1411 1064 1432 1090 e
1441 1064 1459 1090 s
1468 1073 1483 1078 -

143 1123 264 1162 sam,
314 1122 530 1161 caecam,
577 1107 828 1148 iacentem
877 1107 1073 1148 domum
1121 1107 1285 1161 pluris
1336 1122 1480 1161 quam

142 1170 185 1207 te
217 1170 265 1207 et
298 1180 442 1220 quam
478 1165 714 1206 fortunas
753 1168 866 1206 tuas
906 1165 1206 1206 aestimasti.
1268 1165 1480 1207 Dichoreo
1506 1212 1514 1215 ⁷

141 1224 300 1265 finitur.
362 1224 422 1265 At
465 1223 663 1278 spondeis
707 1223 950 1277 proximum
991 1224 1108 1265 illud.
1170 1223 1283 1265 Nam
1320 1224 1365 1264 in
1402 1224 1482 1278 his,

89 1300 103 1323 -ε
143 1282 297 1336 quibus
329 1285 377 1323 ut
407 1282 679 1336 pugiunculis
711 1282 775 1322 uti
808 1285 995 1336 oportet,
1032 1283 1218 1323 brevitas
1249 1282 1355 1323 facit
1388 1282 1482 1336 ipsa

141 1340 363 1382 liberiores
406 1341 551 1394 pedes3
602 1354 724 1394 saepe
775 1340 888 1381 enim
932 1340 1112 1395 singulis
1156 1341 1361 1381 utendum
1405 1344 1482 1394 est,

141 1399 390 1453 plerumque
428 1398 559 1452 binis,
600 1401 642 1439 et
678 1398 870 1451 utrisque
908 1399 1004 1438 addi
1041 1398 1159 1452 pedis
1196 1413 1295 1452 pars
1327 1402 1482 1452 potest,

141 1471 229 1498 non
253 1458 341 1498 fere
367 1457 499 1497 ternis
527 1456 720 1510 amplius.
769 1456 944 1497 Incisim
971 1460 1113 1497 autem
1140 1460 1182 1497 et
1208 1457 1551 1498 membratim-225

142 1518 328 1557 tractata
360 1515 497 1556 oratio
529 1515 573 1555 in
604 1515 714 1556 veris
748 1515 886 1556 causis
918 1515 1149 1569 plurimum
1181 1515 1308 1570 valet,
1339 1530 1482 1556 maxu-

143 1588 293 1627 meque
324 1573 377 1614 iis
409 1573 534 1627 locis,
575 1588 669 1614 cum
703 1576 776 1614 aut
808 1588 962 1628 arguas
996 1577 1070 1614 aut
1100 1573 1288 1628 refellas,
1325 1576 1372 1614 ut
1403 1588 1482 1614 nos

141 1632 187 1672 in
212 1631 465 1673 Corneliana
498 1631 697 1672 secunda:
730 1630 764 1672 O
797 1631 1012 1672 callidos
1044 1632 1293 1686 homines,
1325 1646 1349 1672 o
1380 1646 1481 1673 rem

143 1690 507 1745 excogitatam,
552 1704 576 1730 o
615 1689 825 1744 ingenia
867 1690 1152 1731 metuenda!
1207 1690 1482 1731 Membratim

144 1748 298 1803 adhuc3
336 1749 483 1789 deinde
517 1748 691 1789 caesim:
731 1748 983 1803 Diximus,
1014 1763 1160 1789 rursus
1193 1748 1482 1789 membratim:

143 1806 315 1847 Testis
354 1807 470 1847 dare
508 1806 751 1847 volumus.
812 1806 1018 1848 Extrema
1062 1807 1255 1860 sequitur
1296 1821 1483 1860 compre-

91 1881 104 1904 3
142 1864 312 1918 hensio,
344 1865 417 1905 sed
449 1879 499 1905 ex
531 1865 695 1905 duobus
728 1865 948 1918 membris,
986 1879 1069 1918 qua
1098 1879 1185 1905 non
1216 1867 1359 1918 potest
1391 1879 1482 1906 esse

143 1922 329 1963 brevior:
369 1921 538 1976 Quem,
570 1937 773 1976 quaeso,
803 1926 1033 1964 nostrum
1064 1923 1257 1964 fefellit
1289 1923 1363 1963 ita
1395 1937 1480 1963 vos

145 1995 252 2021 esse
290 1980 550 2021 facturos?
600 1980 689 2021 Nec
733 1981 867 2021 ullum
913 1995 1045 2036 genus
1090 1985 1155 2022 est
1199 1981 1363 2022 dicendi
1408 1984 1551 2022 aut226

145 2038 296 2079 melius
324 2041 397 2079 aut
422 2038 576 2080 fortius
603 2053 727 2092 quam
757 2039 869 2080 binis
902 2042 976 2080 aut
1007 2040 1139 2080 ternis
1171 2039 1298 2080 ferire
1331 2039 1483 2093 verbis,

143 2110 231 2137 non
254 2110 473 2149 nunquam
501 2097 693 2152 singulis,
724 2097 851 2150 paulo
880 2097 985 2138 alias
1005 2098 1213 2152 pluribus,
1238 2098 1350 2138 inter
1376 2112 1482 2150 quae

92 2171 125 2195 :5
145 2154 273 2195 variis
312 2154 513 2195 clausulis
550 2155 786 2208 interponit
819 2170 863 2196 se
893 2170 989 2197 raro
1030 2171 1257 2197 numerosa
1294 2169 1483 2209 compre-

145 2212 314 2266 hensio3
346 2227 472 2266 quam
497 2227 692 2266 perverse
718 2213 887 2268 fugiens
906 2213 1129 2269 Hegesias,
1160 2215 1261 2255 dum
1285 2214 1357 2254 ille
1385 2227 1484 2266 quo-

147 2285 227 2324 que
259 2270 420 2311 imitari
452 2270 611 2324 Lysian
642 2272 732 2311 volt
771 2272 952 2312 alterum
988 2287 1121 2326 paene
1153 2271 1485 2324 Demosthenen,
