1643 2526
175 128 258 169 146
684 127 747 161 DE
775 126 1000 162 ORATORE

171 238 344 266 causam
387 237 527 265 meam
569 225 828 277 premerent,
871 236 1000 277 quom
1039 221 1084 262 id
1114 235 1201 263 non
1237 221 1401 264 faciunt
1439 223 1515 264 alii

171 285 480 336 versanturque
517 281 563 322 in
598 281 790 322 hostium
828 280 980 322 castris
1018 294 1066 322 ac
1105 295 1181 321 sua
1212 281 1423 335 praesidia
1454 281 1512 322 di-

171 341 362 394 mittunt,
394 339 717 381 mediocriterne
751 339 890 380 causis
915 341 1084 393 nocent,
1115 353 1244 392 quom
1270 342 1345 380 aut
1369 339 1512 380 adver-

174 398 383 440 sariorum
427 398 671 439 adiumenta
714 398 969 439 confirmant
1011 400 1085 438 aut
1125 411 1173 438 ea
1214 411 1321 451 quae
1362 412 1512 438 sanare

100 460 390 511 304nequeunt
421 455 693 497 exulcerant?
750 455 888 504 Quid?
933 469 1062 509 quom
1095 469 1374 510 personarum
1406 470 1510 510 quas
1531 474 1548 499 5

173 515 404 556 defendunt
442 515 652 556 rationem
689 528 777 555 non
812 514 992 568 habent,
1032 513 1068 554 si
1106 528 1213 567 quae
1252 517 1353 554 sunt
1381 514 1429 554 in
1457 514 1512 555 iis

171 573 383 614 invidiosa
419 587 507 614 non
544 572 746 627 mitigant
783 572 1069 626 extenuandO,
1113 573 1185 613 sed
1222 572 1432 613 laudando
1470 575 1513 614 et

172 632 383 673 efferendo
403 631 681 672 invidiosiora
700 630 875 684 faciunt,
896 633 1103 684 quantum
1123 633 1188 671 est
1206 630 1252 671 in
1271 645 1320 672 eo
1341 630 1513 672 tandem

172 689 303 731 mali?
348 689 487 738 Quid?
520 689 555 730 si
585 689 631 730 in
661 689 856 730 homines
889 703 1009 730 caros
1040 688 1337 743 iudicibusque
1368 689 1513 731 iucun-

173 748 248 789 dos
281 748 371 789 sine
403 748 491 788 ulla
521 747 862 801 praemunitione
889 747 1095 788 orationis
1123 747 1315 788 acerbius
1348 750 1391 788 et
1417 762 1513 789 con-
1532 765 1566 791 10

172 806 442 847 tumeliosius
484 805 703 858 invehare,
745 819 886 846 nonne
925 820 949 846 a
985 808 1027 846 te
1065 805 1226 847 iudices
1268 806 1512 847 abalienes?

101 863 312 912 305Quid?
358 864 412 918 si,
450 878 556 918 quae
594 863 701 905 vitia
739 866 813 904 aut
848 863 1119 904 incommoda
1157 867 1257 904 sunt
1292 864 1338 904 in
1369 864 1512 917 aliquo

170 922 309 964 iudice
341 937 427 963 uno
469 925 543 963 aut
580 922 794 976 pluribus,
835 936 885 963 ea
922 925 970 962 tu
1001 921 1046 962 in
1078 921 1329 963 adversariis
1368 936 1514 976 expro-

170 981 333 1022 brando
370 995 457 1022 non
494 980 720 1035 intellegas
752 983 794 1021 te
825 980 871 1020 in
900 979 1061 1021 iudices
1098 980 1260 1033 invehi,
1302 980 1513 1022 mediocre

170 1042 393 1093 peccatum
426 1039 519 1080 est?
565 1038 703 1087 Quid?
731 1038 779 1093 si,
811 1052 940 1092 quom
965 1052 1042 1092 pro
1069 1038 1204 1079 altero
1232 1038 1359 1091 dicas,
1390 1039 1511 1080 litem
1533 1057 1565 1083 15

172 1101 291 1138 tuam
322 1097 455 1138 facias
490 1100 562 1137 aut
593 1097 733 1137 laesus
767 1097 939 1137 efferare
970 1096 1208 1151 iracundia,
1248 1112 1421 1138 causam
1452 1112 1513 1139 re-

171 1155 354 1209 linquas,
384 1155 544 1195 nihilne
575 1155 760 1196 noceas?
791 1154 843 1195 In
875 1169 958 1208 quo
985 1169 1078 1209 ego,
1107 1169 1194 1195 non
1220 1169 1303 1209 quo
1329 1155 1514 1197 libenter

171 1213 281 1255 male
315 1213 498 1267 audiam,
536 1213 607 1254 sed
640 1213 739 1266 quia
771 1227 943 1254 causam
974 1227 1061 1253 non
1092 1213 1276 1254 libenter
1306 1214 1514 1269 relinquo,

170 1271 351 1312 nimium
376 1272 543 1325 patiens
571 1274 614 1312 et
638 1271 779 1312 lentus
807 1271 1046 1326 existimor·
1077 1274 1126 1312 ut
1147 1286 1275 1325 quom
1295 1275 1337 1313 te
1356 1272 1512 1327 ipsum,

173 1328 347 1384 Sulpici,
380 1330 674 1384 obiuigabam,
706 1330 819 1383 quod
850 1329 1186 1371 ministratorem
1217 1333 1396 1384 peteres,
1426 1345 1512 1371 non
1532 1348 1566 1374 20

171 1388 471 1429 adversarium.
522 1388 589 1428 Ex
614 1402 697 1442 quo
725 1388 854 1428 etiam
879 1387 986 1428 illud
1011 1388 1232 1453 adsequor,
1262 1391 1323 1443 ut,
1354 1388 1390 1430 si
1416 1388 1511 1443 quis

171 1446 277 1487 mihi
315 1446 425 1487 male
464 1446 601 1500 dicat,
631 1446 848 1501 petulans,
884 1448 932 1486 ut
968 1446 1093 1499 plane
1124 1446 1300 1488 insanus
1332 1461 1423 1488 esse
1454 1447 1513 1489 vi-

101 1505 334 1546 306deatur.
395 1504 446 1545 In
483 1504 589 1558 ipsis
628 1508 770 1546 autem
811 1505 1074 1559 argumentis
1114 1505 1149 1545 si
1187 1505 1288 1558 quid
1318 1505 1512 1559 posueris

172 1566 246 1604 aut
278 1565 422 1617 aperte
455 1562 611 1603 falsum
644 1566 718 1603 aut
749 1562 800 1616 ei,
835 1562 948 1615 quod
979 1563 1133 1603 dixeris
1167 1563 1408 1604 dicturusve
1441 1564 1513 1618 sis,
1539 1598 1541 1601 .

172 1620 435 1663 contrarium
473 1623 546 1661 aut
584 1634 736 1674 genere
772 1620 866 1673 ipso
898 1623 1111 1661 remotum
1143 1621 1196 1661 ab
1228 1636 1308 1662 usu
1338 1621 1513 1663 iudicio-
1530 1638 1565 1665 25

170 1693 267 1719 rum
292 1693 340 1719 ac
366 1678 473 1731 foro,
503 1678 664 1719 nihilne
690 1678 873 1719 noceas?
914 1677 1024 1726 Quid
1049 1679 1214 1720 multa?
1248 1680 1385 1720 omnis
1412 1695 1513 1722 cura

170 1751 266 1777 mea
297 1736 407 1778 solet
442 1736 488 1776 in
519 1736 600 1777 hoc
633 1736 791 1777 versari
824 1750 990 1789 semper
1025 1761 1071 1765 —-
1109 1737 1246 1778 dicam
1279 1738 1392 1778 enim
1424 1753 1512 1779 sae-

170 1795 266 1849 pius
302 1819 367 1846 —,
405 1794 441 1835 si
471 1794 652 1848 possim,
689 1797 737 1834 ut
775 1794 877 1834 boni
909 1793 1092 1835 efficiam
1125 1795 1284 1849 aliquid
1316 1795 1510 1851 dicend03

173 1852 209 1894 si
238 1853 283 1894 id
314 1852 468 1907 minus,
498 1855 546 1893 ut
578 1855 689 1893 certe
720 1866 773 1892 ne
805 1851 906 1905 quid
937 1852 1050 1893 mali.

288 1910 438 1964 Itaque
475 1924 588 1951 nunc
625 1910 725 1951 illuc
762 1911 905 1964 redeo,
942 1910 1110 1965 Catule,
1151 1910 1196 1952 in
1235 1925 1318 1965 quo
1356 1914 1405 1953 tu
1441 1927 1509 1955 me
1528 1931 1564 1957 30

172 1968 301 2023 paulo
345 1972 443 2010 ante
485 1968 708 2022 laudabas,
758 1968 811 2009 ad
854 1968 1045 2009 ordinem
1088 1969 1510 2024 conlocationemque

170 2041 312 2067 rerum
351 2041 398 2067 ac
435 2027 639 2068 locorum.
707 2024 838 2067 Cuius
881 2026 992 2068 ratio
1036 2030 1101 2068 est
1144 2027 1314 2081 duplex:
1364 2029 1512 2084 altera,

172 2099 299 2138 quam
331 2084 468 2125 adfert
499 2087 654 2125 natura
685 2099 926 2138 causarum,
964 2085 1114 2139 altera,
1152 2100 1259 2139 quae
1292 2089 1510 2128 oratorum

169 2142 327 2183 iudicio
361 2146 402 2183 et
427 2143 654 2196 prudentia
681 2145 962 2197 comparatur.
1011 2142 1124 2184 Nam
1150 2147 1198 2185 ut
1225 2144 1385 2198 aliquid
1411 2148 1509 2187 ante

169 2215 259 2242 rem
291 2200 493 2250 dicamus,
525 2201 673 2241 deinde
705 2204 753 2241 ut
784 2215 874 2242 rem
906 2215 1179 2256 exponamus,
1207 2206 1307 2256 post
1337 2205 1385 2243 ut
1415 2217 1509 2245 eam
1527 2220 1562 2246 35

169 2259 399 2313 probemus
428 2259 587 2300 nostris
616 2259 838 2313 praesidiis
870 2260 1170 2301 confirmandis
1197 2260 1421 2302 contrariis
1447 2276 1509 2302 re-

170 2317 373 2373 futandis,
405 2317 552 2359 deinde
585 2320 633 2358 ut
665 2317 966 2359 concludamus
999 2320 1126 2372 atque
1157 2318 1219 2359 ita
1248 2332 1508 2375 peroremus,

102 1888 156 1929 76

100 1956 168 1987 307
