1643 2526
160 109 242 144 LVI
579 109 857 144 ADNOTATIO
885 109 1082 145 CRITICA.

161 214 298 249 Gellius
317 218 368 249 est
393 214 541 258 Stang13
566 215 642 257 fuit
658 213 787 248 malim
807 216 900 259 (281,
915 217 949 257 3)
977 235 1019 240 —-
1046 226 1153 259 quam
1169 219 1211 251 ut
1230 214 1255 250 C
1278 219 1320 250 ut
1344 214 1492 250 Ellendt

158 263 318 306 quamvis
342 261 438 305 leep.
459 260 592 296 Phssol.
613 261 663 295 IV
678 264 756 296 307.
781 282 828 287 —-
856 265 908 295 10.
930 262 1187 306 implicaretur,
1211 262 1363 297 multum
1387 263 1492 297 etiam

156 310 197 342 in
214 309 333 342 causis
345 312 563 343 uersaretur.
588 309 707 343 Isdem
722 307 757 342 C.
784 307 1032 343 Distinctione
1050 310 1196 342 mutata
1207 313 1367 344 versatus
1379 308 1492 351 Bake,

156 355 366 390 versabatur
392 355 500 398 Kays.
523 365 590 389 scr.
616 375 660 380 ——
691 359 742 389 14.
767 359 805 390 at
824 367 924 400 quem
943 355 970 388 F
984 355 1012 388 B
1028 354 1075 389 Ο2
1088 354 1123 388 N
1142 356 1221 390 Aut
1239 367 1339 400 quem
1359 354 1405 390 Οι
1424 356 1491 390 ali-

156 412 256 445 quem
276 400 301 435 C
324 422 364 426 —-
388 405 440 436 16.
455 402 655 446 perfectura
674 401 701 434 F
716 401 744 435 O
758 401 787 435 B
808 402 860 446 (in
874 402 943 436 1100
962 401 1144 435 incertum
1157 402 1317 436 utruma
1330 412 1377 436 an
1390 414 1416 436 u
1430 401 1492 446 sit)

156 467 201 472 —
230 452 281 482 17.
308 452 340 482 et
364 447 454 483 Ven.
474 454 488 482 1
510 447 542 481 D
569 458 639 483 om.
660 447 685 482 C
711 469 757 473 —
783 452 838 483 18.
865 450 953 483 itam
978 450 1019 483 in
1043 450 1122 483 iure
1147 448 1218 482 FB
1234 448 1262 483 O
1291 448 1343 492 (in
1362 448 1391 482 B
1413 459 1490 492 sup.

156 506 179 528 a
205 495 296 538 sign.
323 503 359 535 03
395 494 433 527 in
460 494 488 529 Ο
513 496 603 530 itam
627 494 708 529 loco
735 505 852 529 vacuo
878 495 1059 529 insertum
1085 497 1123 529 et
1146 506 1262 539 marg.
1287 496 1388 530 ovet’
1414 494 1492 529 sine

156 542 246 574 nota
271 541 402 584 adser.)
429 540 519 575 Ven.
538 547 552 575 1
581 543 688 576 sitam
712 543 754 576 in
778 543 857 576 iure
881 541 912 575 D
941 543 1002 576 Ita
1026 543 1170 576 minime
1196 541 1230 575 N
1260 563 1296 566 —
1329 545 1382 576 19.
1409 542 1492 576 Bel-

157 588 272 622 lienus
298 587 354 622 ed.
379 587 483 622 Rom.
523 608 566 613 —
604 599 755 633 maqnus
781 587 806 622 C
835 590 1000 633 coquitus
1024 588 1104 622 Rau
1143 609 1185 613 —
1223 589 1335 623 simili
1360 588 1385 623 C
1417 589 1494 623 sine

155 635 235 668 ulla
259 634 360 668 Bake
385 635 498 669 simili
522 636 563 669 in
586 634 764 668 Weidner
795 655 838 660 —
871 637 1032 670 oratione
1064 634 1165 669 Bake
1199 656 1240 660 —
1274 639 1329 670 26.
1360 639 1491 671 reuort.

155 680 246 722 BQ
281 692 357 715 non
382 691 532 724 sequor,
563 681 636 715 nisi
661 681 689 715 F
715 681 910 717 consentit.
943 702 986 707 —
1019 686 1074 717 33.
1099 693 1173 717 non
1199 681 1328 716 addidi
1360 702 1402 707 —
1436 686 1492 716 36.

155 732 327 772 coqnorat
351 727 396 761 B1
434 748 478 752 —
515 728 554 762 P.
582 732 659 762 268.
690 732 718 761 1.
751 730 791 762 in
816 728 899 763 add.
927 742 953 762 ω
990 749 1030 754 -
1067 733 1099 763 2.
1131 733 1234 763 erant
1259 728 1422 762 FBON
1449 747 1492 754 -

156 778 187 808 3.
214 786 237 808 a
255 775 336 817 filia
361 773 385 808 C
412 776 448 818 (0
469 774 532 808 31.
554 774 638 819 FB)
665 778 687 808 ᾶ
705 775 786 818 lilia
812 775 840 809 O
871 775 987 817 Ofella
1012 775 1108 809 vict.
1135 774 1258 810 Pisan.
1287 795 1328 800 —
1355 779 1386 810 9.
1414 786 1494 810 cum

156 822 388 865 antiquitatis
424 823 593 856 memoria
631 826 706 856 tum
743 823 836 856 iuris
873 821 966 855 coni.
1001 822 1147 866 Stangl,
1187 822 1285 865 quod
1323 821 1493 865 quamvis

155 867 285 901 laudet
309 866 503 910 &Veidnen
536 869 662 902 tamen
692 867 773 911 ipse
798 867 960 902 inserere
985 870 1135 903 scientia
1161 870 1393 913 antiquitatis
1417 879 1493 902 ma-

155 914 245 948 vult.
278 933 322 939 —-
357 917 410 948 15.
443 914 622 959 Virqilius
647 914 674 947 F
697 914 785 949 Ven.
809 919 826 948 1
861 935 904 939 —
939 920 990 949 18.
1023 919 1087 949 aut
1112 916 1231 949 inurb.
1259 914 1284 949 C
1317 919 1349 949 et
1373 916 1493 950 inurb.

155 960 186 994 D
206 960 298 995 Ven.
323 965 337 994 1
378 980 422 985 —
461 964 516 995 24.
543 961 677 996 Sestius
703 960 794 995 Ven.
816 965 835 995 2
874 983 914 986 —
951 965 994 996 32
1031 963 1229 1006 superioris
1254 962 1384 996 aetatis
1407 961 1493 995 incl.

157 1008 277 1051 Kays.‚
310 1009 394 1052 post
424 1008 652 1053 iynoratione
677 1007 742 1042 Th.
769 1007 974 1042 Mommsen
999 1008 1107 1052 ponit
1141 1029 1186 1033 —-
1220 1009 1329 1043 scribi
1355 1008 1380 1043 C
1407 1009 1494 1043 sciri

155 1053 288 1088 Eberh.
316 1055 424 1098 pater
461 1074 505 1079 —
531 1058 584 1088 35.
609 1056 933 1099 praetermittemus
957 1055 1058 1088 Bake
1084 1075 1128 1079 —-
1153 1055 1311 1090 vidimus
1336 1054 1361 1089 C
1388 1055 1494 1090 audi-

155 1102 269 1136 vimus
293 1100 477 1135 Ruhnken
513 1100 703 1145 (Mnemos.
731 1101 761 1134 ΙΙ
783 1103 864 1145 411)
903 1122 944 1126 -—
984 1112 1103 1137 eorum
1213 1102 1371 1137 vidimus
1406 1100 1493 1136 incl.

156 1148 265 1191 Kays.
300 1168 344 1172 —
380 1152 434 1182 36.
460 1148 550 1182 scire
575 1147 738 1181 FBON
774 1168 816 1172 —
852 1147 890 1182 P.
917 1152 995 1182 269.
1025 1153 1077 1183 13.
1114 1160 1137 1182 a
1163 1159 1231 1183 om.
1258 1147 1423 1182 FBON
1450 1168 1493 1173 —-

158 1199 210 1229 14.
238 1195 300 1239 qui
318 1205 371 1229 me
391 1194 418 1227 F
445 1215 486 1219 —
513 1197 568 1228 25.
594 1195 626 1228 is
647 1194 672 1228 C
698 1196 778 1239 quis
799 1194 897 1229 Jahn
922 1196 996 1239 ipse
1016 1194 1193 1228 Weidner
1217 1214 1262 1220 —
1288 1194 1326 1228 P.
1342 1197 1493 1229 270.20.

157 1243 310 1276 miratur
335 1240 360 1275 C
386 1242 576 1286 ‘mitigatur
602 1240 758 1274 Schuetz
796 1261 839 1266 ——
878 1244 933 1275 25.
965 1243 1007 1276 in
1031 1252 1100 1286 quo
1207 1242 1381 1276 dissensio
1406 1240 1492 1276 incl.

155 1287 288 1321 Eberh.
319 1309 358 1312 —
386 1292 440 1321 34.
468 1299 536 1332 quo
562 1287 587 1321 C
613 1289 674 1322 cui
699 1301 726 1321 ω
752 1308 795 1313 —
822 1287 860 1322 P.
889 1292 968 1323 271.
998 1292 1050 1322 14.
1077 1289 1235 1323 omnium
1259 1299 1311 1322 me
1337 1288 1441 1322 illum
1466 1287 1493 1322 C

156 1336 349 1369 multorum
368 1335 524 1369 millium
547 1333 777 1368 Camerarius
803 1339 942 1369 centum
960 1336 1100 1369 milium
1120 1334 1229 1369 Orell.
1250 1334 1398 1378 Sauppe
1417 1333 1494 1370 ind.

155 1380 252 1416 univ,
280 1380 444 1425 Gotting.
468 1381 501 1414 Π
524 1385 624 1423 1857,
646 1385 666 1415 5
695 1402 730 1406 —
765 1385 818 1416 16.
844 1383 981 1416 moueri
1006 1381 1031 1415 C
1057 1382 1185 1416 mereri
1210 1380 1257 1415 Ol
1281 1392 1421 1416 mouere
1446 1380 1494 1415 B2

155 1449 201 1453 --
229 1432 282 1462 19.
303 1439 425 1472 posses
444 1429 515 1462 nisi
536 1426 561 1461 C
582 1438 706 1472 posses
724 1427 754 1460 D
770 1438 891 1472 posses
909 1429 941 1463 si
961 1428 1007 1461 B²
1022 1427 1068 1462 02
1083 1427 1173 1462 Ven.
1191 1431 1208 1461 1
1231 1438 1397 1472 possesne
1415 1429 1447 1462 si
1467 1441 1494 1462 ω

155 1495 198 1499 -
226 1478 280 1508 31.
308 1486 330 1508 a
356 1485 425 1509 om.
452 1473 565 1508 FBO
599 1494 642 1499 —
674 1474 712 1508 P.
741 1478 819 1509 272.
847 1478 878 1509 9.
911 1478 996 1509 esset
1020 1473 1105 1509 Ern.
1133 1494 1177 1499 —
1206 1479 1258 1509 11.
1291 1475 1495 1518 simplicum

155 1521 225 1555 FO
264 1541 307 1546 --
348 1525 401 1556 15.
437 1525 513 1556 tum
537 1522 591 1556 ita
617 1520 642 1555 C
680 1522 763 1556 item
794 1521 832 1554 M
851 1521 978 1565 Haupt
1018 1525 1093 1556 tum
1131 1520 1238 1555 Klotz
1277 1540 1320 1545 -
1359 1525 1415 1555 22.
1454 1522 1496 1555 in

157 1569 218 1602 illo
245 1566 269 1601 C
297 1569 356 1602 ille
387 1567 443 1602 ed.
468 1567 573 1601 Rom.
606 1588 649 1592 —
682 1572 918 1611 consequutus
942 1567 969 1600 F
1000 1572 1206 1602 consecutus
1230 1566 1261 1600 D
1282 1566 1372 1601 Ven.
1396 1572 1413 1601 1
1449 1587 1492 1592 —

155 1614 193 1649 P.
222 1618 298 1648 273.
330 1619 358 1647 1.
397 1626 476 1648 cum
508 1615 552 1648 ab
594 1613 619 1647 C
657 1618 733 1648 tum
763 1615 807 1648 ab
837 1613 917 1646 DN
954 1633 997 1639 —
1037 1619 1068 1648 2.
1105 1614 1213 1656 facile
1249 1613 1411 1649 FBON
1450 1634 1492 1639 —-

159 1666 211 1695 14.
237 1661 386 1695 dicendo
407 1659 431 1694 C
458 1660 542 1694 incl.
563 1659 740 1702 Kraffert3
767 1671 830 1694 an:
857 1662 898 1694 in
922 1661 1094 1695 dicendo?
1122 1681 1162 1685 —
1191 1660 1227 1694 P.
1249 1664 1327 1695 274.
1351 1663 1381 1694 9.
1408 1671 1495 1705 quos

156 1709 249 1742 enim
275 1707 302 1740 F
321 1707 411 1740 Veu.
437 1711 453 1740 1
488 1727 530 1732 —
563 1710 618 1740 25.
645 1708 805 1741 omnium
830 1718 899 1741 om.
926 1707 1012 1740 FB¹
1029 1706 1105 1741 ON
1138 1727 1182 1732 —
1212 1710 1267 1741 35.
1294 1708 1412 1751 Atque
1437 1709 1493 1742 in-

155 1765 262 1798 quam
298 1753 510 1787 Lachmann
547 1773 589 1778 —
628 1754 722 1788 illud
759 1755 908 1798 inquam
938 1752 1116 1788 &Veidner
1154 1774 1197 1778 —
1243 1757 1298 1790 37,
1338 1754 1495 1798 Sulpicii

155 1799 309 1843 Madvig
348 1821 389 1825 —
428 1800 466 1834 P.
495 1804 572 1834 275.
602 1803 655 1834 10.
694 1802 917 1835 consueuz'sse
942 1799 1109 1837 BODN
1146 1821 1192 1825 —
1227 1804 1281 1835 20.
1320 1811 1391 1835 6336
1423 1811 1492 1834 om.

155 1846 317 1881 FBON
357 1868 398 1871 —
437 1851 491 1881 22.
519 1847 571 1881 ali
596 1846 682 1879 F1B
726 1867 760 1871 —
804 1850 858 1880 25.
885 1847 1080 1881 scribendis
1104 1846 1231 1880 Lamb.
1258 1848 1495 1882 scribentibus

154 1893 315 1927 Kraffert
341 1914 384 1918 —-
412 1897 466 1928 37.
492 1898 567 1928 tum
594 1893 697 1928 Cotta
724 1893 801 1927 Pid.
829 1914 872 1917 —
899 1898 930 1928 ct
956 1894 1054 1937 Salp.
1082 1892 1173 1927 Ven.
1198 1898 1214 1927 1
1242 1913 1286 1918 —
1312 1892 1443 1928 Ρ.276.
1461 1896 1493 1928 8.

156 1942 310 1975 mascime
336 1939 361 1974 C
387 1940 430 1985 (B
452 1951 544 1984 mrg.
565 1945 594 1979 sl
609 1944 656 1974 no
684 1940 818 1981 adscr.;
850 1940 912 1974 cfr.
934 1943 1013 1983 261,
1033 1941 1093 1983 29)
1118 1941 1269 1974 maximi
1292 1939 1495 1974 Buttmann

158 2008 199 2012 —
239 1991 270 2022 9.
308 1988 363 2021 nil
388 1987 415 2020 F
446 1988 540 2021 nihil
565 1986 590 2021 C
629 2007 672 2011 —
711 1990 766 2021 30.
804 1988 845 2021 in
868 1987 1000 2032 qremio
1031 1985 1197 2020 BODN
1231 1988 1364 2031 qremio
1397 1985 1422 2020 C
1450 2007 1493 2011 —

155 2033 192 2068 P.
215 2037 293 2068 277.
315 2036 346 2067 8.
372 2034 444 2076 filii
468 2032 673 2069 consulares
699 2033 808 2068 Orell.
834 2034 892 2068 illi
913 2034 984 2076 filii
1007 2032 1103 2066 Jahn
1129 2053 1170 2057 -—
1200 2037 1254 2067 16.
1281 2037 1386 2078 atque
1409 2033 1494 2067 illu-

155 2082 327 2115 minatam
350 2079 376 2114 C
401 2081 479 2124 (inl.
500 2080 540 2124 F)
567 2085 672 2125 atque
690 2082 856 2115 innatam
884 2079 1064 2122 Cuiacffls,
1090 2079 1174 2114 incl.
1195 2079 1265 2113 ΕΠ.
1294 2100 1335 2104 -
1362 2082 1417 2114 26.
1437 2080 1496 2114 hic

156 2126 182 2160 F
203 2126 292 2160 Ven.
315 2130 333 2160 1
361 2127 400 2161 icl
428 2126 454 2161 C
478 2148 523 2153 —
549 2131 604 2161 31.
625 2128 791 2171 partium
819 2125 952 2171 Stangl
977 2146 1021 2151 —
1048 2130 1102 2160 36.
1129 2130 1297 2170 erantque
1322 2125 1451 2160 FVen.
1475 2130 1492 2159 1

156 2178 258 2208 <rant
283 2172 307 2207 C
336 2193 378 2198 —
405 2173 443 2208 P.
470 2176 548 2208 278.
578 2178 608 2207 1.
637 2175 793 2208 enitebat
818 2186 844 2207 ω
870 2193 913 2198 —-
939 2172 1016 2207 Nec
1040 2183 1120 2208 vero
1228 2173 1382 2215 defuisse
1407 2171 1492 2206 incl.

156 2219 289 2254 Eberh.
324 2241 367 2244 —
401 2224 429 2255 7.
463 2221 632 2255 struendo
658 2220 685 2253 F
705 2220 795 2254 Ven.
820 2225 836 2253 1
864 2219 917 2254 ed.
942 2218 1046 2254 Rom.
1078 2220 1289 2253 instruendo
1315 2218 1340 2253 C
1368 2239 1409 2243 —
1438 2222 1492 2253 12.

156 2268 244 2311 quid
282 2265 418 2311 Campe
457 2287 499 2291 —
540 2267 702 2311 loquetur
733 2266 758 2300 C
798 2267 998 2311 loqueretur
1033 2265 1065 2299 D
1092 2265 1184 2299 Ven.
1206 2270 1224 2299 1
1251 2265 1303 2307 N,
1342 2264 1493 2306 Quintil.

154 2313 206 2347 XI
227 2317 341 2357 3,129
370 2335 411 2338 -
440 2317 494 2348 14.
515 2314 652 2349 oratori
672 2313 699 2347 F
726 2333 768 2338 —
796 2317 850 2347 31.
871 2324 950 2348 cum
971 2339 1000 2347 ..
1018 2340 1024 2347 .
1044 2313 1226 2347 habuisset
1245 2311 1316 2346 del.
1338 2311 1494 2346 Schuetz
