1643 2526
91 445 134 476 80

92 968 133 997 81

92 1725 135 1755 82

157 106 243 149 408
516 106 837 141 PARTITIONES
864 106 1139 141 ORATORIAE

159 203 412 244 verecundia
432 205 508 243 est.
540 202 683 256 Atque
703 202 749 243 hi
769 202 939 256 quidem
959 204 1058 242 sunt
1077 202 1164 242 fere
1186 201 1307 255 quasi
1327 201 1500 255 quidam

158 261 332 302 habitus
365 261 497 301 animi
530 260 590 302 sic
623 261 778 302 adfecti
811 264 852 301 et
884 260 1121 314 constituti,
1151 263 1200 301 ut
1228 260 1315 301 sint
1341 259 1500 315 singuli

158 319 271 360 inter
304 334 347 360 se
378 318 552 373 proprio
585 318 756 360 virtutis
789 333 941 374 genere
975 318 1184 373 distincti3
1215 333 1240 359 a
1265 318 1419 372 quibus
1451 321 1500 358 ut

161 392 351 431 quaeque
393 391 459 418 res
504 380 626 431 gesta
666 381 750 432 est,
792 378 853 418 ita
897 377 953 417 sit
996 378 1178 418 honesta
1220 391 1391 418 necesse
1435 379 1501 417 est

161 450 407 489 summeque
438 435 677 476 laudabilis.
741 435 850 476 Sunt
881 438 1026 476 autem
1064 435 1136 476 alii
1169 435 1340 489 quidam
1375 434 1498 486 [ficti]

161 493 292 535 animi
318 493 491 534 habitus
519 494 572 535 ad
597 494 800 535 virtutem
822 494 942 547 quasi
968 494 1177 547 praeculti
1198 497 1241 534 et
1259 493 1501 548 praeparati

161 552 288 593 rectis
322 552 473 593 studiis
507 555 549 593 et
575 552 751 606 artibus,
783 555 830 592 ut
861 552 906 592 in
940 552 1026 593 suis
1058 553 1184 593 rebus
1218 552 1358 593 studia
1389 552 1503 593 litte-

160 625 323 664 rarum,
360 613 408 651 ut
439 625 714 651 numerorum
753 625 800 652 ac
841 624 1061 664 sonorum,
1097 613 1146 650 ut
1176 625 1416 663 mensurae,
1453 613 1502 650 ut

161 668 360 723 siderum,
384 671 433 710 ut
453 683 671 723 equorum,
695 672 744 709 ut
763 669 957 723 venandi,
981 672 1030 709 ut
1056 683 1290 723 armorum3
1320 669 1366 709 in
1391 682 1503 709 com-

161 727 360 767 munibus
399 727 677 781 propensiora
715 727 856 767 studia
890 727 935 767 in
967 727 1109 780 aliquo
1144 741 1296 781 genere
1328 727 1501 768 virtutis

159 785 386 839 praecipue
425 785 601 826 colendo
641 788 714 825 aut
752 785 905 825 divinis
946 786 1072 826 rebus
1115 785 1388 826 deserviendo
1429 788 1503 826 aut

160 843 410 897 parentibus
432 843 579 884 amicis
600 843 844 897 hospitibus
871 843 1096 897 praecipue
1124 846 1250 897 atque
1276 843 1504 898 insigniter

163 901 400 956 diligendis.
462 901 604 955 Atque
650 902 755 942 haec
799 902 968 955 quidem
1006 902 1224 942 virtutum.
1286 901 1503 943 Vitiorum

163 962 305 1000 autem
346 962 445 1000 sunt
487 974 641 1015 genera
679 960 903 1001 contraria.
966 959 1185 1001 Cernenda
1223 963 1365 1001 autem
1404 963 1504 1001 sunt

163 1017 407 1072 diligenter,
443 1032 496 1058 ne
528 1018 680 1059 fallant
713 1033 762 1059 ea
791 1032 869 1059 nos
903 1018 1025 1072 vitia,
1063 1033 1169 1072 quae
1207 1018 1411 1060 virtutem
1444 1018 1502 1059 vi-

163 1076 315 1116 dentur
352 1076 524 1117 imitari.
587 1075 700 1117 Nam
737 1080 780 1118 et
819 1077 1089 1131 prudentiam
1128 1077 1292 1118 malitia
1327 1080 1370 1118 et
1400 1080 1504 1118 tem-

161 1133 402 1188 perantiam
446 1134 677 1175 inmanitas
718 1135 763 1175 in
803 1135 1097 1188 voluptatibus
1143 1135 1417 1189 aspernandis
1461 1138 1504 1176 et

164 1192 503 1247 magnitudinem
544 1192 674 1233 animi
712 1193 911 1246 superbia
941 1193 986 1233 in
1019 1193 1144 1233 nimis
1177 1194 1428 1234 extollendis
1461 1196 1504 1235 et

163 1250 441 1304 despicientia
466 1251 510 1291 in
532 1251 851 1291 contemnendis
871 1251 1108 1292 honoribus
1133 1255 1174 1292 et
1200 1252 1504 1293 liberalitatem

162 1308 312 1349 effusio
345 1311 388 1349 et
413 1308 710 1349 fortitudinem
743 1309 919 1350 audacia
950 1309 1145 1350 imitatur
1177 1313 1220 1351 et
1250 1310 1504 1364 patientiam

162 1366 321 1407 duritia
357 1367 542 1408 inmanis
582 1370 623 1408 et
664 1367 874 1408 iustitiam
916 1368 1126 1409 acerbitas
1168 1371 1210 1409 et
1252 1368 1504 1423 religionem

163 1425 413 1479 superstitio
446 1429 489 1466 et
519 1425 740 1466 lenitatem
773 1426 955 1467 mollitia
982 1426 1113 1467 animi
1140 1429 1181 1467 et
1206 1427 1505 1468 verecundiam

161 1483 370 1524 timiditas
413 1486 456 1525 et
492 1483 612 1525 illam
651 1484 894 1538 disputandi
931 1485 1202 1538 prudentiam
1241 1485 1503 1526 concertatio

163 1542 437 1596 captatioque
466 1543 693 1583 verborum
727 1545 804 1594 [etl
838 1543 948 1583 hanc
981 1543 1214 1584 oratoriam
1246 1543 1331 1584 vim
1363 1543 1504 1584 inanis

163 1600 371 1653 quaedam
414 1601 671 1654 profluentia
713 1601 924 1654 loquendi.
989 1600 1150 1642 Studiis
1195 1604 1337 1642 autem
1379 1602 1502 1642 bonis

163 1658 321 1698 similia
352 1658 549 1699 videntur
581 1673 641 1712 ea,
673 1673 779 1712 quae
807 1662 906 1699 sunt
930 1659 974 1699 in
1001 1660 1149 1700 eodem
1176 1673 1328 1714 genere
1359 1659 1503 1701 nimia.

163 1715 300 1764 Quam
339 1716 392 1756 ob
430 1731 519 1756 rem
559 1716 695 1757 omnis
736 1716 798 1757 vis
836 1717 1035 1757 laudandi
1074 1720 1116 1757 et
1154 1717 1421 1771 vituperandi
1454 1733 1504 1759 ex

162 1773 230 1814 his
276 1777 469 1814 sumetur
513 1774 720 1815 virtutum
764 1774 1048 1829 vitiorumque
1092 1775 1305 1829 partibus3
1351 1777 1423 1817 sed
1459 1776 1505 1817 in

162 1835 257 1873 toto
290 1832 413 1885 quasi
452 1835 655 1873 contextu
694 1832 899 1874 orationis
938 1833 1042 1874 haec
1080 1837 1204 1874 erunt
1236 1834 1504 1875 inlustranda

163 1890 368 1945 maxime,
411 1905 535 1944 quem
573 1891 625 1931 ad
663 1891 835 1932 modum
873 1891 1051 1945 quisque
1092 1896 1337 1947 generatus,
1377 1907 1503 1946 quem

164 1948 216 1988 ad
248 1948 422 1989 modum
455 1949 676 2002 educatus,
714 1963 839 2003 quem
871 1950 923 1990 ad
954 1950 1128 1991 modum
1159 1950 1384 1992 institutus
1417 1965 1504 1991 mo-

162 2009 365 2060 ratusque
398 2006 545 2061 fuerit3
577 2010 620 2048 et
645 2007 681 2048 si
708 2008 807 2060 quid
834 2008 901 2048 cui
927 2022 1131 2062 magnum
1158 2012 1231 2049 aut
1256 2009 1503 2050 incredibile

163 2064 365 2105 acciderit
397 2065 663 2118 maximeque
697 2066 731 2106 si
763 2066 806 2106 id
838 2065 1042 2107 divinitus
1080 2067 1282 2108 accidisse
1314 2067 1504 2121 potuerit

161 2122 315 2177 videri3
358 2125 451 2164 tum
490 2137 596 2176 quae
629 2123 807 2177 quisque
841 2124 1021 2164 senserit
1053 2125 1206 2166 dixerit
1239 2126 1419 2180 gesserit
1451 2126 1503 2166 ad

163 2195 223 2235 ea,
256 2195 363 2235 quae
394 2181 618 2235 proposita
644 2184 756 2236 sunt,
786 2182 993 2223 virtutum
1027 2198 1182 2237 genera
1214 2184 1503 2225 accommoda-

162 2240 429 2293 buntur„ex
467 2239 636 2292 illisque
674 2240 915 2280 inveniendi
952 2241 1058 2282 locis
1098 2256 1247 2283 causae
1285 2256 1427 2282 rerum
1459 2245 1502 2283 et

163 2300 340 2338 eventus
361 2300 404 2338 et
426 2298 730 2351 consequentia
756 2298 1034 2352 requirentur.
1085 2299 1234 2354 Neque
1260 2314 1360 2341 vero
1386 2313 1501 2340 mors

1522 743 1555 767 10

1523 1034 1555 1059 15

1524 1327 1557 1351 20

1523 1617 1556 1643 25

1522 1909 1556 1934 30

1522 2200 1555 2226 35
