1643 2526
347 91 491 126 LIBER
514 92 558 128 H.
603 91 702 128 CAP.
731 95 881 128 29—30.
927 95 945 134 ἓ
974 95 1170 128 125-132.
1376 93 1431 134 99

88 186 329 241 hominum,
373 186 508 228 altera
545 187 850 242 docendorum,
894 187 1025 228 tertia
1069 187 1431 229 concitandorum.

89 245 255 286 Harum
286 244 418 286 trium
448 245 637 300 partium
666 246 806 300 prima
842 246 1066 287 lenitatem
1105 246 1332 301 orationis,
1370 256 1502 288 se-129

90 304 227 345 cunda
252 318 441 358 acumen,
473 304 602 345 tertia
627 304 714 346 vim
740 304 963 346 desiderat.
1014 304 1128 346 Nam
1152 305 1234 347 hoc
1259 319 1432 346 necesse

91 365 173 416 est,
209 365 258 403 ut
294 362 350 416 is,
387 361 461 416 qui
497 363 622 404 nobis
665 378 838 405 causam
881 362 1200 405 adiudicaturus
1242 363 1318 418 sit,
1358 367 1433 405 aut

54 437 70 462 5
89 420 368 462 inclinatione
406 421 642 462 voluntatis
680 422 944 476 propendeat
980 421 1026 462 in
1061 436 1141 463 nos
1180 425 1254 463 aut
1293 421 1433 463 defen-

91 479 222 520 sionis
270 479 535 534 argumentis
583 480 818 522 adducatur
865 483 940 522 aut
987 480 1120 521 animi
1161 480 1431 534 permotione

90 540 280 593 cogatur.
325 537 408 579 Sed
434 538 636 592 quoniam
660 538 736 580 illa
759 553 872 593 pars,
897 539 942 579 in
962 554 1047 593 qua
1071 553 1215 580 rerum
1239 538 1431 593 ipsarum

89 596 316 650 explicatio
350 611 398 637 ac
426 596 615 638 defensio
642 597 786 651 posita
812 600 888 651 est,
914 597 1083 638 videtur
1109 611 1279 638 omnem
1304 597 1431 639 huius

90 655 257 710 generis
304 654 427 709 quasi
471 655 711 697 doctrinam
761 656 998 711 continere,
1046 656 1096 697 de
1147 670 1196 697 ea
1243 656 1431 710 primum

38 729 71 754 10
90 714 315 768 loquemur
347 716 389 754 et
419 728 556 768 pauca
587 714 788 756 dicemus.
851 715 994 756 Pauca
1026 714 1139 755 enim
1172 718 1290 769 sunt,
1323 729 1431 769 quae

88 787 168 813 usu
188 772 274 813 iam
293 775 479 813 tractata
499 775 541 813 et
562 773 703 814 animo
719 773 842 828 quasi
859 776 1011 814 notata
1029 773 1186 814 habere
1200 773 1430 814 videamur.
1445 797 1502 837 30

88 830 152 872 Ac
173 830 253 871 tibi
273 830 488 884 sapienter
507 832 713 886 monenti,
733 832 900 886 Crasse,
922 832 1107 873 libenter
1131 832 1501 896 adsentiemur,130

87 892 137 930 ut
170 889 437 944 singularum
470 904 696 931 causarum
728 890 1009 945 defensiones,
1042 905 1148 944 quas
1175 890 1314 931 solent
1345 905 1431 931 ma-

90 947 214 1002 gistri
250 947 394 1001 pueris
433 948 617 1002 tradere,
653 948 964 1003 relinquamus,
1004 948 1244 1002 aperiamus
1287 951 1431 990 autem

35 1023 68 1048 15
89 1006 230 1060 capita
261 1021 328 1060 ea,
364 1006 474 1047 unde
515 1007 652 1048 omnis
692 1007 745 1048 ad
784 1022 953 1048 omnem
985 1010 1028 1048 et
1061 1022 1233 1048 causam
1266 1010 1308 1048 ct
1341 1022 1432 1048 ora-

88 1065 250 1105 tionem
301 1064 535 1118 disputatio
589 1065 768 1106 ducitur.
841 1065 992 1119 Neque
1043 1066 1174 1119 enim,
1231 1065 1433 1119 quotiens

87 1123 265 1164 verbum
310 1123 482 1177 aliquod
523 1126 589 1164 est
632 1124 905 1165 scribendum
948 1123 1093 1178 nobis,
1134 1123 1293 1164 totiens
1339 1124 1430 1165 eius
1485 1161 1492 1164 .

87 1181 205 1223 verbi
236 1181 406 1222 litterae
439 1185 538 1222 sunt
571 1182 834 1237 cogitatione
862 1182 1194 1237 conquirendae3
1225 1197 1303 1223 nec
1330 1197 1431 1236 quo-

87 1240 198 1281 tiens
220 1254 348 1281 causa
368 1240 546 1281 dicenda
572 1244 650 1295 est,
676 1241 836 1282 totiens
863 1241 916 1282 ad
942 1241 1032 1282 eius
1061 1255 1213 1282 causae
1241 1241 1431 1295 seposita

35 1315 68 1340 20
89 1301 342 1353 argumenta
385 1299 546 1339 revolvi
593 1313 672 1340 nos
724 1302 912 1354 oportet,
962 1299 1035 1341 sed
1082 1299 1239 1340 habere
1291 1302 1429 1341 certos

86 1357 223 1411 locos,
255 1357 347 1411 qui,
377 1359 426 1397 ut
456 1356 627 1398 litterae
660 1357 713 1398 ad
743 1358 921 1398 verbum
953 1358 1242 1412 scribendum,
1275 1358 1335 1399 sic
1365 1358 1430 1398 illi

89 1415 141 1456 ad
173 1429 346 1456 causam
379 1415 673 1469 explicandam
698 1416 848 1457 statim
874 1419 1112 1457 occurrant.
1175 1415 1258 1457 Sed
1288 1415 1320 1456 ii
1344 1416 1499 1458 1001131

88 1473 126 1514 ei
157 1474 328 1514 demum
361 1473 521 1514 oratori
551 1474 753 1528 prodesse
784 1477 984 1528 possunt,
1022 1474 1095 1528 qui
1133 1477 1197 1515 est
1234 1477 1429 1516 versatus

87 1532 132 1572 in
168 1547 311 1572 rerum
350 1532 419 1573 vel
459 1547 557 1586 usu,
603 1547 730 1586 quem
768 1536 885 1573 aetas
924 1532 1105 1586 denique
1145 1532 1325 1587 adferet,
1362 1532 1431 1573 vel

35 1607 68 1632 25
89 1590 305 1631 auditione
350 1593 393 1631 et
436 1590 718 1645 cogitatione,
769 1605 876 1645 quae
927 1591 1068 1632 studio
1119 1594 1162 1632 et
1205 1590 1431 1646 diligentia

87 1648 380 1702 praecucurrit
413 1651 609 1689 aetatem.
670 1648 784 1690 Nam
817 1649 853 1690 si
890 1652 938 1690 tu
969 1649 1075 1690 mihi
1113 1649 1306 1703 quamvis
1339 1663 1430 1690 eru-

89 1707 226 1747 ditum
256 1706 475 1747 hominem
508 1707 750 1761 adduxeris,
781 1707 975 1761 quamvis
1009 1722 1149 1748 acrem
1181 1710 1223 1748 et
1256 1710 1429 1748 acutum

87 1765 133 1805 in
164 1765 413 1819 cogitando,
451 1765 646 1819 quamvis
685 1766 738 1806 ad
774 1765 1140 1819 pronuntiandum
1172 1765 1431 1820 expeditum,

90 1823 126 1863 si
158 1823 239 1863 erit
265 1823 401 1864 eidem
431 1823 477 1863 in
502 1823 808 1865 consuetudine
835 1824 1035 1878 civitatis,
1065 1824 1111 1864 in
1137 1823 1354 1878 exemplis,
1383 1823 1431 1864 in

35 1898 70 1923 30
89 1881 320 1935 institutis,
356 1881 403 1921 in
433 1881 623 1923 moribus
656 1897 705 1923 ac
736 1882 1032 1923 voluntatibus
1066 1882 1223 1923 civium
1254 1896 1429 1923 suorum

87 1939 262 1993 hospes,
291 1953 379 1980 non
409 1939 593 1981 multum
625 1940 663 1981 ei
694 1940 777 1982 loci
808 1941 1043 1995 proderunt
1074 1940 1161 1995 illi,
1191 1954 1242 1980 ex
1274 1940 1429 1994 quibus

88 2000 341 2053 argumenta
365 2001 630 2051 promuntur.
683 1997 870 2040 Subacto
897 1999 1003 2039 mihi
1029 1998 1202 2053 ingenio
1225 2013 1331 2053 opus
1352 2001 1430 2053 est,

87 2059 136 2096 ut
168 2070 271 2111 agro
303 2070 389 2096 non
422 2056 552 2097 semel
584 2059 723 2112 arato,
762 2057 835 2098 sed
865 2060 1025 2098 novato
1059 2060 1102 2097 et
1127 2057 1304 2111 iterato,
1342 2071 1427 2111 quo

88 2114 285 2155 meliores
323 2113 435 2154 fetus
472 2114 611 2168 possit
649 2118 691 2156 et
730 2115 979 2170 grandiores
1018 2116 1152 2156 edere.
1221 2114 1427 2156 Subactio

35 2188 69 2214 35
89 2175 232 2214 autem
264 2175 329 2213 est
361 2186 462 2213 usus
495 2173 657 2214 auditio
690 2173 817 2215 lectio
850 2174 1031 2215 litterae.

204 2230 268 2272 Ac
305 2230 491 2284 primum
530 2234 728 2273 naturam
769 2246 920 2273 causae
960 2232 1121 2287 videat,
1162 2246 1269 2286 quae
1309 2241 1497 2272 num-132

89 2303 217 2342 quam
246 2289 372 2343 latet,
408 2288 623 2331 factumne
656 2290 713 2332 sit
745 2293 993 2346 quaeratur,
1031 2305 1085 2332 an
1117 2290 1240 2344 quale
1269 2289 1342 2344 sit,
1374 2303 1428 2329 an

1097 2358 1143 2391 7*
