1643 2526
56 763 88 787 10

57 1053 89 1079 15

58 1346 91 1370 20

62 1928 94 1953 30

369 123 511 157 LIBER
535 122 597 158 111.
648 121 748 158 OAP.
775 123 924 156 60—61.
964 121 985 167 ξ
1012 124 1208 156 224-230.
1364 118 1449 160 223

108 218 285 284 clamor,
327 233 410 273 quo
449 221 491 259 te
529 217 674 259 fistula
709 217 909 272 progredi
946 231 1033 258 non
1066 216 1194 269 sinet,
1232 218 1274 256 et
1306 218 1451 256 tamen

109 277 161 317 ab
192 277 287 342 ipsa
319 277 592 318 contentione
623 275 850 317 revocabit.
914 275 995 316 Est
1027 275 1130 315 item
1157 277 1306 315 contra
1333 273 1451 327 quid-

108 335 205 376 dam
243 335 290 375 in
326 335 576 376 remissione
617 334 917 390 oravissimum
949 348 1115 388 quoque
1150 336 1356 386 tanquam
1388 346 1453 372 so-

108 408 262 434 norum
295 394 496 448 gradibus
530 393 808 434 descenditur.
858 392 975 433 Haec
1002 391 1186 432 varietas
1214 395 1256 432 et
1280 390 1350 432 hic
1375 405 1453 444 per

109 452 247 492 omnis
293 467 420 493 sonos
464 452 580 493 vocis
621 466 767 493 cursus
807 453 848 491 et
887 465 930 491 se
970 450 1160 491 tuebitur
1204 453 1246 490 et
1291 448 1451 490 actioni

109 510 271 551 adferet
303 511 570 551 suavitatem.
622 509 704 551 Sed
734 509 1020 550 fistulatorem
1047 508 1161 549 domi
1187 507 1452 561 relinquetis,

109 583 280 609 sensum
316 568 444 609 huius
484 567 804 610 consuetudinis
845 567 1068 609 vobiscum
1110 567 1161 607 ad
1203 566 1343 606 forum
1385 566 1451 606 de-

108 627 267 668 feretis.

225 685 364 739 Edidi,
396 699 502 738 quae
532 685 668 739 potui,
699 699 787 726 non
817 687 865 725 ut
896 684 1024 738 volui,
1065 684 1137 724 sed
1168 686 1217 723 ut
1248 697 1315 723 me
1348 685 1524 724 tem-228

107 743 224 798 poris
264 745 488 799 angustiae
527 746 769 798 coegerunt.
833 742 998 784 Scitum
1034 745 1099 783 est
1132 741 1245 782 enim
1277 756 1450 782 causam

109 802 300 843 conferre
341 802 387 842 in
426 805 613 856 tempus,
657 816 786 856 quom
828 801 991 842 adferre
1032 801 1173 855 plura,
1218 800 1253 840 si
1292 800 1451 854 cupias,

107 875 195 901 non
227 875 367 914 queas.
429 860 493 900 Tu
518 874 631 914 vero,
661 860 802 914 inquit
829 858 1020 911 Catulus,
1052 858 1265 914 collegisti
1296 858 1452 911 omnia,

109 922 318 973 quantum
350 933 428 973 ego
460 933 636 973 possum
666 918 866 972 iudicare,
897 918 959 958 ita
992 917 1209 971 divinitus,
1240 919 1288 957 ut
1314 931 1400 957 non
1427 931 1451 957 a

110 977 283 1018 Graecis
326 977 558 1031 sumpsisse
599 977 671 1018 sed
715 991 785 1018 eos
830 976 947 1031 ipsos
991 976 1096 1017 haec
1137 976 1286 1016 docere
1324 989 1449 1029 posse

109 1036 287 1077 videare.
331 1035 400 1076 Me
427 1035 598 1089 quidem
623 1035 748 1076 istius
777 1035 983 1076 sermonis
1010 1034 1263 1089 participem
1288 1033 1451 1074 factum

109 1109 200 1135 esse
234 1094 419 1149 gaudeo3
463 1108 511 1134 ac
543 1093 707 1147 176116111,
744 1097 792 1134 ut
824 1108 942 1134 meus
976 1107 1116 1148 gener,
1149 1092 1306 1133 sodalis
1338 1095 1451 1145 tuus,

108 1152 365 1193 Hortensius
404 1152 629 1208 adfuisset3
672 1167 799 1206 quem
837 1152 1008 1206 quidem
1046 1165 1125 1206 ego
1165 1150 1331 1191 confido
1365 1165 1451 1190 om-

107 1211 234 1252 nibus
271 1210 367 1251 istis
406 1211 623 1265 laudibus,
663 1225 767 1264 quas
800 1213 848 1251 tu
882 1210 1074 1250 oratione
1115 1209 1360 1263 complexus
1394 1223 1451 1262 es,

110 1269 384 1310 excellentem
410 1269 511 1310 fore.
562 1269 621 1309 Et
647 1267 843 1310 Crassus:
876 1269 986 1309 Fore
1013 1268 1147 1309 dicis?
1178 1267 1336 1322 inquit3
1369 1279 1523 1322 eg0229

110 1342 209 1369 vero
237 1342 328 1368 esse
356 1327 443 1368 iam
473 1327 614 1368 iudico
642 1330 684 1367 et
709 1330 802 1368 tum
832 1327 1028 1381 iudicavi,
1061 1341 1157 1367 cum
1183 1341 1249 1367 me
1277 1326 1450 1367 consule

109 1386 155 1427 in
198 1389 349 1426 senatu
394 1400 565 1426 eausam
609 1385 797 1426 defendit
840 1385 1012 1426 Africae
1056 1399 1274 1438 nuperque
1321 1384 1451 1424 etiam

110 1445 260 1499 magffi,
293 1459 389 1485 011111
419 1458 496 1498 pro
529 1443 758 1496 Bithyniae
790 1458 889 1498 rege
922 1443 1039 1484 dixit
1103 1442 1242 1490 Quam
1276 1442 1329 1482 ob
1362 1457 1452 1482 rem

110 1506 223 1544 recte
251 1502 379 1556 vides,
412 1501 572 1542 Catule.
634 1501 755 1542 Nihil
781 1502 894 1542 enim
919 1501 993 1542 isti
1021 1500 1282 1542 adulescenti
1313 1515 1450 1553 neque

111 1577 135 1602 a
165 1564 320 1602 natura
350 1575 487 1614 neque
520 1575 544 1601 a
575 1560 768 1601 doctrina
800 1561 943 1601 deesse
977 1559 1125 1600 sentio.
1189 1558 1280 1607 Quo
1313 1558 1523 1613 magis-230

60 1638 74 1661 2
112 1622 177 1661 est
208 1619 308 1673 tibi,
346 1617 491 1673 Cotta,
532 1621 574 1659 et
606 1619 703 1668 tibi,
743 1617 923 1673 Sulpici,
960 1618 1225 1673 vigilandum
1258 1631 1305 1658 ac
1337 1617 1454 1657 labo-

111 1678 301 1719 randum.
363 1676 462 1718 Non
502 1677 615 1718 enim
652 1677 722 1718 ille
755 1677 979 1718 mediocris
1013 1679 1158 1717 orator
1187 1676 1233 1716 in
1263 1678 1454 1716 vostram

113 1736 235 1790 quasi
279 1735 507 1777 succrescit
551 1738 753 1789 aetatem,
797 1736 869 1776 sed
910 1739 952 1776 et
991 1735 1165 1790 ingenio
1205 1734 1371 1788 peracri
1412 1736 1454 1774 et

114 1795 254 1835 studio
286 1793 487 1849 flagranti
520 1797 562 1834 et
595 1794 788 1834 doctrina
820 1793 975 1835 eximia
1003 1797 1046 1834 et
1073 1793 1279 1834 memoria
1312 1792 1455 1846 singu-

112 1853 203 1894 lari.
266 1851 345 1893 Cui
384 1866 626 1906 quanquam
662 1852 803 1906 faveo,
841 1856 986 1893 tamen
1021 1852 1144 1892 illum
1182 1850 1313 1891 aetati
1354 1864 1452 1890 suae

115 1913 332 1966 praestare
365 1910 507 1964 cupio,
537 1910 658 1951 vobis
685 1925 783 1951 vero
809 1910 931 1951 illum
957 1913 1077 1951 tanto
1104 1909 1312 1950 minorem
1337 1923 1455 1962 prae-

115 1983 280 2011 currere
318 1968 389 2009 vix
424 1969 706 2009 honestumst.
776 1967 857 2009 Sed
894 1969 979 2009 iam
1019 1982 1261 2022 surgamus,
1300 1966 1455 2020 inquit,

113 2042 276 2081 nosque
309 2041 501 2067 curemus
535 2030 576 2067 et
609 2027 835 2080 aliquando
869 2027 921 2067 ab
953 2027 1032 2068 hac
1066 2025 1339 2067 contentione
1374 2025 1458 2065 dis-

115 2085 352 2141 putationis
385 2084 548 2125 animos
580 2089 752 2126 nostros
785 2100 1013 2139 curamque
1045 2085 1248 2125 laxemus.
