1643 2526
482 114 582 151 CAP.
610 116 758 150 53-54.
809 117 829 156 ξ
858 116 1051 149 195—200.
1351 112 1437 152 273

93 211 211 253 Haec
238 225 335 253 cum
362 210 550 266 graviter
575 212 668 251 tum
689 210 742 250 ab
763 208 967 263 exemplis
988 208 1173 263 copiose,
1198 210 1291 249 tum
1310 207 1440 262 varie,

93 274 183 312 tum
220 269 349 311 etiam
379 269 556 310 ridicule
588 271 631 309 et
656 268 792 310 facete
819 267 1035 322 explicans
1068 282 1162 308 eam
1194 265 1439 308 admiratio-

93 344 192 370 nem
218 327 597 380 adsensionemque
624 326 869 381 commovit,
894 326 1050 367 dixisse
1069 328 1118 366 ut
1139 328 1288 367 contra
1311 339 1437 365 nemo

94 387 325 441 videretur3
362 410 409 416 —-
438 385 521 427 hoc
547 387 637 426 erat
665 384 847 426 oratoris
878 384 1068 425 officium
1099 383 1332 438 partitione
1358 386 1440 424 ter-

59 464 76 488 5
97 446 219 499 tium,
245 459 397 500 genere
423 458 682 485 maxumum.
732 442 815 484 Hic
839 443 912 483 ille
940 443 989 483 de
1015 442 1175 497 populo
1201 442 1340 494 iudex,
1367 441 1439 496 qui

97 504 329 558 separatim
362 503 544 544 alterum
574 501 807 543 admiratus
835 504 960 556 esset,
990 501 1103 542 idem
1130 501 1275 542 audito
1303 500 1438 541 altero

95 562 300 603 iudicium
344 576 468 602 suum
512 563 821 615 contemneret3
871 563 915 601 at
955 573 1055 600 vero
1098 559 1352 614 intellegens
1398 560 1440 599 et

97 621 248 662 doctus
280 620 454 661 audiens
483 618 731 660 Scaevolam
763 618 942 659 sentiret
974 632 1065 659 esse
1097 617 1311 671 quoddam
1341 616 1442 657 ube—

96 680 185 720 rius
227 678 392 720 dicendi
435 692 568 733 genus
611 680 653 719 et
694 677 897 718 ornatius.
958 676 1026 717 Ab
1068 680 1251 730 utroque
1296 678 1440 716 autem

45 756 78 780 10
98 752 225 780 causa
256 739 455 791 perorata
487 736 523 777 si
555 738 847 790 quaereretur,
885 738 982 776 uter
1012 737 1253 789 praestaret
1284 736 1442 787 orator,

95 810 330 850 numquam
367 794 560 849 profecto
600 794 804 848 sapientis
841 793 1047 834 iudicium
1080 809 1104 834 a
1134 792 1291 834 iudicio
1323 792 1440 846 volgi

98 855 368 908 discreparet.
431 852 512 901 Qui
543 856 735 907 praestat
765 852 899 907 igitur
924 852 1178 907 intellegens
1209 850 1440 905 imperito?

97 913 257 968 Magna
293 927 338 953 re
377 914 419 952 et
456 911 640 966 difficili3
690 911 726 952 si
765 911 935 965 quidem
975 924 1180 965 magnum
1219 912 1284 950 est
1322 909 1443 963 scire,

99 971 253 1026 quibus
285 971 412 1012 rebus
444 970 655 1011 efficiatur
682 969 964 1013 ¹amittaturve
991 969 1167 1010 dicendo
1192 968 1300 1009 illud
1326 967 1443 1021 quid-

47 1047 79 1072 15
100 1030 201 1085 quid
233 1032 316 1084 est,
361 1029 473 1082 quod
511 1031 585 1069 aut
623 1027 735 1069 effici
773 1027 949 1069 dicendo
990 1029 1160 1081 oportet
1193 1029 1268 1067 aut
1301 1025 1443 1066 amitti

98 1103 185 1130 non
223 1090 404 1142 oportet.
465 1086 665 1127 Praestat
707 1085 837 1127 etiam
876 1085 951 1127 illo
992 1086 1143 1127 doctus
1183 1084 1352 1125 auditor
1382 1084 1443 1124 in-

99 1147 238 1201 docto,
265 1146 378 1200 quod
404 1159 542 1200 saepe,
574 1159 671 1186 cum
698 1147 888 1185 oratores
917 1144 999 1185 duo
1027 1147 1101 1184 aut
1126 1143 1268 1198 plures
1294 1142 1443 1197 populi

98 1205 256 1247 iudicio
294 1204 551 1259 probantur,
595 1203 708 1257 quod
747 1202 912 1244 dicendi
951 1217 1084 1257 genus
1125 1205 1349 1256 optumum
1388 1201 1445 1242 sit
1501 1206 1508 1209 ’

98 1263 324 1318 intellegit.
385 1261 499 1303 Nam
529 1261 648 1316 illud,
685 1261 799 1315 quod
829 1261 989 1316 populo
1021 1275 1109 1301 non
1138 1260 1359 1315 probatur,
1389 1273 1442 1300 ne

48 1340 82 1365 <20
100 1321 370 1376 intellegenti
396 1320 567 1374 quidem
599 1319 785 1361 auditori
815 1319 992 1374 probari
1022 1321 1178 1373 potest.
1239 1318 1300 1359 Ut
1331 1318 1445 1358 enim

101 1395 152 1422 ex
188 1393 417 1421 nervorum
456 1392 561 1419 sono
598 1378 644 1418 in
680 1378 836 1419 fidibus
875 1392 1003 1431 quam
1042 1377 1225 1418 scienter
1256 1377 1295 1417 ei
1331 1375 1445 1430 pulsi

102 1439 189 1480 sint
224 1437 418 1492 intellegi
457 1437 581 1477 solet:
633 1436 693 1477 sic
731 1450 782 1476 ex
820 1435 1061 1476 animorum
1098 1438 1219 1476 motu
1258 1434 1446 1476 cernitur

103 1497 204 1551 quid
229 1495 463 1537 tractandis
488 1495 556 1536 his
581 1494 775 1549 perficiat
802 1497 957 1535 orator.
1007 1493 1159 1547 Itaque
1190 1493 1517 1547 intellegens200

103 1555 269 1597 dicendi
301 1554 594 1607 existumator,
632 1567 720 1594 non
752 1553 947 1594 adsidens
981 1555 1023 1593 et
1055 1552 1226 1593 adtente
1259 1552 1447 1604 audienS,

50 1630 84 1656 25
105 1614 177 1655 sed
202 1628 287 1654 uno
315 1615 490 1667 aspectu
510 1615 552 1653 et
573 1611 835 1666 praeteriens
857 1611 906 1652 de
928 1613 1097 1652 oratore
1124 1625 1248 1664 saepe
1273 1610 1446 1651 iudicat.

102 1672 233 1714 Videt
269 1671 524 1713 oscitantem
554 1670 751 1724 iudicem,
780 1669 1028 1723 loquentem
1055 1683 1146 1710 cum
1183 1669 1330 1723 altero,
1360 1682 1448 1708 non

103 1745 338 1784 numquam
358 1730 488 1770 etiam
508 1729 799 1783 circulantem,
821 1727 1065 1769 mittentem
1086 1728 1139 1768 ad
1157 1727 1299 1781 horas,
1325 1741 1449 1780 quae-

105 1789 282 1830 sitorem
312 1791 362 1829 ut
399 1787 588 1828 dimittat
625 1789 866 1841 rogantem:
909 1785 1126 1839 intellegit
1159 1788 1373 1826 oratorem
1403 1784 1449 1824 in

106 1861 156 1888 ea
188 1861 316 1888 causa
354 1860 442 1886 non
479 1846 643 1900 adesse,
681 1845 754 1899 qui
791 1845 930 1899 possit
968 1844 1122 1885 animis
1159 1843 1348 1885 iudicum
1381 1843 1449 1884 ad-

54 1922 87 1947 30
106 1919 276 1946 movere
309 1903 547 1945 orationem
577 1906 799 1958 tamquam
828 1903 984 1943 fidibus
1016 1917 1200 1943 manum.
1261 1901 1381 1942 Idem
1413 1901 1450 1942 si

106 1962 367 2018 praeteriens
401 1961 613 2016 aspexerit
644 1965 808 2003 erectos
839 1961 1048 2001 intuentis
1079 1960 1259 2014 iudices,
1295 1963 1345 2000 ut
1376 1962 1450 2001 aut

108 2021 250 2063 doceri
276 2021 325 2061 de
351 2034 396 2061 re
423 2020 550 2073 idque
583 2020 713 2061 etiam
743 2019 864 2061 voltu
895 2019 1077 2073 probare
1108 2018 1343 2071 videantur,
1377 2020 1450 2058 aut

107 2083 157 2121 ut
189 2094 309 2120 avem
348 2081 474 2120 cantu
512 2078 654 2131 aliquo
691 2078 752 2120 sic
782 2078 881 2118 illos
913 2077 1067 2118 viderit
1101 2076 1293 2117 oratione
1327 2075 1449 2130 quasi

110 2151 339 2192 suspensos
377 2136 513 2177 teneri
544 2139 637 2191 aut,
675 2136 719 2177 id
751 2136 878 2190 quod·
900 2135 1083 2176 maxime
1117 2149 1222 2189 opus
1256 2137 1338 2189 est,
1375 2133 1451 2175 mi-

56 2212 91 2238 35
111 2196 341 2238 sericordia
382 2194 478 2235 odio
519 2197 640 2235 motu
684 2192 815 2235 animi
859 2193 1002 2247 aliquo
1042 2193 1317 2247 perturbatos
1359 2205 1450 2233 esse

109 2253 420 2296 vehementius:
464 2267 514 2293 ea
546 2251 581 2293 si
611 2253 891 2306 praeteriens,
927 2254 977 2293 ut
1008 2251 1113 2306 dixi,
1151 2250 1382 2305 aspexerit,
1415 2248 1451 2289 si

108 2312 218 2354 nihil
250 2310 471 2366 audiverit,
501 2313 646 2352 tamen
677 2313 890 2352 oratorem
920 2309 1080 2352 versari
1111 2309 1157 2350 in
1187 2309 1262 2349 illo
1292 2307 1451 2349 iudicio

181 2386 252 2413 010.
271 2388 294 2413 1.
315 2388 338 2413 2.
1126 2379 1167 2411 18

1455 825 1514 867 54

1446 894 1512 926 199
