1643 2526
183 97 272 138 370
755 97 950 132 ORATOR

184 194 311 247 gusta
343 195 417 233 aut
449 192 658 233 dissoluta
683 195 757 233 aut
788 192 924 233 fluens
957 192 1014 233 sit
1046 192 1195 233 oratio.
1256 192 1406 247 Itaque
1437 207 1526 233 non

184 254 284 291 sunt
316 250 361 290 in
392 264 441 291 ea
472 253 692 303 tamquam
724 250 892 291 tibicini
923 250 1247 304 percussionum
1279 251 1412 305 modi,
1452 251 1525 292 sed

183 308 381 350 universa
419 308 742 362 comprehensio
781 312 822 349 et
862 308 1022 362 species
1062 309 1268 350 orationis
1307 309 1451 350 clausa
1482 312 1525 350 et

183 366 413 408 terminata
444 369 520 420 est,
553 367 664 421 quod
695 367 915 421 voluptate
949 367 1115 408 aurium
1145 367 1368 408 iudicatur.

304 423 421 465 Solet
459 428 602 465 autem
641 425 785 479 quaeri
826 427 975 466 totone
1012 425 1058 466 in
1095 425 1261 466 ambitu
1296 426 1524 467 verborum

184 483 350 523 numeri
387 483 558 524 tenendi
597 483 683 524 sint
721 498 775 524 an
811 483 857 523 in
892 483 1042 537 primis
1080 483 1273 538 partibus
1316 487 1442 537 atque
1479 484 1526 524 in

185 541 403 596 extremis,
422 541 612 595 plerique
627 541 740 582 enim
754 545 928 582 censent
944 542 1091 582 cadere
1111 544 1281 583 tantum
1299 556 1525 583 numerose

186 602 382 653 oportere
420 599 724 653 terminarique
763 600 1030 641 sententiam.
1092 600 1173 640 Est
1205 603 1366 654 autem,
1403 603 1452 641 ut
1482 600 1525 640 id

184 657 367 698 maxime
399 658 558 712 deceat,
589 672 675 698 non
701 661 748 698 ut
776 658 931 712 solum3
961 658 1180 712 ponendus
1214 661 1279 699 est
1310 658 1423 699 enim
1452 658 1524 699 ille

185 716 386 770 ambitus,
416 730 504 756 non
536 715 793 756 abiciendus,
843 715 981 764 Quare
1014 731 1110 757 cum
1137 731 1259 757 aures
1286 719 1523 757 extremum

185 788 351 828 semper
382 776 605 828 expectent
635 774 680 814 in
712 788 845 828 eoque
878 774 1164 829 adquiescant,
1196 774 1240 815 id
1271 789 1420 816 vacare
1451 789 1525 815 nu-

184 846 301 872 mero
329 846 416 872 non
443 835 624 885 oportet,
657 832 729 872 sed
762 832 814 872 ad
844 832 957 873 hunc
990 832 1151 873 exitum
1182 835 1327 873 tamen
1359 847 1383 873 a
1412 833 1526 887 prin-

186 889 297 944 cipio
329 889 431 930 ferri
464 890 589 930 debet
623 891 850 931 verborum
887 890 962 931 illa
1000 890 1320 945 comprehensio
1359 894 1401 932 et
1432 893 1526 932 tota

186 964 209 988 a
240 948 379 1002 capite
410 948 473 989 ita
504 948 646 1002 fluere,
677 952 725 989 ut
757 949 809 989 ad
838 951 1075 990 extremum
1100 949 1272 990 veniens
1304 949 1398 1003 ipsa
1430 963 1525 991 con-

116 1006 324 1047 200sistat.
391 1006 441 1047 Id
485 1009 628 1047 autem
665 1007 779 1047 bona
817 1006 1041 1060 disciplina
1073 1007 1334 1062 exercitatis,
1371 1007 1444 1061 qui
1482 1011 1525 1048 et

186 1064 322 1105 multa
366 1064 613 1118 scripserint
657 1067 699 1105 et
737 1079 1027 1119 quaecumque
1068 1065 1197 1106 etiam
1236 1066 1326 1106 sine
1365 1065 1524 1120 scripto

185 1122 374 1163 dicerent
406 1122 562 1163 similia
595 1122 852 1177 scriptorum
885 1123 1113 1178 effecerint,
1143 1137 1229 1164 non
1255 1123 1336 1164 erit
1362 1123 1526 1165 difficil-

185 1180 346 1221 limum.
407 1180 520 1221 Ante
564 1180 677 1221 enim
720 1181 1085 1222 circumscribitur
1128 1184 1269 1222 mente
1314 1182 1525 1222 sententia

187 1238 497 1291 confestimque
523 1239 653 1279 verba
679 1242 949 1292 concurrunt,
981 1253 1087 1293 quae
1113 1254 1232 1280 mens
1260 1240 1417 1294 eadem,
1443 1254 1526 1293 qua

185 1296 293 1336 nihil
320 1299 384 1337 est
411 1296 600 1349 celerius,
633 1296 781 1337 statim
807 1297 1000 1351 dimittit,
1030 1300 1078 1338 ut
1104 1312 1180 1339 suo
1208 1298 1404 1351 quodque
1429 1298 1524 1339 loco

186 1354 458 1407 respondeat,
503 1369 683 1408 quorum
722 1355 950 1409 discriptus
991 1356 1092 1396 ordo
1132 1355 1236 1396 alias
1270 1356 1353 1397 alia
1384 1356 1526 1397 termi-

186 1412 359 1453 natione
404 1412 683 1454 concluditur.
745 1412 888 1466 Atque
934 1413 1077 1454 omm‘a
1116 1413 1191 1454 illa
1228 1417 1271 1454 et
1308 1414 1446 1468 prima
1484 1418 1526 1455 et

117 1470 326 1511 201media
356 1471 486 1511 verba
523 1473 714 1524 spectare
753 1471 908 1512 debent
945 1472 997 1512 ad
1033 1472 1243 1513 ultimum.
1305 1472 1526 1513 Interdum

187 1528 299 1568 enim
332 1543 478 1569 cursus
512 1532 576 1569 est
607 1528 653 1569 in
690 1529 882 1570 oratione
919 1529 1157 1584 incitatior,
1193 1530 1409 1571 interdum
1440 1545 1527 1571 mo-

187 1587 334 1626 derata
366 1586 607 1643 ingressio,
656 1589 705 1627 ut
746 1587 832 1627 iam
877 1602 901 1627 a
942 1588 1153 1642 principio
1198 1588 1424 1629 videndum
1470 1589 1526 1630 sit

187 1658 313 1697 quem
353 1644 405 1684 ad
437 1645 610 1685 modum
641 1645 746 1685 velis
779 1645 920 1685 venire
960 1646 1012 1686 ad
1050 1649 1298 1687 extremum.
1359 1646 1450 1688 Nec
1481 1647 1527 1687 in

185 1702 373 1742 numeris
406 1701 543 1756 magis
577 1717 703 1756 quam
734 1703 779 1742 in
810 1703 985 1756 reliquis
1014 1704 1274 1744 ornamentis
1307 1704 1527 1759 orationis,

187 1760 333 1800 eadem
355 1774 454 1801 cum
479 1759 685 1801 faciamus
713 1774 819 1813 quae
851 1764 1015 1814 poetae,
1049 1762 1274 1816 effugimus
1307 1765 1452 1803 tamen
1481 1763 1527 1803 in

187 1818 379 1858 oratione
416 1818 628 1871 poematis
668 1818 1004 1859 similitudinem.
1066 1819 1146 1860 Est
1184 1820 1297 1860 enim
1333 1820 1379 1861 in
1410 1824 1526 1862 utro-

113 402 168 443 59

117 471 180 501 199

187 1890 267 1929 que
300 1879 342 1916 et
373 1876 552 1916 materia
585 1879 628 1917 et
659 1876 878 1917 tractatio:
923 1877 1103 1918 materia
1139 1877 1184 1918 in
1221 1878 1380 1932 verbis,
1417 1882 1525 1920 trac·
1546 1898 1560 1922 3

116 1935 172 1975 60
186 1934 294 1974 tatio
327 1934 371 1974 in
403 1934 696 1975 conlocatione
734 1935 973 1975 verborum.
1034 1935 1195 1976 Ternae
1241 1939 1382 1977 autem
1427 1939 1527 1978 sunt

186 1991 408 2044 utriusque
440 1995 601 2046 partes:
634 1993 862 2033 verborum
890 1993 1107 2047 tralatum,
1138 1991 1309 2048 novum,
1338 1994 1527 2049 priscum

185 2073 243 2078 —-
273 2064 372 2090 nam
405 2050 453 2090 de
485 2050 669 2104 propriis
702 2051 810 2091 nihil
841 2051 921 2092 hoc
952 2051 1046 2092 loco
1081 2052 1260 2093 dicimus
1297 2070 1366 2107 —3
1401 2053 1526 2094 collo-

187 2107 367 2148 cationis
401 2111 543 2148 autem
576 2123 661 2163 eae,
693 2124 797 2162 quas
830 2109 1026 2163 diximus,
1062 2110 1329 2165 compositio,
1361 2111 1528 2152 concin-

1545 735 1579 759 10

1546 1025 1578 1050 15

1546 1317 1579 1342 20

1546 1607 1578 1633 25

115 2165 311 2218 202m'tas‚
341 2179 553 2206 numerus.
618 2166 698 2207 Sed
726 2167 772 2207 in
797 2170 977 2220 utroque
1009 2168 1319 2222 frequentiores
1353 2172 1452 2210 sunt
1484 2172 1526 2210 et
1545 2185 1580 2212 35

184 2223 406 2264 liberiores
438 2227 609 2279 poetae,
652 2239 751 2265 nam
784 2228 826 2265 et
856 2226 1122 2267 transferunt
1155 2227 1283 2267 verba
1315 2241 1411 2268 cum
1443 2241 1527 2268 cre-

184 2281 303 2322 brius
336 2285 429 2323 tum
462 2282 591 2323 etiam
624 2283 824 2324 audacius
854 2286 896 2324 et
927 2283 1079 2337 priscis
1111 2284 1315 2325 libentius
1348 2287 1528 2326 utuntur
