1643 2526
187 96 273 136 364
764 95 956 130 ORATOR

187 206 315 233 causa
341 194 579 245 quaeratur.
631 190 746 239 Quae
774 191 833 232 sic
860 194 1007 245 aperta
1032 194 1108 245 est,
1133 193 1182 232 ut
1206 191 1335 232 mirer
1360 195 1524 234 veteres

185 264 273 290 non
305 264 395 290 esse
428 252 685 296 commotos,
720 249 972 304 praesertim
1008 264 1122 303 cum,
1159 252 1207 290 ut
1238 250 1306 302 fit,
1343 250 1523 292 fortuito

188 323 311 373 saepe
350 307 510 361 aliquid
549 298 746 348 concluse
788 310 969 362 apteque
1008 307 1207 349 dicerent.
1269 307 1392 356 Quod
1429 324 1525 350 cum

187 367 350 408 animos
370 366 594 406 hominum
615 366 810 420 aurisque
829 366 1077 420 pepulisset,
1099 369 1148 407 ut
1165 366 1360 422 intellegi
1378 370 1526 421 posset

185 425 229 465 id
261 424 374 478 quod
412 439 534 465 casus
567 424 785 465 effudisset
817 425 1018 465 cecidisse
1052 424 1252 479 iucunde,
1288 426 1524 466 notandum
1562 444 1578 469 5

187 486 299 524 certe
338 497 472 537 genus
511 486 638 536 atque
675 483 758 537 ipsi
794 482 876 523 sibi
907 483 1105 523 imitandi
1141 483 1326 524 fuerunt.
1387 483 1525 525 Aures

184 541 302 595 ipsae
329 541 442 582 enim
467 541 534 582 vel
560 541 725 582 animus
753 541 920 582 aurium
950 541 1102 582 nuntio
1133 541 1372 583 naturalem
1399 556 1527 595 quan-

118 600 284 640 178dam
308 599 354 639 in
375 614 418 640 se
441 599 632 640 continet
656 614 809 641 vocum
836 599 1027 640 omnium
1052 600 1325 641 mensionem.
1375 600 1525 654 Itaque

187 661 229 699 et
254 657 451 712 longiora
477 660 519 698 et
544 657 741 698 breviora
765 658 926 699 iudicat
952 661 994 698 et
1019 657 1207 711 perfecta
1233 673 1281 699 30
1307 659 1527 699 moderata

188 731 353 770 semper
385 719 597 770 expectat3
641 716 793 756 mutila
830 716 961 757 sentit
993 716 1200 770 quaedam
1232 720 1274 757 et
1307 716 1429 770 quasi
1460 717 1527 758 de-
1546 735 1579 759 10

187 778 373 828 curtata,
411 774 564 827 quibus
604 777 809 827 tanquam
847 774 990 815 debito
1028 774 1249 815 fraudetur
1287 775 1527 830 offenditur,

185 833 462 888 productiora
493 832 636 886 aliqua
668 836 710 873 et
742 832 864 885 quasi
893 832 1215 874 immoderatius
1249 833 1528 887 excurrentia,

188 905 294 946 quae
337 890 474 946 magis
520 891 648 931 etiam
694 894 974 945 aspernantur
1015 905 1154 944 aures3
1200 892 1313 944 quod
1350 906 1446 933 cum
1481 892 1528 932 in

186 949 399 1004 plerisque
431 952 523 990 tum
554 949 600 989 in
630 949 711 990 hoc
739 963 890 1004 genere
915 949 1095 990 nimium
1122 950 1235 1003 quod
1261 952 1326 990 est
1351 950 1527 991 offendit

187 1008 480 1049 vehementius
514 1022 640 1061 quam
671 1008 715 1048 id
747 1008 858 1061 quod
889 1008 1057 1048 videtur
1087 1023 1249 1062 parum.
1304 1007 1364 1049 Ut
1393 1008 1528 1063 igitur
1547 1027 1579 1051 15

186 1066 379 1121 poeticae
399 1080 546 1107 versus
566 1065 764 1106 inventus
785 1069 850 1106 est
867 1066 1167 1107 terminatione
1188 1066 1367 1120 aurium,
1388 1067 1528 1107 obser-

187 1125 358 1165 vatione
384 1123 668 1178 prudentium,
701 1124 761 1165 sic
786 1124 832 1164 in
858 1124 1051 1165 oratione
1084 1124 1425 1165 animadversum
1450 1128 1526 1177 est,

188 1183 325 1224 multo
345 1183 452 1223 illud
473 1182 643 1236 quidem
664 1182 810 1236 serius,
830 1182 902 1223 sed
925 1183 1071 1223 eadem
1089 1186 1243 1223 natura
1263 1183 1528 1237 admonente,

189 1256 280 1282 esse
307 1241 513 1294 quosdam
540 1244 678 1281 certos
705 1255 853 1281 cursus
886 1241 1262 1294 conclusionesque
1288 1241 1526 1282 verborum.

121 1310 184 1340 179
307 1299 518 1347 Quoniam
555 1298 690 1353 igitur
728 1314 899 1340 causam
938 1313 1106 1352 quoque
1140 1299 1421 1353 ostendimus,
1456 1314 1527 1340 na·
1547 1319 1581 1343 20

188 1362 329 1398 turam
361 1372 471 1398 nunc
509 1381 558 1386 —
592 1357 636 1397 id
668 1357 781 1397 enim
807 1360 897 1398 erat
928 1357 1105 1398 tertium
1140 1382 1187 1386 —
1226 1357 1261 1398 si
1291 1358 1432 1412 placet
1463 1373 1529 1399 ex-

186 1416 412 1471 plicemus,
443 1430 550 1469 quae
577 1415 810 1469 disputatio
836 1430 923 1456 non
948 1415 1074 1456 huius
1098 1415 1289 1456 instituti
1321 1416 1527 1457 sermonis

189 1478 271 1528 est,
314 1475 387 1515 sed
425 1474 528 1514 artis
567 1474 755 1515 intimae.
818 1474 974 1523 Quaeri
1011 1474 1125 1515 enim
1160 1477 1322 1529 potest,
1362 1474 1435 1528 qui
1472 1475 1529 1515 sit

189 1533 395 1574 orationis
426 1547 628 1573 numerus
662 1535 704 1573 et
735 1532 809 1573 ubi
841 1532 897 1573 sit
928 1532 1094 1586 positus
1123 1535 1164 1573 et
1190 1536 1317 1573 natus
1350 1547 1401 1573 ex
1433 1547 1529 1587 quo,

189 1595 231 1632 et
255 1591 292 1632 is
318 1606 482 1631 unusne
511 1591 567 1631 sit
593 1606 646 1631 an
678 1591 760 1631 duo
788 1606 841 1631 an
865 1591 1007 1645 plures
1035 1605 1199 1645 quaque
1227 1591 1391 1631 ratione
1418 1605 1528 1632 com·
1548 1609 1581 1634 25

187 1652 373 1704 ponatur
411 1653 453 1689 et
491 1649 543 1689 ad
581 1664 708 1702 quam
745 1664 835 1690 rem
873 1652 914 1689 et
952 1649 1118 1702 quando
1157 1652 1199 1689 et
1237 1663 1321 1702 quo
1358 1649 1453 1689 loco
1485 1653 1529 1690 et

121 1718 315 1762 180quem
330 1708 381 1748 ad
396 1707 570 1747 modum
591 1706 807 1747 adhibitus
828 1707 989 1760 aliquid
1002 1706 1236 1760 voluptatis
1252 1707 1412 1747 afferat.
1447 1705 1529 1748 Sed

191 1770 237 1807 ut
268 1766 314 1806 in
350 1765 563 1820 plerisque
601 1765 727 1805 rebus
768 1764 827 1806 sic
858 1765 904 1805 111
935 1765 1014 1806 1130
1053 1765 1207 1818 duplex
1245 1768 1310 1805 est
1341 1765 1529 1806 conside-

189 1824 311 1865 randi
342 1824 428 1877 via,
467 1838 646 1877 quarum
685 1823 818 1864 altera
855 1826 920 1864 est
950 1823 1139 1878 longior,
1176 1823 1346 1864 brevior
1383 1823 1529 1877 altera,

118 1883 175 1923 54
190 1883 337 1924 eadem
369 1882 498 1923 etiam
529 1882 708 1936 planior.
769 1881 851 1922 Est
883 1884 1026 1922 autem
1055 1881 1264 1936 longioris
1289 1882 1430 1935 prima
1453 1882 1529 1923 illa
1547 1900 1581 1925 30

191 1941 384 1995 quaestio
424 1940 534 1981 sitne
573 1940 745 1981 omnino
780 1940 868 1980 ulla
898 1954 1127 1980 numerosa
1159 1940 1314 1994 oratio3
1359 1940 1529 1993 quibus—

191 2001 288 2040 dam
320 1999 433 2040 enim
463 2013 551 2039 non
575 1999 754 2052 videtur,
786 1997 885 2051 quia
914 1998 1022 2038 nihil
1052 1998 1157 2038 insit
1186 1998 1233 2038 in
1264 2013 1313 2039 ea
1344 1998 1450 2039 certi
1480 2002 1529 2039 ut

190 2058 235 2098 111
265 2057 477 2111 versibus,
515 2060 557 2097 et
589 2057 700 2110 quod
731 2056 832 2110 ipsi,
873 2056 944 2109 qui
983 2056 1197 2097 affirment
1229 2071 1320 2097 esse
1352 2071 1424 2097 eos
1454 2071 1529 2097 nu-

191 2130 343 2170 meros,
374 2115 585 2156 rationem
618 2130 692 2156 cur
718 2115 804 2155 sint
827 2128 914 2155 non
941 2118 1097 2168 queant
1122 2115 1305 2155 reddere.
1354 2114 1529 2168 Deinde,

193 2175 228 2215 si
261 2174 317 2215 sit
347 2188 549 2214 numerus
581 2174 626 2213 in
659 2173 868 2227 oratione,
909 2173 1045 2226 qualis
1086 2173 1142 2213 sit
1180 2175 1253 2213 aut
1286 2172 1450 2227 quales,
1486 2176 1529 2213 et
1547 2190 1580 2215 35

193 2248 214 2274 e
240 2232 475 2286 poeticisne
507 2231 695 2272 numeris
729 2246 783 2272 an
814 2246 863 2272 ex
890 2231 973 2272 alio
1008 2245 1159 2286 genere
1192 2231 1376 2285 quodam
1407 2233 1461 2285 et,
1492 2231 1528 2271 si

192 2306 214 2332 e
239 2290 433 2345 poeticis,
465 2290 558 2345 quis
591 2304 737 2330 eorum
770 2290 826 2330 sit
858 2292 931 2330 aut
959 2291 1048 2345 qui3
1077 2304 1260 2343 namque
1293 2289 1386 2330 aliis
1418 2303 1528 2330 unus
