1643 2526
357 111 500 146 LIBER
523 111 585 146 111.
635 110 735 146 CAP.
762 112 910 145 48—49.
961 113 980 152 ἓ
1009 113 1204 145 183-188.
1366 109 1448 149 211

115 211 368 262 anapaestus
400 207 617 262 procerior
654 206 825 260 quidam
864 220 1066 246 numerus
1106 204 1320 258 ecfloruit,
1354 204 1453 244 inde

114 267 185 307 ille
229 266 426 307 licentior
470 268 512 306 et
556 265 729 306 divitior
772 264 897 305 fluxit
941 263 1256 317 dithyrambus,
1300 262 1452 316 quoius

115 325 307 365 membra
338 327 381 365 et
412 324 551 378 pedes,
582 326 631 364 ut
663 323 722 364 ait
753 323 878 377 idem,
912 325 1012 363 sunt
1036 322 1082 362 in
1109 322 1225 363 omni
1250 320 1455 375 locupleti

117 383 308 424 oratione
352 382 522 436 diffusa3
566 385 626 436 et,
670 382 705 423 si
747 395 1023 422 numerosum
1067 384 1132 421 est
1171 381 1217 421 in
1256 379 1454 420 omnibus

81 460 96 484 5
118 441 233 482 sonis
261 444 387 494 atque
413 441 603 494 vocibus,
630 440 742 494 quod
767 440 897 481 habet
923 439 1128 493 quasdam
1153 438 1457 493 impressiones

117 503 159 541 61
191 499 304 553 quod
335 499 477 540 metiri
508 513 736 552 possumus
767 498 1003 539 intervallis
1037 498 1305 552 aequalibus,
1341 499 1459 537 recte

119 572 251 614 genus
283 557 364 598 hoc
396 571 684 611 numerorum,
715 557 944 597 dummodo
977 570 1029 596 ne
1057 556 1250 597 continui
1283 555 1381 609 sint,
1411 555 1460 595 in

119 616 325 657 orationis
366 616 489 656 laude
530 616 716 669 ponitur.
777 614 891 656 Nam
936 615 971 656 si
1012 614 1129 655 rudis
1174 617 1216 655 et
1259 613 1458 668 impolita

117 675 349 730 putandast
386 674 461 714 illa
500 674 589 714 sine
627 674 864 714 intervallis
901 673 1140 728 loquacitas
1178 672 1376 727 perennis
1415 674 1458 712 et

67 750 99 775 ιο
117 733 352 788 profluens,
390 732 490 785 quid
528 747 656 773 631153
694 732 808 772 31111(1
841 747 915 773 cur
946 732 1192 786 repudietur
1222 730 1307 771 nisi
1345 730 1459 784 quod

119 791 342 832 hominum
363 805 485 831 aures
506 805 655 831 vocem
673 794 827 831 natura
852 791 1126 831 modulantur
1150 789 1298 844 ipsae?
1337 788 1459 837 Quod

118 850 224 904 fieri,
248 849 332 890 nisi
358 849 470 889 inest
495 863 697 889 numerus
723 849 767 889 in
793 863 908 902 voce,
932 863 1019 889 non
1044 851 1199 902 potest.
1242 847 1531 889 Numerum&

121 911 264 949 autem
288 907 334 947 in
360 907 681 948 continuatione
707 907 850 947 nullus
879 910 960 961 est3
993 907 1212 948 distinctio
1240 909 1282 947 et
1309 921 1461 960 aequa-

119 967 226 1007 lium
258 968 332 1007 aut
364 980 488 1019 saepe
520 966 736 1006 variorum
773 965 1098 1006 intervallorum
1136 965 1354 1019 percussio
1386 979 1464 1005 nu-

70 1044 100 1068 15
120 1039 285 1066 merum
335 1024 522 1077 conficit;
574 1038 700 1077 quem
747 1024 793 1064 in
843 1023 1092 1064 cadentibus
1143 1023 1298 1078 guttis,
1348 1023 1466 1077 quod

119 1082 356 1124 intervallis
401 1082 740 1136 distinguontur,
783 1085 932 1122 notare
969 1096 1217 1135 possumus,
1259 1082 1305 1122 in
1345 1081 1461 1122 amni

120 1140 429 1196 praecipitante
454 1154 542 1180 non
566 1154 806 1194 possumus.
868 1139 990 1188 Quod
1017 1140 1052 1181 si
1079 1140 1346 1182 continuatio
1373 1155 1462 1181 ver-

122 1200 274 1240 borum
304 1198 409 1239 haec
443 1198 584 1239 soluta
615 1199 752 1239 multo
785 1202 849 1239 est
883 1198 1023 1253 aptior
1061 1213 1109 1240 ac
1146 1198 1388 1253 iucundior,
1426 1198 1463 1239 si
1502 1203 1508 1206 '

122 1261 186 1298 est
213 1256 405 1298 articulis
432 1256 718 1310 membrisque
745 1257 960 1310 distincta,
992 1272 1119 1311 quam
1145 1257 1180 1298 si
1214 1257 1464 1298 continuata

69 1334 102 1358 20
123 1330 170 1356 ac
210 1315 430 1369 producta,
470 1315 662 1355 membra
700 1315 775 1355 illa
816 1315 1061 1356 modificata
1100 1330 1191 1356 esse
1229 1315 1462 1369 debebunt3

123 1388 229 1428 quae
257 1373 291 1414 si
317 1373 362 1412 in
388 1375 577 1413 extremo
603 1373 800 1413 breviora
827 1376 938 1427 sunt,
964 1373 1217 1428 infringitur
1241 1374 1313 1414 ille
1341 1374 1463 1427 quasi

122 1432 349 1472 verborum
370 1430 576 1485 ambitus,
603 1431 662 1471 sic
690 1431 802 1471 enim
821 1431 898 1472 has
927 1431 1133 1472 orationis
1160 1432 1462 1472 convorsiones

125 1489 276 1530 Graeci
308 1489 542 1529 nominant.
593 1488 730 1537 Quare
764 1492 837 1530 aut
867 1490 988 1543 paria
1020 1504 1111 1530 6556
1144 1490 1298 1530 debent
1323 1493 1465 1544 poste-

123 1548 237 1588 riora
263 1547 554 1601 superioribus
581 1550 623 1587 et
649 1551 838 1588 extrema
862 1548 1011 1601 primis
1040 1551 1125 1601 aut,
1152 1548 1264 1601 quod
1291 1548 1463 1589 etiamst
1476 1571 1532 1611 49

71 1623 102 1648 25
123 1606 274 1647 melius
307 1608 349 1646 et
379 1605 618 1659 iucundius,
648 1605 855 1660 longiora.
899 1606 1043 1659 Atque
1075 1606 1179 1647 11366
1212 1606 1382 1659 quidem
1409 1607 1461 1647 ab

123 1664 190 1705 his
221 1663 502 1718 philosophis,
534 1678 640 1717 quos
672 1667 720 1704 tu
751 1664 934 1704 maxime
967 1664 1123 1719 diligis,
1155 1663 1318 1719 Catule,
1350 1665 1463 1705 dicta

124 1725 243 1772 sunt3
270 1722 383 1775 quod
404 1736 452 1762 eo
475 1722 642 1775 saepius
664 1722 884 1776 testificor,
904 1725 951 1763 ut
972 1723 1219 1763 auctoribus
1239 1723 1462 1764 laudandis

123 1780 383 1835 ineptiarum
415 1780 573 1820 crimen
606 1780 818 1835 effugiam.
870 1780 1057 1828 Quarum
1089 1782 1291 1822 tandem?
1323 1782 1463 1836 inquit

125 1837 316 1892 Catulus,
348 1841 421 1878 aut
454 1838 554 1892 quid
587 1838 877 1892 disputatione
909 1839 993 1880 ista
1027 1839 1182 1880 adferri
1207 1843 1352 1893 potest
1385 1840 1465 1880 ele-

72 1914 106 1938 30
126 1896 297 1951 gantius
338 1899 411 1936 aut
449 1896 621 1936 omnino
661 1896 743 1938 dici
776 1897 1005 1950 suptilius?
1061 1893 1272 1938 At'enim
1304 1908 1532 1952 vereor,188

107 1954 264 2009 ‘inquit
297 1952 489 2008 Crassus,
519 1968 571 1995 ne
602 1955 707 1995 haec
740 1958 813 1996 aut
840 1955 1082 1996 difficiliora
1112 1955 1209 1996 istis
1242 1957 1294 1996 ad
1324 1971 1463 2011 perse-

126 2013 340 2066 quendum
372 2026 461 2052 6556
501 2012 725 2054 videantur
763 2016 854 2067 aut,
892 2014 991 2067 quia
1027 2028 1115 2054 non
1151 2014 1380 2055 traduntur
1416 2015 1463 2055 in

124 2070 289 2125 volgari
326 2070 411 2110 ista
449 2070 690 2125 disciplina,
729 2086 807 2112 nos
846 2086 895 2112 ea
932 2072 1094 2112 maiora
1133 2087 1180 2113 36
1219 2073 1461 2114 difficiliora

124 2129 257 2170 videri
300 2127 407 2168 velle
447 2128 674 2170 videamur.
736 2129 844 2170 Tum
885 2128 1081 2171 Catulus:
1122 2130 1271 2185 Erras,
1306 2132 1461 2185 inquit,

73 2203 106 2228 35
127 2185 295 2241 Crasse,
334 2186 369 2226 si
408 2189 481 2226 aut
517 2201 583 2227 me
616 2191 689 2229 aut
724 2188 878 2229 horum
911 2202 1166 2242 quemquam
1196 2192 1323 2243 putas
1363 2205 1387 2230 a
1418 2193 1459 2229 te

125 2245 229 2286 haec
274 2259 402 2298 opera
445 2244 659 2286 cotidiana
701 2249 743 2287 61
785 2250 1019 2301 pervagata
1062 2251 1296 2301 expectare.
1357 2247 1460 2300 Ista,

127 2317 232 2357 quae
271 2302 393 2356 dicis,
431 2302 513 2344 dici
551 2303 765 2359 volumus,
800 2319 936 2358 neque
974 2308 1063 2346 tam
1101 2305 1183 2346 dici
1216 2320 1343 2358 quam
1373 2305 1458 2345 isto

1108 2373 1176 2406 14*

1468 1639 1533 1669 187
