1643 2526
380 104 523 138 LIBER
546 103 591 139 Π.
641 102 741 139 OAP.
767 106 823 138 28.
873 106 892 145 ξ
921 106 1117 139 117-124.
1368 102 1422 143 97

83 204 231 244 ornate
269 199 439 255 copiose
476 199 675 253 varieque
714 198 864 240 dicere.
926 197 1064 247 Quare
1100 198 1221 239 illam
1257 182 1494 264 Ρ61136111122ξ

83 259 359 314 superiorem,
390 258 593 312 quoniam
625 257 756 298 semel
787 257 849 298 ita
880 257 1002 298 vobis
1034 256 1216 311 placuit,
1245 269 1334 297 non
1363 270 1425 297 re-

83 318 242 360 cusabo
269 331 353 371 quo
380 316 519 357 minus
545 315 782 371 perpoliam
809 318 936 369 atque
962 315 1187 357 conficiam
1216 339 1265 344 ——
1295 328 1426 369 quan-

85 380 178 418 tum
209 390 457 429 consequar,
488 389 563 415 vos
596 373 841 415 iudicabitis
878 389 948 414 -—-:
981 374 1136 427 quibus
1164 388 1215 414 ex
1239 373 1346 414 10618
1373 372 1425 413 ad

48 449 155 478 5eas
193 434 272 475 tris
310 448 396 487 res,
433 447 541 487 quae
583 433 635 473 ad
674 433 801 473 fidem
838 431 1078 474 faciendam
1117 432 1231 473 solae
1269 431 1426 485 valent,

84 494 264 535 ducatur
297 492 453 543 oratio,
484 494 533 532 ut
566 494 608 532 et
639 490 922 532 concilientur
954 490 1086 531 animi
1118 493 1161 531 et
1193 490 1426 531 doceantur

85 555 128 593 et
164 554 434 603 moveantur3
473 550 578 591 haec
618 551 737 601 [sunt
775 549 888 590 enim
925 549 1028 601 tria]
1068 563 1168 590 vero
1208 563 1335 603 quem
1373 547 1426 588 ad

84 610 260 652 modum
299 609 601 663 inlustremur,
643 610 815 662 praesto
859 610 925 649 est
965 607 1038 662 qui
1084 621 1230 648 omnes
1275 607 1425 648 docere

85 668 236 723 possit,
267 668 340 722 qui
370 668 452 709 1106
483 667 669 721 primum
699 666 745 707 in
775 669 948 707 nostros
980 680 1120 707 mores
1145 665 1327 719 induxit,
1352 664 1427 718 qui

33 745 67 770 10
85 741 282 769 maxume
309 726 440 780 auxit,
472 726 545 779 qui
572 725 688 766 solus
715 724 865 766 effecit.
915 724 1113 778 Namque
1139 738 1233 779 ego,
1264 722 1496 778 Catule,122

85 810 143 816 -—
162 786 300 827 dicam
326 784 440 825 enim
458 798 546 825 non
564 798 760 825 reverens
781 783 1031 824 adsentandi
1051 782 1338 837 suspicionem
1357 806 1427 836 —,

84 844 299 885 neminem
342 857 434 884 esse
482 845 697 883 oratorem
736 841 864 896 paulo
904 841 1199 882 inlustriorem
1240 840 1427 881 arbitror

85 917 222 956 neque
264 901 474 942 Graecum
513 915 649 955 neque
690 899 912 955 Latinum,
953 914 1080 953 quem
1121 902 1238 941 aetas
1278 901 1428 940 nostra

87 960 253 1015 tulerit,
296 974 421 1014 quem
464 973 552 1000 non
595 961 637 1000 ct
682 972 806 1013 saepe
851 961 894 999 et
937 958 1166 1013 diligenter
1209 957 1427 998 audierim.

35 1036 68 1062 15
87 1020 240 1073 Itaque
273 1018 309 1059 si
341 1018 443 1072 quid
475 1020 539 1059 est
564 1017 610 1058 in
635 1031 701 1058 me
727 1041 785 1045 ——
812 1016 925 1070 quod
956 1016 1043 1058 iam
1076 1030 1245 1070 sperare
1270 1015 1429 1069 videor,

89 1078 291 1132 quoniam
337 1076 509 1130 quidem
554 1089 630 1117 vos
675 1075 765 1116 eius
809 1074 971 1129 ingenii
1017 1074 1213 1115 homines
1257 1076 1427 1114 tantum

89 1150 242 1190 operae
274 1135 380 1176 mihi
413 1135 465 1175 ad
496 1134 752 1175 audiendum
784 1133 895 1174 datis
927 1157 997 1188 -—,
1028 1147 1080 1174 ex
1111 1147 1160 1174 60
1199 1135 1277 1186 est,
1315 1132 1429 1186 quod
1487 1158 1494 1161 -

87 1194 197 1236 nihil
223 1193 452 1248 quisquam
477 1207 681 1246 umquam
706 1206 773 1233 me
801 1191 999 1233 audiente
1026 1191 1116 1246 egit
1143 1193 1288 1232 orator
1314 1190 1429 1244 quod

88 1267 176 1294 non
211 1253 259 1293 in
295 1251 501 1293 memoria
538 1265 632 1292 mea
667 1250 840 1305 penitus
876 1250 1093 1291 insederit.
1154 1249 1306 1303 Itaque
1348 1263 1427 1304 ego

36 1329 71 1354 20
88 1312 126 1352 is
159 1311 233 1365 qui
259 1325 366 1364 sum,
397 1312 800 1364 quantusquomque
827 1323 922 1349 sum
948 1309 1001 1349 ad
1025 1308 1312 1362 iudicandum,
1343 1322 1430 1348 om-

88 1370 216 1411 nibus
244 1368 400 1410 auditis
427 1368 669 1409 oratoribus
691 1367 781 1408 sine
801 1367 890 1407 ulla
909 1366 1176 1407 dubitatione
1197 1366 1258 1407 sic
1285 1368 1429 1407 statuo

91 1431 133 1470 et
163 1427 305 1468 iudico
315 1461 325 1481 ,
354 1426 569 1467 neminem
601 1425 792 1466 omnium
823 1428 890 1466 tot
927 1427 970 1465 et
1000 1427 1122 1465 tanta
1153 1427 1314 1478 quanta
1344 1423 1431 1464 sint

89 1487 136 1528 in
167 1485 322 1528 Crasso
354 1484 556 1525 habuisse
584 1486 834 1525 ornamenta
860 1483 1037 1524 dicendi.
1083 1481 1219 1530 Quam
1246 1482 1300 1523 ob
1326 1492 1500 1536 rem,123

92 1545 128 1586 si
148 1558 223 1586 vos
250 1558 419 1598 quoque
444 1543 526 1584 1106
552 1543 665 1583 idem
690 1541 960 1595 existimatis,
984 1555 1072 1582 non
1098 1541 1179 1581 erit
1204 1543 1254 1581 ut
1280 1540 1432 1594 opinor

39 1619 73 1645 25
91 1603 241 1657 iniqua
271 1602 467 1656 partitio,
505 1601 560 1655 si,
598 1615 728 1655 quom
766 1614 845 1656 ego
882 1600 996 1641 hunc
1036 1602 1268 1652 oratorem,
1306 1613 1432 1653 quem

92 1675 205 1702 nunc
254 1661 394 1715 fingo,
442 1662 491 1700 ut
538 1659 728 1713 institui,
778 1673 923 1700 crearo
974 1657 1119 1699 aluero
1164 1657 1433 1711 confirmaro‚

92 1720 260 1761 tradam
292 1733 389 1760 611111
421 1717 576 1760 Crasso
610 1720 652 1758 et
682 1717 951 1758 vestiendum
982 1719 1026 1757 et
1058 1716 1306 1757 ornandum.

211 1777 320 1818 Tum
352 1775 549 1818 Crassus:
581 1775 645 1816 Tu
676 1790 790 1830 vero,
819 1775 973 1829 inquit,
1003 1774 1179 1828 Antoni,
1209 1787 1352 1827 perge,
1383 1775 1503 1814 ut124

92 1835 334 1877 instituisti.
377 1834 527 1888 Neque
553 1834 667 1875 enim
692 1837 758 1875 est
783 1833 886 1874 boni
910 1847 1047 1887 neque
1072 1831 1261 1873 liberalis
1286 1845 1436 1885 paren-

41 1910 76 1936 30
94 1894 170 1949 tis,
201 1908 329 1948 quem
358 1892 595 1947 procrearis
629 1895 672 1933 et
703 1891 916 1946 eduxeris,
953 1905 1050 1932 eum
1080 1904 1168 1931 non
1205 1892 1248 1931 et
1278 1889 1434 1930 vestire

96 1955 139 1994 et
171 1966 334 2005 ornare,
364 1951 616 2006 praesertim
647 1965 777 2005 quom
808 1953 851 1991 te
876 1949 1134 2003 locupletem
1160 1962 1252 1989 esse
1277 1961 1434 2002 negare

94 2024 183 2052 non
212 2010 364 2064 possis.
427 2008 549 2057 Quod
585 2009 699 2050 enim
737 2011 1053 2061 ornamentum,
1090 2021 1198 2061 quae
1236 2005 1320 2060 vis,
1361 2005 1434 2059 qui

97 2069 276 2123 animus,
307 2082 415 2122 quae
447 2066 633 2122 dignitas
663 2067 729 2107 1111
761 2066 922 2108 oratori
954 2065 1101 2120 defuit,
1132 2064 1205 2119 qui
1235 2064 1282 2105 in
1307 2078 1436 2105 causa

95 2126 334 2181 peroranda
363 2139 451 2166 non
482 2125 695 2166 dubitavit
720 2125 905 2166 excitare
936 2138 1057 2165 reum
1089 2122 1357 2164 consularem
1393 2124 1435 2162 et

44 2200 79 2227 35
98 2185 189 2226 eius
214 2184 436 2225 diloricare
467 2183 658 2224 tunicam
683 2186 726 2224 et
749 2183 962 2224 iudicibus
989 2181 1209 2223 cicatrices
1236 2180 1433 2221 adversas

99 2243 211 2284 senis
236 2241 508 2296 imperatoris
535 2241 786 2282 ostendere?
827 2241 900 2295 qui
926 2240 1074 2294 eidem,
1098 2240 1181 2281 1106
1207 2239 1434 2280 accusante

100 2300 288 2355 Sulpicio
326 2314 456 2354 quom
491 2299 710 2341 hominem
747 2299 999 2340 seditiosum
1034 2297 1330 2350 furiosumque
1368 2294 1435 2335 de-

169 2374 239 2400 616.
258 2374 281 2400 1.
302 2375 325 2400 2.
1135 2368 1153 2398 7
