1643 2526
500 97 599 132 GAP.
625 99 776 132 43—45,
825 99 844 138 ξ
873 99 1067 131 147—152.
1366 97 1450 138 353

113 207 240 247 quam
277 191 542 234 suavissimis
574 191 769 246 vocibus,
807 194 881 232 aut
911 193 960 233 ut
991 191 1131 232 forma
1161 191 1255 246 ipsa
1287 192 1454 233 concin-

112 251 308 306 nitasque
340 250 568 291 verborum
600 249 798 292 conficiat
827 249 973 290 orbem
1001 265 1138 305 suum,
1169 253 1243 291 aut
1268 252 1317 291 ut
1343 264 1453 291 com-

111 309 337 364 prehensio
362 322 587 349 numerose
608 311 651 349 et
670 311 768 362 apte
789 308 922 349 cadat.
967 307 1110 363 Atque
1136 308 1243 349 illud
1266 308 1452 363 primum

113 368 330 409 videamus
369 367 491 421 quale
530 366 604 422 sit,
641 367 753 420 quod
789 366 856 407 vel
893 366 1076 408 maxime
1115 367 1326 408 desiderat
1363 367 1453 407 dili-

78 443 94 467 5
115 426 322 481 gentiam,
364 429 414 466 ut
451 425 527 466 fiat
559 425 680 479 quasi
714 427 930 466 structura
963 425 1169 478 quaedam
1199 440 1276 466 nec
1309 428 1453 466 tamen

113 485 188 525 fiat
233 498 427 538 operose3
475 498 576 525 nam
619 486 731 524 esset
773 498 870 525 cum
912 483 1105 524 infinitus
1147 487 1238 524 tum
1277 484 1452 538 puerilis

112 543 252 597 labor3
295 542 407 596 quod
445 542 557 596 apud
587 541 801 583 Lucilium
833 542 938 583 scite
971 542 1162 597 exagitat
1192 542 1238 583 in
1268 542 1452 583 Albucio

115 599 335 642 Scaevola:

172 692 325 742 Quam
362 694 531 748 lepide
571 693 700 734 lexis
741 697 1035 748 compostae
1075 696 1131 735 ut
1171 694 1453 734 tesserulae

63 769 96 793 ιο
1172 766 1340 793 omnes

172 809 294 850 Arte
334 810 627 863 pavimento
670 813 821 864 atque
863 810 1184 908 emblematel
1209 810 1455 909 {er'micu-

1193 883 1216 908 a
1252 882 1295 909 ο.

112 948 226 990 Nolo
246 949 350 990 haec
370 953 461 991 tam
481 950 645 991 minuta
665 950 929 991 constructio
958 952 1179 1004 appareat3
1212 950 1285 991 sed
1309 953 1525 993 tamen15o

114 1007 237 1048 stilus
270 1008 525 1049 exercitatus
553 1008 709 1050 efficiet
741 1008 865 1050 facile
896 1008 1127 1049 formulam
1160 1009 1452 1062 componendi.

63 1084 94 1108 15
113 1065 226 1106 Nam
257 1069 305 1107 ut
335 1066 380 1106 in
410 1066 590 1121 legendo
624 1067 770 1108 oculus
803 1067 863 1108 sic
896 1067 1062 1108 animus
1087 1067 1133 1107 in
1158 1066 1334 1108 dicendo
1360 1082 1455 1121 pro-

114 1124 265 1178 spiciet
297 1124 398 1178 quid
436 1127 657 1179 sequatur
693 1139 745 1165 ne
779 1128 1067 1165 extremorum
1098 1125 1325 1165 verborum
1358 1140 1454 1166 cum

112 1182 435 1236 insequentibus
467 1183 617 1237 primis
644 1197 874 1224 concursus
909 1186 982 1224 aut
1013 1183 1178 1224 hiulcas
1210 1197 1335 1224 voces
1368 1184 1454 1224 effi-

115 1241 199 1281 ciat
243 1244 317 1281 aut
360 1255 542 1295 asperas.
613 1242 815 1290 Quamvis
860 1241 973 1282 enim
1023 1255 1173 1282 suaves
1218 1255 1452 1296 gravesque

114 1299 351 1340 sententiae
377 1301 533 1353 tamen,
560 1299 595 1340 si
620 1299 836 1341 incondite
861 1299 1016 1354 positis
1042 1299 1183 1340 verbis
1210 1300 1453 1353 efferuntur,

61 1377 94 1400 20
115 1357 329 1398 offendent
361 1372 501 1411 aures,
539 1372 719 1410 quarum
757 1361 821 1398 est
850 1358 1056 1398 iudicium
1089 1358 1452 1411 superbissimum.

114 1414 236 1463 Quod
280 1415 449 1468 quidem
492 1415 647 1456 Latina
688 1416 837 1470 lingua
880 1416 939 1457 sic
982 1416 1199 1469 observat,
1241 1430 1366 1457 nemo
1405 1420 1454 1456 ut

113 1477 203 1514 tam
227 1473 413 1514 rusticus
447 1473 503 1514 sit
530 1474 632 1527 quin
657 1474 815 1515 vocalis
840 1474 951 1514 nolit
977 1473 1246 1528 coniungere.
1290 1474 1342 1515 In
1368 1486 1521 1528 quol51

114 1531 284 1585 quidam
325 1531 454 1572 etiam
491 1531 814 1586 Theopompum
854 1532 1187 1586 reprehendunt⁷
1232 1533 1345 1586 quod
1383 1547 1453 1573 eas

112 1589 279 1630 litteras
311 1592 534 1644 tantopere
566 1590 737 1646 fugerit,
768 1590 849 1631 etsi
880 1590 992 1631 idem
1019 1591 1226 1645 magister
1251 1591 1340 1631 eius
1367 1590 1454 1632 Iso-

61 1665 93 1690 25
115 1650 252 1689 crates
278 1647 453 1703 fecerat3
486 1651 529 1689 at
554 1663 641 1689 non
663 1648 943 1703 Thucydides,
967 1663 1019 1689 ne
1045 1648 1117 1689 ille
1145 1648 1314 1702 quidem
1340 1649 1454 1690 haud

113 1707 241 1760 paulo
273 1706 410 1747 maior
442 1707 625 1761 scriptor
654 1706 779 1748 Plato
810 1721 888 1748 nec
921 1706 1059 1748 solum
1090 1707 1136 1747 in
1166 1707 1219 1747 iis
1253 1707 1454 1748 sermoni-

113 1764 207 1817 bus,
239 1764 310 1818 qui
343 1764 541 1817 διάλογοι
573 1765 782 1819 dicuntur,
818 1765 892 1806 ubi
925 1765 1055 1806 etiam
1087 1765 1137 1805 de
1168 1765 1381 1806 industria
1411 1766 1454 1806 id

113 1821 355 1863 faciendum
385 1822 480 1876 fuit,
513 1824 585 1864 sed
614 1823 661 1864 in
690 1823 887 1877 populari
920 1823 1125 1872 oratione,
1159 1837 1242 1876 qua
1268 1838 1361 1864 mos
1388 1827 1454 1864 est

114 1879 295 1920 Athenis
332 1880 496 1921 laudari
532 1881 578 1921 in
615 1882 813 1922 contione
852 1896 923 1922 eos
964 1881 1035 1934 qui
1075 1881 1161 1922 sint
1197 1881 1243 1921 in
1279 1882 1453 1935 proeliis

62 1955 95 1979 30
114 1937 346 1991 interfecti3
379 1952 485 1991 quae
519 1939 578 1980 sic
609 1940 791 1993 probata
822 1943 900 1993 est,
929 1942 978 1980 ut
1007 1954 1100 1980 eam
1132 1940 1375 1993 quotannis,
1407 1943 1455 1980 ut

115 1995 211 2050 scis,
241 1996 317 2036 illo
344 1995 410 2036 die
436 1996 607 2037 recitari
632 2012 803 2038 necesse
837 1997 903 2038 sit.
953 1996 1005 2037 In
1031 2011 1080 2038 ea
1106 2000 1170 2038 est
1198 1998 1345 2038 crebra
1369 1998 1454 2038 ista

114 2054 327 2095 vocalium
353 2055 589 2109 concursio,
620 2070 749 2109 quam
774 2069 931 2110 magna
957 2070 1007 2096 ex
1033 2058 1153 2109 parte
1180 2058 1228 2096 ut
1254 2056 1453 2097 vitiosam

114 2112 228 2167 fugit
259 2111 585 2154 Demosthenes.
1503 2150 1517 2156 ,

235 2168 317 2210 Sed
349 2168 500 2210 Graeci
536 2171 734 2226 viderint3
773 2171 898 2212 nobis
938 2186 991 2212 ne
1031 2172 1066 2212 si
1107 2172 1327 2226 cupiamus
1367 2171 1454 2224 qui-
1467 2149 1524 2234 42²}

63 2243 96 2268 35
116 2228 211 2269 dem
249 2227 483 2268 distrahere
520 2243 644 2270 voces
683 2229 939 2271 conceditur.
1000 2229 1198 2271 Indicant
1239 2217 1523 2270 orationes¹²²“

115 2286 213 2327 illae
243 2286 362 2340 ipsae
392 2285 635 2327 horridulae
668 2285 862 2342 Catonis,
897 2287 1089 2329 indicant
1123 2301 1268 2328 omnes
1300 2289 1453 2340 poetae

188 2359 257 2385 cro.
277 2360 300 2385 1.
321 2361 344 2385 2.
1127 2359 1170 2388 23
