1643 2526
188 82 274 118 XVI
604 80 883 116 ADNOTATIO
912 80 1039 115 CRITI
1045 79 1114 115 CA.

190 192 266 231 120,
291 192 374 230 1693
407 200 442 232 p.
470 187 573 223 Caec.
602 190 656 230 80,
681 199 716 231 p.
743 186 852 222 Arch.
882 190 934 229 14,
963 186 1008 220 de
1035 185 1130 220 dom.
1156 189 1189 221 4.
1238 186 1363 221 Verba
1386 185 1455 220 illa
1480 196 1526 221 ex

189 235 361 278 sequenti
380 237 450 270 erit
467 237 548 269 orta
568 245 650 268 cum
670 233 862 275 deleveris,
886 233 1034 277 singula
1053 232 1391 277 comprehensionis
1410 243 1524 267 mem-

188 281 255 315 bra
274 280 516 326 pedetentim,
537 281 636 324 quod
655 279 780 315 Cicero
802 281 913 322 amat,
941 282 1162 314 accrescent.
1182 300 1228 305 --
1247 284 1302 315 35.
1321 280 1450 325 Lonyo
1469 279 1525 313 Li

190 328 306 372 Conye
338 341 353 362 ε
394 328 512 373 Congo
550 326 751 362 Grucchius
791 347 833 353 —
872 327 910 361 P.
938 330 992 361 64.
1021 331 1051 362 6.
1085 337 1200 371 prope
1233 336 1308 361 non
1343 325 1524 360 Matthias

187 373 311 408 Fleck.
333 378 410 417 135,
431 378 499 408 479
523 395 566 400 —
595 379 648 409 19.
671 385 720 418 pr
740 401 746 408 .
764 401 770 407 .
787 401 794 408 .
810 385 929 418 prava
955 384 1025 408 om.
1046 373 1072 407 L
1088 376 1107 407 λ
1131 394 1179 398 —
1198 384 1322 417 praua
1339 377 1425 408 sunt
1444 385 1460 407 ε
1482 373 1525 417 (?)

190 441 231 445 —
248 424 302 455 23.
323 422 549 456 inraucuerit
567 420 595 454 P
614 422 834 456 irrauczcerit
855 420 882 455 O
903 421 1096 455 irracuerit
1115 422 1132 453 λ
1148 432 1164 454 ε
1185 440 1228 444 --
1249 424 1303 455 26.
1323 420 1527 465 eloquentia

187 466 295 501 Laus
324 488 365 492 —
392 467 430 502 P.
459 472 513 502 65.
541 471 572 502 9.
599 469 688 512 quin
712 467 746 500 N
775 488 815 491 —
845 471 898 502 11.
925 468 956 501 is
982 466 1007 501 C
1032 468 1072 501 icl
1096 466 1238 501 Manut.
1265 486 1309 491 ——-

281 513 360 548 Lib.
387 514 429 547 11.
479 513 518 547 Ρ.
546 517 600 548 66.
630 519 682 548 17.
720 525 793 548 non
825 525 894 548 om.
926 513 986 547 Li
1021 534 1062 538 —
1104 517 1157 548 18.
1197 514 1310 547 dicen.
1344 525 1360 547 ε
1393 533 1435 538 --
1468 516 1531 548 22.-

188 564 272 594 esset
298 572 314 594 ε
353 581 398 585 -—
434 560 473 594 P.
501 564 555 595 67.
583 563 614 595 3.
654 561 819 595 doctrina
842 560 901 595 Le
927 561 1160 605 doctrinaque
1185 562 1202 593 λ
1234 564 1267 594 et
1292 560 1402 594 doctr.
1429 572 1456 593 ω
1483 579 1525 584 -

190 610 221 640 7.
254 607 351 641 ‘modi
385 605 410 640 C
446 607 544 641 (lomi
569 606 788 641 Gulielmius
818 608 917 651 (366,
947 609 1004 651 18)
1042 627 1085 632 -
1127 611 1180 641 15.
1216 607 1366 641 dedisset
1391 618 1424 647 ες
1463 604 1526 639 cfr.

191 657 268 694 176,
290 656 349 694 343
379 653 423 686 de
444 653 503 688 off.
524 653 541 686 Ι
561 657 602 687 71
625 673 668 678 —
689 657 744 687 20.
770 654 824 688 rei
846 664 915 688 om.
938 666 954 688 ε
980 674 1023 679 -
1049 653 1087 688 P.
1109 657 1163 688 68.
1185 656 1217 688 2.
1243 657 1381 697 septam
1399 651 1526 687 Lamb.

190 719 232 723 —
261 704 290 734 7.
317 700 448 734 multos
472 704 505 734 et
529 701 686 745 ingeniis
710 704 743 734 et
767 712 900 745 mayna
925 701 1031 735 laude
1058 700 1095 735 C.
1136 699 1368 733 Sententiam
1392 698 1524 742 imper-

188 746 327 780 fectam
353 756 397 779 ex
421 746 436 779 Ι
457 749 488 788 5,
515 746 547 779 11
569 750 645 789 119,
673 750 751 788 232,
780 746 830 779 111
855 751 909 789 79,
935 746 994 782 Br.
1021 750 1088 780 303
1114 746 1169 780 ita
1195 745 1367 790 suppleo:
1398 746 1529 780 multos

189 797 220 827 et
244 794 403 839 iwyemfis
428 797 460 828 et
485 793 801 828 ewereitationz'bus
832 798 988 828 oratores
1019 795 1176 828 extitisse
1206 797 1240 827 et
1263 803 1396 838 ‘magna
1420 793 1529 826 laude

190 841 258 875 ete.
310 839 381 874 Cfr.
407 851 442 883 p.
470 839 579 874 Arch.
608 844 660 874 15.
695 859 737 864 —
771 844 803 873 9.
835 841 910 882 fuit
935 852 950 873 ε
976 860 1022 864 —-
1047 843 1101 874 10.
1136 841 1175 874 in
1200 843 1340 874 tantam
1364 840 1392 874 L
1409 841 1458 873 λε
1483 858 1528 863 —-

188 886 225 921 P.
248 889 303 921 69.
325 890 355 921 3.
378 890 496 931 potest
515 885 540 920 C
561 890 677 930 potest
697 896 767 921 esse
786 886 836 927 N;
864 885 927 920 cfr.
950 889 1027 928 132,
1048 889 1086 926 23
1114 886 1216 920 Verr.
1241 886 1257 918 I
1279 889 1356 928 149,
1376 885 1427 919 III
1447 889 1527 926 226,

190 933 269 967 Sex,
296 933 404 968 Rosc.
432 937 493 976 64,
531 932 625 967 Phil.
658 933 675 966 1
703 936 762 974 103
802 931 1144 976 Seyffert-Mueller
1179 931 1279 966 Lael.
1316 943 1352 976 p.
1379 936 1446 966 372
1485 951 1527 957 -—

190 981 355 1014 ornatius
382 980 426 1013 1³¹
441 979 469 1013 O
485 982 503 1013 λ
528 979 578 1023 lg.
599 983 643 1013 23
672 978 766 1014 Vict.
788 978 822 1012 N
848 980 1014 1014 ornatius
1038 989 1107 1013 esse
1133 978 1158 1013 C
1183 999 1230 1003 —
1254 982 1286 1013 4.
1314 979 1485 1022 quoniam
1504 977 1530 1012 C

191 1037 405 1069 (sztcmzquam
430 1025 515 1059 Ern.
538 1036 607 1059 om.
630 1038 645 1059 ε
672 1046 716 1050 -
735 1026 827 1060 soleo
846 1026 981 1059 Pearee
1007 1026 1076 1069 (42,
1099 1026 1134 1069 3)
1160 1046 1202 1049 —
1230 1029 1284 1060 32.
1311 1026 1433 1069 inquit
1458 1024 1528 1059 del.

191 1071 346 1104 Schuetz
373 1091 416 1096 ——
444 1075 499 1105 33.
533 1073 606 1115 inq.
633 1071 705 1105 del.
731 1071 815 1105 Ern.
847 1092 893 1096 —
924 1076 979 1106 36.
1011 1075 1203 1115 temptans:
1234 1071 1274 1104 M
1304 1070 1342 1115 (i.
1363 1081 1392 1106 e.
1423 1071 1528 1114 Hle,

193 1128 250 1161 ap.
278 1116 348 1151 En.
377 1119 434 1161 36)
459 1117 558 1151 redit
583 1138 625 1142 —
653 1118 691 1152 P.
719 1121 774 1152 70.
802 1121 831 1152 7.
859 1119 891 1152 si
916 1122 956 1152 ta
981 1117 1039 1151 Le
1068 1138 1108 1142 —-
1139 1122 1191 1152 11.
1218 1128 1329 1152 causa
1347 1127 1412 1153 uos
1436 1117 1464 1150 L
1483 1136 1530 1143 —-

194 1169 245 1198 13.
272 1175 382 1198 causa
408 1164 445 1197 M
470 1175 512 1198 ea
538 1163 602 1198 Gn.
631 1167 650 1196 2
679 1174 749 1198 om.
776 1163 803 1197 L
831 1184 874 1188 —
904 1168 957 1198 15.
983 1165 1096 1199 sentio
1121 1163 1196 1197 HL
1222 1165 1374 1198 sentiam
1398 1175 1464 1198 ms
1484 1184 1529 1189 —

195 1214 248 1244 16.
276 1212 456 1256 mayisque
481 1210 606 1245 Lamb.
634 1212 695 1245 cuc?
719 1212 834 1256 'magis
859 1210 1008 1244 Muther
1038 1231 1082 1236 —
1116 1214 1170 1245 18.
1202 1211 1334 1246 oblitus
1357 1221 1437 1245 sum
1461 1222 1498 1244 m
1513 1223 1529 1245 ε

192 1277 235 1281 -
261 1261 316 1292 22.
344 1258 484 1292 artibus
509 1256 547 1290 M
572 1278 618 1282 —
644 1261 697 1292 23.
726 1259 797 1301 inq.
825 1268 894 1291 om.
920 1257 979 1291 Le
1005 1278 1049 1282 —
1075 1262 1107 1292 et
1132 1268 1202 1292 om.
1228 1257 1306 1299 Ιιες
1343 1257 1530 1301 particula-

190 1303 355 1347 pendens
388 1306 454 1337 est.
504 1304 661 1347 Pergere
698 1303 833 1338 voluit:
872 1314 991 1347 neque
1028 1303 1084 1337 ita
1122 1315 1202 1337 sum
1238 1303 1387 1347 ineptus
1418 1306 1460 1338 ut
1491 1305 1529 1338 te

191 1361 359 1394 urgeam3
387 1350 486 1394 quod
505 1361 588 1383 oum
609 1349 711 1383 aliud
731 1349 922 1393 quidpiam
942 1349 1208 1393 interposuerit
1227 1347 1380 1384 mutatis
1405 1350 1530 1384 verbis

191 1396 367 1439 sequitur.
394 1417 440 1421 —
462 1400 516 1429 24.
544 1400 576 1430 te
597 1407 665 1430 om.
688 1397 715 1430 L
734 1417 781 1421 —-
800 1400 855 1430 25.
882 1397 1003 1430 vuinus
1027 1397 1115 1430 mihi
1141 1396 1169 1430 Ο
1195 1398 1316 1431 minus
1340 1408 1377 1430 m
1401 1396 1529 1431 Lamb.

189 1463 236 1467 —
269 1444 327 1477 uel
358 1447 399 1477 ut
429 1444 493 1477 hoc
526 1442 586 1476 Hl
624 1444 694 1486 (73,
715 1444 773 1487 23)
812 1444 870 1478 uel
896 1454 915 1477 e
939 1444 998 1478 uel
1022 1444 1086 1477 hoc
1110 1443 1186 1485 Le3
1225 1443 1288 1477 cfr.
1321 1442 1456 1487 Zumpt
1491 1443 1531 1478 in

191 1489 294 1524 Verr.
322 1489 354 1522 Π
384 1493 423 1523 17
451 1509 495 1514 -
522 1493 576 1524 27.
603 1490 698 1524 illud
725 1500 794 1524 om.
815 1489 854 1522 M
880 1509 923 1514 —
950 1494 982 1524 et
1004 1501 1048 1524 ne
1074 1489 1142 1522 He
1169 1509 1210 1513 —
1239 1493 1294 1524 28.
1319 1490 1451 1524 uidear
1468 1490 1530 1523 Hl

189 1537 360 1571 uideatur
386 1547 405 1570 e
430 1537 629 1571 uideantur
653 1535 681 1568 L
696 1548 723 1570 ε.
762 1535 861 1568 Illud
885 1535 1029 1577 melius,
1056 1546 1128 1577 quo
1149 1535 1251 1578 quali
1269 1534 1528 1571 familiaritate

189 1585 344 1625 uterque
360 1582 483 1615 Crassi
502 1593 588 1615 usus
610 1581 658 1615 sit
678 1581 853 1614 subtilius
874 1580 1107 1624 significatur
1125 1582 1194 1625 (23,
1216 1585 1276 1621 20;
1301 1586 1380 1625 274,
1404 1584 1463 1626 31)
1483 1603 1528 1608 —

190 1632 245 1663 30.
266 1630 306 1662 id
325 1627 388 1662 Με
409 1630 451 1661 in
465 1627 493 1661 O
508 1628 581 1661 vet'
603 1638 673 1661 om.
687 1627 715 1660 L
738 1648 778 1651 —
802 1628 920 1662 licebit
940 1627 978 1660 M
999 1629 1063 1671 (se.
1083 1627 1237 1672 pudore)
1264 1629 1384 1664 libebit
1405 1629 1433 1662 L
1447 1642 1464 1664 ε
1484 1649 1528 1655 -·

191 1678 245 1708 31.
271 1685 315 1708 we
335 1678 375 1708 ta
399 1673 427 1706 L
455 1693 496 1698 —-
523 1673 561 1707 P.
579 1677 633 1708 71.
647 1676 679 1707 5.
706 1684 776 1708 esse
795 1683 865 1707 om.
888 1673 916 1707 L
938 1694 979 1699 —-
1000 1675 1181 1709 comulata
1200 1674 1250 1707 H¹
1271 1677 1529 1712 commaculata

189 1719 414 1753 Doederlein
433 1721 482 1763 (p.
505 1718 601 1753 Cael.
625 1720 682 1763 16)
707 1740 750 1744 ——
775 1724 805 1754 6.
827 1721 921 1764 (μισεῖ
941 1720 1011 1755 del.
1032 1720 1084 1754 ΗΞ
1110 1732 1180 1756 om.
1194 1733 1230 1755 m
1257 1742 1300 1746 —
1327 1727 1359 1757 7.
1378 1734 1452 1757 non
1469 1725 1527 1758 ui-

190 1767 309 1800 dentes
327 1765 361 1798 H
382 1776 452 1800 om.
467 1765 526 1806 le;
547 1776 611 1800 an:
631 1777 705 1800 ozon
723 1767 855 1810 vident,
875 1770 935 1802 eo?
954 1767 1051 1801 Nam
1064 1768 1194 1813 Itaque
1213 1769 1308 1813 quod
1327 1771 1384 1803 est
1403 1769 1457 1804 Et
1474 1771 1529 1805 ita

191 1813 285 1857 quocl
304 1833 350 1837 —
365 1816 418 1846 10.
438 1814 510 1847 seio
524 1812 552 1845 L
567 1833 609 1837 —-
623 1814 701 1847 ulla
716 1812 741 1846 C
760 1814 865 1848 nulla
879 1826 895 1848 ε
917 1835 958 1838 -
976 1819 1028 1849 11.
1051 1826 1204 1859 quosque
1218 1816 1243 1849 G
1264 1826 1498 1860 quoscumque
1510 1829 1527 1851 ε

189 1879 234 1883 -
263 1861 315 1893 15.
346 1859 378 1893 T
379 1870 452 1893 um:
478 1858 511 1892 A
529 1858 673 1903 incipit,
702 1859 729 1892 E
751 1871 833 1894 cum
860 1860 1013 1904 reliquis
1034 1861 1176 1895 mutilis
1201 1862 1300 1896 redit
1325 1883 1367 1887 -—
1391 1866 1444 1897 19.
1465 1874 1528 1898 nec

190 1909 263 1939 tam
286 1906 312 1938 L
347 1926 390 1930 —
424 1910 478 1940 24.
510 1906 574 1940 ‘abl
599 1907 731 1941 inumb.
758 1906 785 1939 L
816 1928 863 1932 —
894 1911 948 1942 25.
982 1912 1014 1942 et
1040 1908 1065 1942 C
1093 1909 1141 1943 ad
1165 1908 1211 1942 P2
1242 1928 1286 1933 —
1317 1920 1527 1955 qraecarum

189 1951 237 1984 ΕΞ
251 1951 335 1995 (‘.>)L
363 1972 404 1976 —
432 1953 711 1997 cli-<putationem
737 1953 774 1987 M
813 1974 854 1979 —
894 1959 949 1989 27.
974 1966 1062 1990 otum
1088 1966 1158 1990 om.
1184 1954 1212 1989 L
1250 1975 1294 1981 -·
1333 1959 1388 1991 30.
1417 1957 1464 1991 iis
1489 1956 1528 1990 M

189 1999 260 2032 hiis
284 1998 369 2042 H²y
395 1999 451 2033 leis
476 1999 569 2042 mL3
603 1999 712 2033 aliter
745 2004 799 2044 72,
826 2004 880 2035 35.
916 2022 958 2026 —-
991 2006 1046 2037 33.
1079 2007 1112 2037 et
1135 2003 1202 2037 del.
1229 2012 1301 2036 om.
1326 2002 1364 2036 M
1397 2023 1437 2026 —
1470 2005 1525 2036 34.

189 2056 263 2079 ozon
287 2045 379 2089 disy).
407 2056 476 2080 om.
503 2045 541 2078 M
566 2066 610 2071 -—
643 2050 697 2081 38.
725 2048 875 2083 timeant
898 2048 937 2082 M
968 2068 1012 2074 -
1044 2048 1082 2084 Ρ.
1109 2052 1163 2083 72.
1192 2053 1223 2083 7.
1249 2052 1340 2083 cont.
1365 2059 1440 2083 non
1464 2059 1525 2083 an.

188 2091 226 2124 M
256 2102 329 2126 ozon
360 2096 450 2127 cont.
483 2104 542 2127 an.
570 2093 608 2128 L.
657 2093 755 2127 Illud
784 2096 883 2129 retro
914 2094 1072 2139 legimus
1105 2096 1199 2138 (101,
1226 2099 1261 2135 93
1291 2098 1367 2136 129,
1398 2095 1454 2137 10)
1481 2115 1524 2119 -

190 2141 220 2171 9.
247 2150 359 2173 meum
386 2138 423 2171 M
450 2160 491 2164 ——
522 2143 573 2174 11.
600 2152 844 2185 repuerascere
869 2142 914 2183 L;
947 2142 990 2174 ut
1013 2152 1079 2175 nos
1106 2139 1184 2175 Cat.
1209 2151 1258 2175 m.
1283 2142 1303 2181 ξ
1323 2143 1366 2174 83
1393 2139 1526 2184 optimi

188 2184 333 2219 codices
366 2206 410 2211 —
445 2191 496 2220 13.
531 2189 681 2222 narrari
706 2187 744 2221 M
775 2208 821 2213 —
850 2188 1034 2222 sscaeaola
1057 2186 1107 2220 Η1
1132 2197 1193 2220 sea
1215 2186 1359 2220 sceuola
1383 2186 1435 2220 Η2
1459 2198 1524 2223 an:

187 2233 337 2266 narrari
363 2244 385 2266 a
411 2232 607 2268 Scaeuola?
650 2254 688 2259 —
728 2237 782 2269 16.
819 2244 854 2268 se
879 2245 914 2268 se
937 2243 993 2267 res
1016 2232 1045 2266 L
1075 2252 1122 2257 ——
1152 2235 1194 2267 ut
1225 2232 1295 2267 del.
1327 2232 1452 2268 Lamb.
1478 2253 1525 2259 —-

190 2282 241 2313 18.
270 2281 481 2315 constituere
506 2292 543 2313 m
581 2301 624 2306 --
663 2284 718 2315 21.
756 2281 824 2323 for.
849 2290 926 2324 wey.
951 2278 980 2311 L
1005 2298 1050 2303 —
1075 2279 1232 2324 yestimzt
1257 2280 1294 2313 et
1319 2281 1473 2325 cupiunt
1497 2278 1523 2314 C
