1643 2526
360 83 502 118 LIBER
526 83 553 119 I.
604 81 704 119 CAP.
731 86 881 119 61-62.
932 87 951 126 ἓ
976 87 1174 120 257-264,
1387 86 1444 127 65

101 182 151 221 ut
181 179 367 234 primum
397 178 703 233 impedimenta
738 181 918 220 naturae
956 178 1180 234 diligentia
1216 179 1446 222 industria-

103 252 183 293 que
211 240 448 292 superaret3
480 251 659 290 cumque
683 236 746 277 ita
770 237 924 278 balbus
951 241 1075 292 esset,
1105 240 1154 279 ut
1186 238 1275 279 eius
1307 238 1444 293 ipsius

103 296 221 350 artiS,
252 296 320 337 cui
352 296 554 349 studeret,
584 295 768 350 primam
792 295 984 336 litteram
1008 310 1096 336 non
1120 299 1267 351 posset
1293 297 1445 353 dicere,

102 354 282 410 perfecit
312 354 575 408 meditando,
606 357 655 395 ut
685 368 810 395 nemo
841 353 1011 408 planius
1044 369 1135 395 esse
1167 355 1337 397 locutus
1368 371 1444 410 pu-

67 430 82 456 5
102 416 284 468 taretur3
334 412 482 453 deinde
533 427 629 453 cum
680 411 857 466 spiritus
908 412 998 453 eius
1049 416 1162 454 esset
1205 414 1514 469 angustior,261

102 474 272 513 tantum
304 471 560 512 continenda
591 470 733 512 anima
763 470 809 511 in
841 470 1018 511 dicendo
1045 474 1111 512 est
1137 475 1370 526 assecutus,
1395 476 1444 514 ut

101 544 186 571 una
229 529 550 570 continuatione
594 529 840 583 verborum,
888 528 933 570 id
983 529 1096 582 quod
1146 530 1238 571 eius
1283 531 1445 585 scripta

102 588 339 642 declarant,
376 587 501 628 binae
540 587 577 628 ei
611 587 906 628 contentiones
937 587 1056 629 vocis
1089 590 1132 629 et
1168 588 1443 630 remissiones

103 646 440 701 continerentur3
478 645 551 699 qui
589 646 738 700 etiam,
774 648 823 688 ut
854 646 1085 687 memoriae
1115 647 1335 700 proditum
1367 651 1444 701 est,

49 722 82 748 ιο
102 704 306 747 coniectis
349 704 395 745 in
439 718 485 745 os
529 704 703 745 calculis
748 719 915 745 summa
951 719 1054 746 voce
1092 719 1239 746 versus
1284 706 1443 747 multos

104 777 187 805 uno
229 763 382 818 spiritu
421 762 699 817 pronuntiare
741 763 1048 804 consuescebat
1086 777 1224 818 neque
1263 763 1307 804 id
1348 778 1445 805 con-

101 822 256 863 sistens
282 821 329 862 in
347 821 442 862 loco
465 821 537 862 sed
555 820 826 862 inambulans
848 824 976 875 atque
998 835 1176 862 ascensu
1200 822 1443 877 ingrediens

101 881 245 922 arduo.
288 879 418 921 Hisce
451 893 530 934 ego
563 879 947 933 cohortationibus,
979 877 1144 934 Crasse,
1176 880 1228 921 ad
1255 881 1514 922 studium-262

102 942 144 980 et
165 939 217 979 ad
235 938 428 979 laborem
452 937 694 978 incitandos
719 937 893 978 iuvenes
914 938 1187 979 vehementer
1214 939 1442 992 assentior;

49 1013 82 1039 15
103 1000 256 1050 cetera,
288 1011 395 1050 quae
429 996 641 1051 collegisti
680 1010 731 1037 ex
762 995 892 1037 variis
931 999 973 1037 et
1005 996 1182 1037 diversis
1215 997 1368 1038 studiis
1402 1000 1444 1038 et

102 1055 287 1109 artibus,
318 1054 493 1096 tametsi
524 1054 615 1108 ipse
649 1068 693 1095 es
727 1054 870 1095 omnia
903 1058 1176 1108 consecutus,
1213 1058 1358 1096 tamen
1390 1055 1442 1096 ab

103 1113 285 1155 oratoris
325 1112 499 1168 proprio
542 1112 685 1154 officio
727 1115 854 1167 atque
896 1127 1069 1154 mimere
1115 1113 1308 1155 seiuncta
1350 1128 1443 1155 esse
1490 1155 1497 1158 ,

102 1172 300 1214 arbitror.

217 1229 335 1271 Haec
368 1244 464 1271 cum
495 1228 711 1270 Antonius
744 1228 935 1283 dixisset,
967 1244 1067 1271 sane
1099 1229 1295 1271 dubitare
1326 1229 1442 1271 visus
1459 1230 1515 1271 62

49 1306 83 1331 20
102 1292 168 1331 est
201 1287 415 1342 Sulpicius
448 1290 490 1328 et
522 1286 668 1341 Cotta,
704 1287 842 1328 utrius
877 1288 1014 1328 oratio
1046 1288 1222 1342 propius
1257 1288 1309 1329 ad
1339 1289 1445 1329 veri-

102 1350 236 1388 tatem
273 1346 489 1388 videretur
529 1346 737 1386 accedere.
803 1345 913 1386 Tum
954 1345 1151 1387 Crassus:
1193 1345 1515 1400 Operarium263

102 1405 228 1446 nobis
270 1405 499 1458 quendam,
538 1403 720 1458 Antoni,
763 1407 977 1445 oratorem
1016 1404 1122 1445 facis
1164 1407 1291 1457 atque
1330 1404 1445 1445 haud

103 1464 192 1505 scio
227 1477 281 1504 an
312 1462 437 1503 aliter
468 1462 629 1503 sentias
662 1465 704 1503 et
735 1465 856 1503 utare
883 1465 958 1503 tua
988 1462 1063 1503 illa
1088 1462 1269 1503 mirifica
1301 1463 1352 1503 ad
1384 1477 1445 1503 re-

103 1522 335 1563 fellendum
367 1521 691 1574 consuetudine,
724 1534 807 1574 qua
839 1520 919 1561 tibi
950 1534 1076 1561 nemo
1109 1535 1297 1574 unquam
1328 1535 1446 1574 prae-

50 1597 83 1623 25
106 1580 236 1633 stitit3
268 1579 388 1620 cuius
421 1578 591 1632 quidem
622 1578 756 1632 ipsius
783 1578 1003 1620 facultatis
1030 1579 1280 1620 exercitatio
1308 1582 1446 1619 orato-

103 1654 199 1680 rum
213 1637 387 1692 propria
401 1640 478 1691 est,
499 1637 572 1677 sed
591 1637 677 1678 iam
696 1637 742 1677 in
760 1637 1117 1691 philosophorum
1138 1637 1444 1678 consuetudine

103 1699 299 1738 versatur
331 1695 598 1748 maximeque
632 1710 791 1750 eorum,
823 1695 895 1749 qui
928 1696 977 1736 de
1005 1695 1120 1736 omni
1152 1709 1197 1736 re
1222 1696 1445 1749 proposita

103 1755 149 1796 in
174 1758 400 1807 utramque
418 1756 585 1808 partem
606 1754 745 1794 solent
764 1753 1058 1808 copiosissime
1084 1753 1232 1794 dicere.
1282 1753 1516 1795 νει-11111264

105 1827 186 1869 ego
217 1826 306 1853 non
337 1812 475 1853 solum
513 1812 754 1853 arbitrabar
789 1812 856 1853 his
889 1811 1141 1866 praesertim
1174 1812 1444 1853 audientibus

52 1887 131 1914 30a
174 1885 241 1912 me
285 1870 509 1911 informari
547 1873 743 1924 oportere
782 1870 919 1923 qualis
961 1884 1051 1911 esse
1089 1872 1236 1924 posset
1272 1870 1328 1923 is,
1372 1870 1444 1923 qui

104 1929 321 1971 habitaret
346 1928 392 1969 in
417 1928 630 1969 subselliis
656 1942 794 1982 neque
815 1929 1043 1982 quicquam
1070 1928 1253 1981 amplius
1274 1928 1444 1969 afferret

106 2002 235 2042 quam
267 1987 380 2041 quod
412 2001 635 2027 causarum
664 1987 898 2028 necessitas
923 1986 1174 2040 postularet,
1207 1986 1279 2027 sed
1304 1986 1442 2027 maius

107 2045 308 2100 quiddam
339 2044 547 2098 videbam,
578 2060 674 2086 cum
700 2045 925 2086 censebam
952 2047 1165 2085 oratorem
1190 2045 1444 2098 praesertim

106 2104 154 2145 in
182 2106 332 2144 nostra
363 2117 407 2143 re
439 2103 612 2157 publica
641 2103 800 2144 nullius
834 2103 1072 2144 ornamenti
1105 2105 1321 2156 expertem
1353 2117 1443 2143 esse

55 2179 89 2205 35
109 2164 315 2216 oportere.
364 2160 429 2201 Tu
454 2164 608 2215 autem,
641 2161 842 2214 quoniam
875 2160 1040 2216 exiguis
1073 2160 1328 2214 quibusdam
1354 2161 1445 2201 fini-

108 2220 190 2261 bus
221 2222 363 2260 totum
396 2219 577 2260 oratoris
609 2234 762 2260 munus
796 2219 1130 2273 circumdedisti,
1161 2218 1242 2260 hoc
1274 2218 1443 2259 facilius

108 2278 233 2319 nobis
260 2291 444 2331 expones
471 2291 531 2332 ea,
558 2292 663 2332 quae
691 2278 767 2319 abs
793 2280 835 2318 te
862 2278 912 2318 de
939 2277 1093 2319 officiis
1118 2276 1443 2332 praeceptisque

180 2351 250 2377 cm.
269 2351 293 2377 1.
313 2353 337 2377 2.
1143 2348 1162 2378 5
