1643 2526
526 94 623 128 ADN
630 93 801 129 ΟΤΑΤΙΟ
829 92 1026 128 CRlTICA.
1341 92 1457 126 XXXI

118 200 296 244 iuscripta
320 199 432 242 fuisse
457 199 530 233 tria
549 198 584 233 L
609 199 680 233 duo
700 198 750 232 M
769 197 829 231 vel
854 198 1049 242 inscriptas
1072 198 1185 241 fuisse
1211 198 1359 239 litteras,
1384 197 1458 231 tria

118 247 151 281 L
177 247 248 281 duo
275 246 324 280 M
344 245 518 280 accedere
543 246 644 289 puto.
683 265 725 270 —
765 255 986 289 quereremus
1010 244 1048 278 M
1086 265 1128 269 —
1168 247 1199 278 9.
1235 244 1457 288 oppidanum

117 304 187 327 om.
214 292 252 326 M
278 294 312 337 (8
337 291 411 327 litt.
439 304 492 336 sp.
519 304 552 327 v.
578 291 670 335 HA)
696 311 738 316 —
769 294 823 324 10.
854 292 1038 326 memmius
1062 291 1216 326 mordaae
1242 291 1352 335 laryii
1377 290 1458 322 Am

117 341 256 383 transp.
282 338 332 372 Α2
358 359 401 363 -
430 342 484 374 12.
510 340 587 373 siue
612 338 644 371 A
669 349 751 373 uere
776 338 804 371 L
832 348 902 372 om.
922 337 960 371 M
986 358 1030 363 —
1058 342 1112 372 13.
1140 338 1284 372 tandem
1309 336 1386 370 HA
1413 356 1456 361 —

117 386 424 421 meudaeimieulis
455 385 490 418 H
526 385 875 420 irieridacimiuiculis
904 383 970 428 Ay
1007 384 1230 419 ¹meudaculis
1253 383 1281 416 L
1318 403 1364 408 —
1403 386 1456 416 14.

117 434 232 478 fluyer
257 434 315 477 (20
340 431 414 466 litt.
442 443 496 476 sp.
521 433 569 476 v.)
594 431 629 465 H
653 432 784 476 fiiiqere
810 431 847 464 Μ
876 451 916 455 -
943 432 1027 466 liaeo
1051 432 1160 466 liuius
1186 441 1204 464 6
1239 450 1285 455 -—
1319 433 1372 465 18.
1399 430 1456 464 de-

117 481 268 524 priuata
292 479 373 513 Am
398 478 426 523 (1
439 479 472 523 6)
498 489 568 513 om.
594 477 629 510 H
655 498 698 503 —
725 481 781 511 22.
807 481 840 513 et
865 488 934 512 om.
960 477 998 511 M
1024 479 1116 522 (233,
1138 478 1197 520 30)
1224 496 1268 501 -
1294 476 1457 511 bracchio

118 526 228 560 H1P²
265 527 359 570 (132,
383 529 446 569 273
480 528 557 568 148,
579 529 641 566 33;
673 528 752 568 221,
774 525 809 569 6)
848 525 992 559 brachio
1029 523 1066 559 C.
1101 523 1314 558 Lachmann
1351 523 1456 557 Lucr.

119 584 249 607 comm.
275 584 310 616 p.
333 576 398 607 371
427 592 470 597 —
490 572 688 616 paululum
712 571 739 604 L
772 591 814 596 —
852 574 908 606 23.
940 571 1030 606 addi
1056 573 1114 615 (20
1139 569 1211 604 litt.
1241 581 1295 614 sp.
1321 570 1370 613 v.)
1395 569 1458 604 Eae

119 619 198 653 HA
217 620 363 654 addidit
381 620 445 652 aut
464 619 652 653 addidisti.
673 618 736 652 Ex
749 629 785 651 m
805 617 914 662 (med.
931 619 1016 661 om.)
1039 638 1079 642 —-
1101 621 1156 652 25.
1177 617 1308 661 inquid
1326 616 1391 659 Ay
1413 636 1457 641 -—

119 667 234 711 Atqui
252 665 469 699 Fleckeisen
494 685 539 690 —-
565 669 620 699 26.
648 668 719 699 toto
739 665 776 698 M
801 685 848 689 —-
872 665 981 699 huius
999 675 1036 697 m
1056 665 1103 709 (e)
1128 684 1173 690 —
1199 668 1254 698 27.
1277 664 1458 698 minorum

119 712 306 757 Hm(e)P
331 732 374 737 —
401 717 434 747 et
459 722 528 747 om.
554 711 582 744 L
618 731 659 736 -—
696 713 751 746 28.
790 712 990 746 aestimatio
1015 710 1089 744 Mo
1121 711 1241 745 eoetim.
1267 721 1305 743 m
1331 730 1372 734 —
1401 712 1456 743 29.

120 760 225 794 audit
249 759 276 793 L
303 759 432 794 audi-at
457 757 573 792 Ovet'
608 757 692 802 (hoc.
718 769 741 792 a
765 756 805 791 in
830 768 847 792 e
871 768 968 792 man.
994 759 1081 801 ree.)
1121 777 1163 782 —
1203 761 1258 791 31.
1297 757 1456 800 turpitu-

120 807 239 841 dinem
263 805 301 839 M
320 807 353 850 (e
369 809 427 848 32)
460 825 503 830 —-
535 805 783 840 obscenitatem
810 815 829 838 o
862 824 905 829 -—
938 808 993 839 32.
1026 804 1190 839 Vitanda
1215 813 1296 848 erqo
1322 802 1456 837 AloL

123 874 163 878 —
185 855 240 888 35.
259 854 333 887 siut
353 857 394 886 32
408 853 454 896 (22)
471 872 517 876 —
536 854 591 886 36.
613 852 714 886 breui
727 851 929 895 peririiecta
948 852 1024 885 Am
1044 871 1088 875 —
1109 855 1163 884 37.
1181 855 1219 885 at
1233 850 1265 883 A
1286 869 1328 875 —
1350 850 1455 884 irrid.

119 901 182 934 vit.
220 910 289 934 om.
315 899 354 932 M
391 898 488 943 (circ.
515 901 559 932 26
585 897 618 931 Η
646 901 688 932 16
714 900 744 931 A
771 896 844 932 litt.
872 909 924 941 sp.
951 898 1001 941 v.)
1041 918 1081 922 -
1117 898 1313 942 perimitur
1337 895 1374 928 M
1415 916 1454 920 ——-

120 947 232 981 dictio
246 947 304 990 (ue
317 947 351 989 2)
364 945 398 978 Η
421 966 458 970 -
481 944 520 979 Ρ.
537 948 613 979 130.
626 948 658 978 3.
678 945 852 978 uitarzclae
866 949 898 978 et
911 944 949 977 M
967 944 1123 979 uitanda
1138 947 1169 978 et
1182 943 1223 976 le
1237 943 1394 977 uitanda
1408 946 1458 977 est

121 993 148 1026 L
167 994 229 1028 vz't.
244 996 294 1027 est
307 996 339 1026 et
352 991 384 1025 N
407 1012 449 1016 —
471 995 503 1026 et
522 1002 591 1025 om.
607 991 635 1024 L
656 1011 699 1015 -
720 995 751 1025 4.
772 992 928 1025 oratoris
943 990 980 1023 M
1002 1011 1043 1015 -α
1065 994 1096 1024 7.
1118 990 1316 1035 Vargulam
1330 988 1457 1034 m(o)L

122 1059 164 1064 -
192 1043 224 1074 8.
251 1039 338 1084 quid
362 1038 401 1071 M
432 1039 512 1082 (per
536 1038 561 1072 d
586 1048 664 1081 sup.
690 1036 829 1070 lineam
855 1037 938 1070 dux.
965 1036 1011 1080 Η)
1048 1056 1091 1061 —-
1124 1038 1217 1071 enim
1242 1038 1325 1070 item
1351 1035 1460 1070 Sorof

123 1105 165 1111 —
194 1090 247 1120 11.
268 1086 443 1130 processit
468 1095 537 1119 om.
557 1083 595 1117 M
616 1104 659 1108 —
688 1087 741 1117 12.
767 1088 907 1128 questor
925 1083 963 1117 M
978 1083 1025 1117 0¹
1052 1103 1093 1107 —
1123 1087 1176 1117 14.
1197 1083 1346 1127 Rogabo
1365 1081 1455 1115 Alo

123 1142 192 1166 om.
223 1131 263 1166 in
297 1136 338 1166 17
371 1131 444 1166 litt.
479 1143 532 1174 sp.
564 1142 597 1164 v.
630 1129 664 1163 H
704 1150 749 1155 —
793 1131 954 1173 laurifeoe
990 1129 1080 1164 loL
1119 1140 1208 1163 corr.
1249 1128 1277 1162 O
1301 1128 1374 1162 vet'
1413 1148 1456 1153 ——

123 1182 177 1213 15.
205 1179 312 1214 etiam
336 1189 443 1222 quam
467 1179 543 1222 ipse
567 1178 665 1212 testis
689 1176 716 1209 L
742 1177 857 1221 (quem
882 1176 939 1220 P1)
971 1197 1013 1201 --
1050 1180 1103 1210 16.
1136 1180 1185 1210 est
1210 1180 1322 1210 totum
1347 1179 1396 1210 est
1420 1174 1458 1208 M
1502 1214 1509 1217 ,

123 1225 205 1270 (hoc
231 1229 280 1260 est
305 1224 376 1259 del.
401 1223 466 1268 ΗΞ)
493 1244 533 1249 -
563 1228 617 1258 17.
643 1224 841 1258 ridiculum
865 1223 903 1256 M
928 1223 1108 1258 iudicium
1132 1222 1159 1255 L
1194 1243 1232 1247 -—
1266 1221 1355 1256 Posi:
1374 1233 1456 1266 pos-

121 1276 205 1307 sunt
223 1271 256 1305 A
274 1282 358 1305 cum
378 1270 451 1304 suis
472 1270 607 1304 deficit.
644 1270 808 1313 Pergunlz
826 1269 908 1304 Hle
927 1272 974 1314 (2,
988 1271 1047 1313 36)
1075 1290 1116 1294 -
1146 1272 1199 1304 19.
1225 1280 1278 1303 me
1301 1269 1458 1303 hercules

123 1323 173 1353 est
185 1319 330 1362 Appius
342 1318 395 1352 Le
415 1338 461 1342 —·
481 1321 535 1351 22.
552 1327 622 1351 esse
636 1327 706 1351 om.
721 1316 748 1349 L
764 1336 806 1341 —
822 1320 876 1359 23,
892 1321 942 1351 est
955 1327 1024 1350 om.
1040 1316 1077 1349 M
1098 1336 1140 1341 —
1162 1316 1256 1360 quod
1268 1315 1303 1348 H
1316 1316 1458 1360 quidem

123 1365 162 1399 16
188 1369 221 1399 et
245 1365 339 1408 quod
362 1364 390 1397 L
416 1365 557 1408 quidem
575 1367 607 1397 et
627 1364 720 1407 quod
740 1375 755 1396 ε
782 1363 875 1407 quod
895 1367 928 1397 et
945 1362 1072 1396 Lamb.
1099 1383 1142 1387 —-
1169 1366 1225 1396 24.
1250 1363 1292 1396 ui
1317 1363 1357 1406 (s,
1378 1361 1401 1396 1.
1422 1363 1458 1405 c)

123 1412 220 1446 dixit
243 1410 277 1444 H
302 1411 414 1445 {dixit
438 1409 452 1443 l
476 1410 625 1444 iiisluoeit
650 1421 668 1443 e
694 1409 791 1444 dioeit
814 1408 842 1442 L
857 1421 871 1443 ε
898 1410 965 1443 urii
990 1409 1087 1443 discit
1112 1407 1241 1452 scripsi
1276 1428 1317 1433 -
1344 1409 1459 1442 omnis

124 1457 184 1492 eL
210 1478 253 1482 —
281 1460 336 1491 25.
363 1458 450 1501 quia
473 1456 507 1489 H
533 1458 568 1500 (4
593 1455 665 1489 litt.
692 1466 746 1499 sp.
766 1456 814 1499 V.)
840 1455 853 1488 l
878 1457 911 1500 (8
937 1454 1011 1488 litt.
1033 1466 1086 1498 sp.
1107 1456 1154 1499 v.)
1181 1465 1199 1488 e
1225 1454 1356 1498 (maior
1375 1454 1458 1498 lac.)

124 1525 166 1530 ——
197 1504 370 1539 medilata
396 1502 454 1537 Hl
484 1504 629 1537 minime
653 1503 769 1536 dilata
797 1513 815 1535 e
848 1522 890 1526 —
923 1505 978 1536 28.
1010 1502 1207 1547 distirzyuet
1232 1500 1258 1533 L
1274 1513 1290 1534 ε
1315 1501 1457 1545 inepte:

122 1562 197 1586 non
231 1550 409 1594 singulae,
449 1549 513 1584 sed
550 1550 704 1583 cunctae
743 1550 837 1591 (155,
859 1549 927 1592 29).
964 1569 1008 1573 --
1046 1551 1101 1583 31.
1147 1548 1309 1591 Varyula
1334 1559 1370 1580 m
1398 1546 1458 1581 Οε

125 1619 167 1623 -
199 1602 252 1632 33.
285 1607 349 1632 suo
374 1598 488 1639 fratre
512 1595 571 1630 Ls
605 1615 646 1620 —
679 1598 733 1629 34.
767 1599 852 1630 esset
876 1595 914 1628 M
946 1598 996 1629 est
1020 1594 1047 1628 L
1063 1607 1078 1629 ε
1113 1599 1163 1629 est
1187 1605 1230 1628 ea:
1257 1593 1389 1638 scripsi
1415 1614 1458 1619 —

123 1645 161 1679 P.
189 1647 266 1678 131.
293 1646 325 1677 5.
350 1644 449 1677 uerlo
478 1644 513 1687 (4
538 1641 611 1677 libb.
638 1653 690 1685 sp.
717 1642 765 1685 V.)
797 1652 861 1685 que
888 1642 920 1675 H
950 1662 996 1666 —-
1029 1645 1059 1675 7.
1092 1645 1272 1675 uocantur
1297 1640 1345 1683 M,
1372 1639 1456 1676 fort.

123 1692 222 1725 recte
249 1711 290 1715 —-
317 1691 408 1724 hisd.
428 1689 481 1722 lL
507 1690 592 1723 eisd.
614 1701 630 1722 ε
656 1708 699 1714 -
727 1690 759 1723 8.
785 1689 860 1723 dici
878 1688 916 1721 M
941 1709 987 1713 —
1013 1692 1043 1722 9.
1070 1699 1188 1722 seuere
1212 1687 1237 1721 C
1263 1688 1458 1731 severisque

125 1736 254 1781 scripsi
279 1757 322 1762 —
351 1740 403 1771 11.
431 1746 624 1781 possumus
649 1747 665 1769 ε
691 1755 734 1760 —
764 1739 816 1769 15.
842 1735 903 1769 hee
927 1746 994 1769 mc
1020 1755 1066 1759 —
1091 1735 1197 1769 etiam
1224 1744 1293 1767 om.
1321 1745 1356 1766 m
1372 1746 1387 1767 ε
1415 1754 1457 1758 -—

124 1789 241 1820 autem
277 1794 347 1817 om.
373 1794 423 1816 m·
446 1803 493 1807 —
529 1783 651 1816 onmia
675 1781 713 1814 M
748 1785 950 1815 ‘nascuntur
981 1782 1102 1816 omnia
1135 1793 1150 1814 ε
1190 1782 1289 1823 (142,
1317 1781 1376 1823 31)
1414 1800 1457 1804 -

126 1835 179 1866 16.
203 1831 361 1876 yraviter
386 1840 455 1863 om.
481 1829 515 1862 H
541 1849 585 1853 -
611 1829 804 1862 cauillanti
828 1827 866 1861 M
891 1848 935 1852 —
969 1831 1022 1862 19.
1051 1828 1214 1871 prodim:
1238 1831 1280 1862 ut
1305 1830 1399 1871 quot.
1424 1826 1459 1859 H

117 1878 308 1923 prodimus
333 1880 425 1920 quot.
451 1886 488 1908 m
508 1875 636 1918 prodis
654 1876 705 1909 mi
723 1874 836 1919 Spuri
854 1878 895 1908 ut
919 1878 1012 1918 quot.
1039 1874 1066 1907 L
1082 1886 1097 1908 ε
1122 1874 1241 1918 prodi,
1265 1875 1316 1907 mi
1335 1873 1457 1917 Spuri,

124 1928 217 1969 quot.
239 1921 370 1966 scripsi
393 1923 443 1966 (p.
458 1921 535 1956 Mil.
552 1922 609 1965 79)
630 1941 672 1946 —
694 1924 747 1955 20.
768 1920 951 1964 fac-iasLs
974 1941 1016 1945 —
1037 1925 1102 1955 tua
1117 1921 1148 1954 H
1170 1923 1205 1964 (8
1219 1919 1291 1954 litt.
1308 1931 1361 1963 sp.
1376 1921 1425 1963 v.)
1446 1919 1459 1952 l

124 1976 189 2006 tua
211 1971 330 2015 yloria
355 1979 374 2002 e
401 1988 443 1993 —
472 1972 526 2002 21.
552 1972 602 2002 est
628 1970 661 2011 (3
681 1967 752 2002 litt.
776 1968 843 2011 sp.)
868 1967 902 2000 H
929 1987 970 1992 —-
997 1971 1052 2001 22.
1082 1967 1240 2001 Glaucia
1265 1977 1335 2000 om.
1355 1966 1393 1999 M
1413 1986 1458 1990 —

122 2017 319 2062 ylacieauti
343 2014 403 2048 Hl
436 2035 477 2040 ——
510 2017 565 2049 23.
599 2015 753 2049 clodicat
778 2014 829 2047 Η1
862 2033 905 2038 -
933 2017 972 2048 at
995 2014 1028 2048 h.
1054 2014 1142 2048 clod.
1170 2023 1240 2047 om.
1267 2012 1305 2046 M
1332 2032 1374 2037 ——
1402 2016 1456 2046 25.

123 2064 245 2098 Navio
265 2061 482 2096 Fleckeisen
507 2081 549 2086 ——
576 2062 734 2106 iynauus
753 2060 790 2093 M
816 2061 852 2104 (ψ
873 2072 899 2094 s.
913 2059 937 2094 1.
964 2060 1011 2103 H)
1044 2080 1086 2085 —
1123 2063 1178 2093 26.
1205 2059 1275 2104 <3J4
1295 2058 1367 2093 litt.
1389 2059 1457 2102 sp.)

123 2115 162 2145 at
186 2109 219 2144 H
250 2130 295 2134 —
326 2113 382 2143 27.
414 2109 615 2143 cumueuiri
639 2107 672 2140 H
699 2108 862 2141 coaeum·
886 2106 932 2140 le
966 2126 1008 2131 -—
1041 2111 1079 2141 at
1105 2117 1175 2140 om.
1200 2105 1247 2139 le
1276 2126 1314 2130 —
1343 2109 1399 2139 28.
1426 2109 1458 2138 et

122 2158 164 2191 iri
189 2157 256 2191 litt.
282 2156 320 2189 M
351 2175 394 2180 —
427 2159 459 2189 et
483 2156 619 2189 immut.
645 2153 710 2187 le2
740 2157 827 2188 mut.
854 2153 890 2187 e¹
923 2173 964 2178 —
999 2156 1053 2186 30.
1086 2154 1127 2186 iri
1159 2152 1224 2187 alh.
1252 2162 1320 2185 om.
1348 2151 1386 2184 M
1412 2170 1456 2175 -—-

121 2207 288 2238 uersatur
312 2202 379 2235 He
418 2221 460 2226 ——
499 2204 555 2235 31.
590 2201 720 2235 maiori
750 2199 778 2233 L
815 2220 860 2224 —
898 2203 953 2234 32.
992 2202 1048 2244 qm
1079 2211 1121 2233 ea
1157 2198 1191 2231 H
1230 2209 1300 2232 om.
1333 2197 1379 2230 le
1412 2217 1455 2221 —

123 2254 178 2284 33.
203 2249 356 2284 militari
380 2247 415 2281 H
440 2248 596 2282 militare
621 2247 668 2280 le
695 2267 737 2271 -
763 2247 824 2281 sed
848 2246 893 2279 le
927 2266 969 2271 —
1008 2249 1062 2280 34.
1101 2249 1134 2280 et
1160 2256 1229 2279 om.
1255 2244 1282 2277 L
1321 2263 1363 2269 --
1400 2246 1455 2276 35.

123 2297 249 2331 caluus
272 2295 331 2329 Le
358 2315 400 2320 —
428 2298 483 2328 37.
515 2294 608 2338 quod
632 2293 671 2326 M
709 2313 750 2318 -—
788 2292 827 2327 P.
856 2296 933 2326 132.
964 2297 992 2326 1.
1031 2296 1081 2327 est
1107 2302 1175 2325 om.
1203 2290 1230 2323 L
1257 2309 1301 2314 ——
1328 2293 1359 2324 2.
1387 2300 1456 2323 esse
