1643 2526
360 125 502 159 LIBER
526 125 587 160 ΠΙ.
639 124 738 160 CAP.
766 128 914 160 50—51.
965 128 984 166 ξ
1011 127 1207 160 189-197.
1368 124 1454 165 213

113 220 202 262 fere
235 224 335 262 sunt
366 220 545 262 extremi
578 220 772 262 servandi
804 223 847 260 et
876 220 1054 261 notandi
1085 220 1226 275 pedes,
1258 219 1294 260 si
1326 220 1452 261 modo

113 293 201 320 non
240 279 437 320 breviora
477 282 520 320 et
560 279 753 333 praecisa
790 281 914 319 erunt
952 279 1193 333 superiora,
1233 292 1339 332 quos
1379 281 1453 319 aut

115 337 284 378 chorios
318 341 391 378 aut
421 337 576 378 heroos
610 340 683 378 aut
715 337 901 377 alternos
934 351 1025 377 esse
1059 336 1276 391 oportebit
1309 340 1383 377 aut
1408 336 1455 377 in

113 410 275 450 paeane
300 396 376 436 illo
402 395 653 450 posteriore,
678 410 803 448 quem
829 395 1087 436 Aristoteles
1113 395 1282 449 probat,
1315 398 1388 436 aut
1414 395 1453 436 ei

79 473 94 496 5
113 454 207 508 pari
239 454 407 495 cretico.
463 454 630 495 Horum
661 453 975 495 vicissitudines
1009 453 1207 508 efficient,
1238 457 1286 494 ut
1316 468 1453 507 neque

115 512 154 554 ei
186 512 407 566 satientur,
439 512 511 566 qui
538 512 721 567 audient,
751 512 925 553 fastidio
953 512 1246 553 similitudinis
1271 527 1349 553 nec
1374 526 1453 553 nos

114 570 175 625 id,
225 571 337 625 quod
386 570 616 624 faciemus,
666 585 794 625 opera
843 571 985 611 dedita
1034 570 1172 612 facere
1222 570 1453 611 videamur.

116 629 239 678 Quod
265 629 301 670 si
320 629 550 683 Antipater
573 629 646 670 ille
668 628 880 683 Sidonius,
906 644 1032 683 quem
1057 632 1105 670 tu
1124 629 1270 683 probe,
1291 627 1523 683 Catule,194

115 687 373 741 meministi,
426 688 578 728 solitus
629 691 693 728 est
742 702 889 728 versus
939 687 1210 728 hexametros
1263 687 1453 741 aliosque

63 765 94 789 10
115 746 243 787 variis
275 746 412 787 modis
446 748 573 800 atque
604 746 793 787 numeris
830 746 1004 787 fundere
1046 761 1096 786 ex
1134 749 1325 800 tempore
1364 749 1454 787 tan-

114 807 290 859 tumque
333 804 519 845 hominis
563 804 776 860 ingeniosi
826 819 874 845 ac
917 804 1118 845 memoris
1161 804 1297 845 valuit
1341 819 1454 845 exer-

115 863 282 917 citatio,
312 866 379 917 ut,
411 877 508 904 cum
541 877 584 903 se
616 866 757 903 mente
791 877 839 904 ac
871 863 1092 904 voluntate
1126 863 1378 904 coniecisset
1409 863 1455 903 in

115 936 310 975 vorsum,
341 921 470 962 verba
515 923 812 975 sequerentur,
863 924 1022 975 quanto
1072 921 1116 961 id
1159 920 1328 962 facilius
1374 921 1452 972 [in]

116 979 309 1020 oratione
353 979 656 1020 exercita-tione
698 982 741 1020 et
781 979 1086 1020 consuetudine
1128 979 1320 1020 adhibita
1360 993 1456 1020 con-

64 1055 95 1079 15
117 1039 358 1091 sequemur!

233 1096 346 1136 Illud
365 1099 508 1137 autem
527 1110 580 1136 ne
602 1095 696 1150 quis
725 1095 958 1137 admiretur
984 1110 1169 1149 quonam
1197 1096 1323 1137 modo
1350 1096 1524 1138 haec195

115 1154 267 1209 volgus
298 1154 595 1209 imperitorum
625 1153 671 1194 in
703 1153 911 1194 audiendo
942 1157 1083 1207 notet,
1122 1169 1217 1195 cum
1254 1154 1300 1194 in
1339 1154 1455 1195 omni
1501 1202 1509 1205 ¹

117 1227 268 1267 genere
301 1216 393 1253 tum
429 1212 475 1253 in
505 1212 586 1253 hoc
623 1212 718 1266 ipso
751 1226 907 1267 magna
939 1213 1190 1266 quaedamst
1228 1212 1291 1253 vis
1323 1212 1456 1254 incre-

117 1271 343 1324 dibilisque
374 1274 564 1311 naturae.
614 1269 771 1311 Omnes
799 1270 912 1311 enim
943 1271 1078 1312 tacito
1112 1271 1296 1324 quodam
1328 1285 1455 1312 sensu

64 1347 97 1371 20
117 1329 207 1370 sine
249 1329 337 1369 ulla
377 1332 466 1370 arte
509 1332 583 1370 aut
623 1328 789 1369 ratione
831 1343 938 1382 quae
981 1329 1067 1369 sint
1110 1329 1156 1369 in
1198 1329 1363 1369 artibus
1406 1344 1454 1370 ac

116 1387 354 1428 rationibus
374 1390 493 1428 recta
513 1402 560 1428 ac
580 1402 711 1441 prava
737 1387 988 1441 diiudicant,
1014 1387 1140 1440 idque
1168 1402 1265 1428 cum
1290 1387 1455 1428 faciunt

115 1446 160 1486 in
185 1445 365 1500 picturis
391 1449 434 1486 et
458 1446 504 1486 in
530 1445 663 1500 signis
691 1448 733 1486 et
757 1445 803 1485 in
828 1445 923 1486 aliis
951 1445 1163 1499 operibus,
1195 1446 1248 1485 ad
1274 1460 1455 1499 quorum

115 1503 455 1559 intellegentiam
499 1518 524 1544 a
565 1507 719 1544 natura
768 1503 908 1544 minus
958 1503 1119 1544 habent
1167 1503 1457 1558 instrumenti,

117 1566 211 1603 tum
243 1562 379 1603 multo
414 1562 644 1603 ostendunt
675 1561 812 1616 magis
845 1562 890 1602 in
920 1562 1149 1603 verborum
1179 1576 1455 1602 numerorum

65 1637 97 1662 25
117 1635 352 1675 vocumque
383 1621 554 1675 iudicio,
586 1620 699 1674 quod
725 1635 773 1661 ea
799 1623 898 1661 sunt
929 1620 975 1660 in
1001 1620 1298 1662 communibus
1323 1620 1456 1660 infixa

16 1684 22 1688 '
120 1679 315 1720 sensibus
346 1694 423 1721 nec
450 1694 595 1720 earum
625 1694 767 1719 rerum
795 1693 1051 1733 quemquam
1076 1679 1268 1719 funditus
1299 1681 1455 1720 natura

118 1752 208 1779 esse
239 1738 376 1779 voluit
407 1741 632 1792 expertem.
694 1737 844 1791 Itaque
881 1751 969 1777 non
1006 1737 1146 1778 solum
1183 1737 1324 1778 verbis
1363 1740 1525 1779 arte196

117 1796 271 1850 positis
303 1799 528 1837 moventur
555 1810 700 1836 omnes
727 1810 874 1836 verum
900 1795 1030 1836 etiam
1054 1795 1243 1836 numeris
1272 1810 1319 1837 ac
1344 1795 1456 1836 voci-

118 1855 210 1895 bus.
285 1853 450 1902 Quotus
495 1854 607 1895 enim
657 1853 835 1908 quisque
886 1857 951 1894 est
1002 1854 1074 1907 qui
1124 1856 1268 1894 teneat
1319 1857 1455 1894 artem

65 1930 99 1954 30
117 1926 392 1953 numerorum
424 1927 472 1953 ac
503 1912 756 1953 modorum?
805 1911 865 1952 At
895 1912 942 1952 in
971 1911 1025 1952 iis
1059 1911 1094 1952 si
1125 1911 1302 1966 paulum
1326 1912 1454 1952 modo

120 1971 383 2024 offensumst,
413 1974 462 2011 ut
493 1973 566 2011 aut
593 1970 886 2011 contractione
912 1970 1083 2010 brevius
1109 1970 1230 2010 fieret
1263 1973 1336 2010 aut
1360 1984 1456 2023 pro-

120 2029 318 2070 ductione
348 2028 538 2083 longius,
574 2028 744 2069 theatra
774 2031 869 2068 tota
899 2028 1145 2069 reclamant.
1208 2027 1336 2081 Quid,
1374 2027 1455 2069 hoc

118 2102 206 2129 non
235 2087 349 2128 idem
379 2087 429 2127 fit
459 2086 505 2127 in
535 2086 730 2140 vocibus,
767 2089 815 2127 ut
854 2101 878 2126 a
908 2086 1182 2127 multitudine
1215 2100 1263 2127 ac
1294 2084 1454 2140 populo

118 2160 206 2187 non
248 2145 373 2186 modo
419 2147 609 2185 catervae
654 2147 781 2198 atque
820 2147 1050 2185 concentus
1090 2144 1163 2185 sed
1204 2143 1334 2184 etiam
1373 2143 1522 2207 ipsiffl

67 2220 100 2246 35
120 2204 203 2245 sibi
235 2202 394 2258 singuli
432 2203 719 2256 discrepantes
758 2202 995 2243 eiciantur?
1056 2201 1314 2255 Mirabilest,
1358 2216 1454 2242 cum

119 2262 350 2317 plurimum
381 2261 426 2301 in
457 2260 650 2302 faciendo
681 2260 852 2301 intersit
883 2260 995 2301 inter
1021 2261 1193 2302 doctum
1220 2263 1262 2301 et
1294 2260 1454 2312 rudem,

120 2335 248 2374 quam
284 2334 371 2360 non
411 2319 594 2359 multum
634 2318 801 2359 differat
840 2318 885 2358 in
921 2318 1158 2360 iudicando.
1219 2318 1302 2358 Ars
1342 2316 1455 2357 enim

1460 2235 1523 2265 197
