1643 2526
143 264 184 295 18

148 789 189 819 19

173 1944 198 1985 6

209 98 235 140 3
245 99 294 139 18
780 95 974 132 ORATOR

208 193 485 249 intellegendi
511 192 595 234 alia
614 192 780 234 dicendi
806 192 1030 246 disciplina
1055 194 1121 232 est
1141 194 1183 232 et
1209 191 1261 232 ab
1283 191 1377 232 aliis
1405 206 1547 232 rerum

211 253 264 293 ab
297 252 392 293 aliis
424 252 651 294 verborum
684 250 878 292 doctrina
910 250 1138 304 quaeritur.
1199 249 1350 304 Itaque
1381 249 1435 290 M.
1462 249 1547 290 An-

210 311 373 364 tonius,
411 310 478 351 cui
509 310 576 351 vel
608 309 768 364 primas
801 308 1067 362 eloquentiae
1099 311 1271 362 patrum
1300 311 1548 349 nostrorum

211 369 430 410 tribuebat
462 371 598 422 aetas,
634 368 698 408 vir
735 370 888 408 natura
925 369 1153 421 peracutus
1186 369 1228 408 et
1264 367 1467 421 prudens,
1502 366 1548 407 in

212 442 261 468 eo
286 427 397 468 libro
425 441 550 481 quem
575 441 707 467 unum
732 426 906 479 reliquit
932 425 1155 466 disertos
1182 425 1241 465 ait
1274 440 1323 466 se
1354 425 1547 466 vidisse

213 485 421 540 multos,
447 485 768 539 eloquentem
796 484 998 525 omnino
1025 483 1284 524 neminem.
1329 483 1549 526 Insidebat

213 544 410 585 videlicet
459 544 503 584 in
553 543 643 584 eius
693 546 835 583 mente
881 542 1041 596 species
1086 541 1371 596 eloquentiae,
1421 556 1549 595 quam

215 603 415 644 cernebat
465 602 626 656 animo,
672 616 716 642 10
766 601 860 655 ipsa
902 615 989 641 non
1033 600 1215 641 videbat.
1283 599 1362 641 Vir
1406 603 1550 641 autem

215 661 421 702 acerrimo
454 660 627 715 ingenio
663 684 713 688 -
749 659 809 700 sic
842 659 954 700 enim
985 658 1069 699 fuit
1105 683 1152 687 —
1190 658 1325 700 multa
1356 661 1398 699 et
1428 659 1474 699 in
1507 673 1550 699 se

216 723 258 760 et
296 720 342 760 111
382 719 476 760 31113
518 718 761 759 desideians
801 717 1015 758 neminem
1054 717 1177 771 plane
1220 717 1291 782 qui
1329 719 1442 758 recte
1480 732 1549 771 ap-

216 778 366 832 pellari
405 778 607 830 eloquens
644 779 791 830 posset
828 776 1017 830 videbat3
1061 776 1174 829 quod
1211 776 1246 815 si
1283 775 1354 816 ille
1391 789 1469 816 nec
1507 789 1551 816 se

215 851 291 878 nec
324 836 370 876 L.
403 835 605 877 Crassum
638 835 907 889 eloquentem
945 834 1131 888 putavit,
1167 833 1319 875 habuit
1358 833 1551 888 profecto

217 894 566 948 comprehensam
607 893 748 934 animo
788 892 1015 946 quamdam
1053 892 1236 933 formam
1274 891 1553 946 eloquentiae,

217 953 284 995 cui
317 952 519 1006 quoniam
544 951 652 992 nihil
678 951 834 1005 deerat,
866 965 937 991 eos
965 950 1119 1005 quibus
1147 950 1306 1004 aliquid
1333 953 1406 991 aut
1430 950 1554 1005 plura

217 1012 391 1053 deerant
427 1011 473 1051 in
514 1025 607 1051 eam
647 1010 830 1050 formam
869 1023 957 1049 non
992 1012 1163 1063 poterat
1199 1008 1425 1050 includere.
1487 1008 1553 1049 In-

218 1070 479 1124 vestigemus
517 1069 629 1109 hunc
672 1068 825 1122 igitur,
865 1067 1018 1122 Brute,
1066 1067 1101 1108 si
1140 1081 1387 1122 possumus,
1428 1081 1553 1120 quem

217 1143 435 1181 nunquam
455 1127 563 1168 vidit
583 1126 795 1167 Antonius
817 1128 890 1166 aut
911 1126 982 1179 qui
1011 1125 1183 1166 omnino
1203 1126 1345 1166 nullus
1365 1140 1554 1179 unquam

220 1187 321 1240 fuit;
354 1200 480 1239 quem
512 1185 547 1226 si
578 1184 741 1225 imitari
774 1187 900 1237 atque
933 1184 1166 1237 exprimere
1197 1197 1284 1224 non
1314 1198 1555 1238 possumus,

219 1245 331 1299 quod
374 1245 486 1285 idem
522 1243 593 1284 ille
637 1243 707 1284 vix
745 1242 822 1283 deo
861 1257 1109 1284 concessum
1148 1256 1239 1283 esse
1283 1241 1469 1296 dicebat,
1511 1245 1555 1282 at

220 1303 356 1357 qualis
390 1317 480 1343 esse
513 1302 664 1342 debeat
695 1300 932 1355 poterimus
964 1300 1146 1341 fortasse
1178 1300 1327 1341 dicere.

337 1361 436 1401 Tria
457 1363 555 1401 sunt
576 1359 748 1401 0111111110
771 1373 926 1414 genera
940 1358 1117 1413 dicendi,
1137 1359 1290 1412 quibus
1310 1358 1356 1399 111
1376 1358 1555 1413 singulis

221 1420 392 1473 quidam
424 1419 672 1471 floruerunt,
702 1432 910 1472 peraeque
943 1420 1098 1471 autem,
1128 1417 1172 1458 id
1204 1417 1317 1470 quod
1347 1417 1556 1471 volumus,

220 1478 421 1532 perpauci
465 1477 510 1517 in
555 1476 764 1517 omnibus.
831 1475 944 1516 Nam
989 1479 1031 1516 et
1075 1475 1363 1530 grandiloqui,
1404 1478 1452 1515 ut
1494 1474 1557 1515 ita

222 1536 379 1590 dicam,
419 1535 592 1576 fuerunt
631 1549 727 1576 cum
759 1534 900 1588 ampla
932 1536 974 1574 et
1007 1534 1314 1574 sententiarum
1347 1533 1556 1588 gravitate

223 1598 265 1636 et
314 1594 538 1635 maiestate
582 1593 827 1646 ver·,b01um
881 1592 1151 1633 vehementes
1203 1591 1342 1643 [varii]
1395 1591 1557 1656 copiosi

224 1667 393 1708 graves,
434 1652 485 1692 ad
522 1651 831 1705 permovendos
870 1653 912 1690 et
949 1650 1255 1691 convertendos
1294 1649 1459 1690 animos
1498 1649 1560 1690 in-

224 1710 378 1751 structi
425 1713 467 1750 et
514 1709 654 1763 parati
699 1733 748 1736 —
793 1708 906 1761 quod
948 1707 1089 1761 ipsum
1134 1708 1207 1748 3111
1251 1722 1401 1761 aspera
1443 1707 1559 1748 tiisti

222 1768 395 1809 horrida
437 1767 628 1808 oratione
669 1780 804 1819 neque
842 1765 1031 1819 perfecta
1068 1769 1194 1820 atque
1233 1765 1449 1820 conclusa,
1487 1765 1559 1806 alii

222 1827 306 1868 levi
333 1830 375 1867 et
401 1829 564 1867 structa
590 1829 632 1866 et
656 1824 885 1865 terminata
910 1848 979 1878 —,
1011 1826 1052 1864 et
1078 1827 1227 1865 contra
1258 1826 1406 1864 tenues
1434 1823 1560 1878 acuti,

227 1885 369 1926 omnia
401 1885 600 1926 docentes
633 1886 675 1924 et
702 1882 962 1935 dilucidiora,
992 1896 1080 1923 non
1106 1881 1313 1936 ampliora
1344 1881 1547 1923 facientes

227 1943 377 1984 subtili
404 1943 587 1996 quadam
612 1944 655 1982 et
679 1955 827 1995 pressa
854 1940 1045 1980 oratione
1072 1940 1228 1994 limati3
1258 1941 1304 1980 in
1330 1940 1559 1993 eodemque

228 2016 379 2056 genere
417 2001 490 2042 alii
528 2000 686 2054 callidi,
731 1999 802 2040 sed
844 1998 1030 2052 impoliti
1075 2002 1117 2039 et
1155 1998 1350 2040 consulto
1391 1998 1560 2039 rudium

229 2059 388 2100 similes
422 2062 464 2099 et
494 2058 810 2112 imperitorum,
849 2056 921 2097 alii
957 2056 1003 2096 in
1034 2057 1180 2098 eadem
1211 2056 1433 2098 ieiunitate
1466 2070 1562 2098 con-

229 2117 452 2171 cimiiores,
469 2116 513 2157 id
533 2120 598 2157 est
625 2115 765 2168 faceti,
790 2115 988 2155 florentes
1010 2115 1139 2156 etiam
1166 2118 1208 2156 et
1233 2115 1384 2156 leviter
1410 2115 1562 2155 ornati.

1571 735 1605 760 10

1574 1026 1605 1052 15

1575 1319 1610 1344 20

1577 1608 1612 1634 25

1550 1900 1613 1936 ‚30

158 2187 200 2217 21
228 2176 309 2217 Est
353 2178 495 2216 autem
539 2174 710 2228 quidam
752 2172 1000 2213 interiectus
1043 2173 1154 2214 inter
1196 2173 1275 2214 hos
1319 2172 1482 2213 medius
1520 2175 1562 2214 et
1581 2187 1614 2214 35

232 2233 354 2289 quasi
379 2236 642 2298 temperatus
661 2247 739 2273 1100
765 2231 956 2272 acumine
976 2231 1263 2284 posteiiorum
1282 2245 1359 2272 nec
1384 2230 1562 2271 fulmine

228 2295 353 2333 utens
375 2290 652 2345 supeiiorum,
666 2289 830 2332 vicinus
851 2289 1088 2345 amboium,
1106 2289 1152 2330 in
1169 2292 1321 2330 neutro
1343 2288 1563 2341 excellens,
