1643 2526
192 88 218 128 2
224 88 279 129 72
767 87 955 121 BRUTUS

193 183 313 224 litius
353 186 426 224 aut
465 182 701 237 elegantius
741 185 814 223 aut
858 182 1030 222 omnino
1074 181 1227 222 melius
1270 184 1344 222 aut
1388 196 1533 236 expec-

126 244 307 284 195taret
345 244 418 282 aut
454 255 580 295 posse
623 241 716 281 fieri
758 240 960 294 putaret?
1011 238 1119 280 Cum
1158 239 1195 280 is
1232 239 1314 281 1106
1350 241 1531 294 probare

194 300 334 353 vellet,
370 299 438 340 Μ’.
466 297 654 353 Curium,
692 313 788 339 cum
818 299 880 339 ita
910 298 1033 339 heres
1062 298 1287 339 institutus
1319 301 1443 352 esset,
1480 298 1532 339 ‘si

194 358 382 412 pupillus
421 360 518 398 ante
556 360 751 398 mortuus
789 359 902 398 esset
940 371 1067 411 quam
1108 356 1154 397 in
1194 370 1314 397 suam
1351 356 1531 397 tutelam

195 415 410 470 venisset’,
450 415 614 470 pupillo
650 429 737 456 non
773 418 875 456 nato
912 415 1111 455 heredem
1149 429 1239 455 esse
1270 429 1358 455 non
1388 429 1530 468 posse:

197 474 298 527 quid
322 474 394 514 ille
418 488 506 514 non
532 473 639 514 dixit
664 474 713 514 de
739 476 1095 514 testamentorum
1118 472 1238 513 iure‘?
1271 473 1320 513 de
1346 472 1531 526 antiquis

195 532 421 573 formulis?
455 546 580 585 quem
608 531 660 572 ad
685 532 857 572 modum
885 531 1014 572 scribi
1041 531 1314 585 oportuisset,
1341 530 1376 571 si
1403 531 1533 572 etiam

128 590 285 632 196filio
322 604 410 631 non
445 593 548 631 nato
587 589 709 630 heres
750 589 1076 630 institueretur?
1127 603 1256 642 quam
1286 589 1532 643 ‘captiosum

198 663 289 689 esse
321 648 494 702 populo,
532 648 645 702 quod
677 648 883 702 scriptum
915 651 1027 689 esset
1057 647 1229 702 neglegi
1261 650 1303 688 et
1334 647 1532 702 opinione

198 707 343 760 quaeri
368 707 611 747 voluntates
638 709 680 747 et
706 706 1060 760 interpretatione
1093 706 1349 746 disertorum
1375 705 1533 760 scripta

131 765 458 818 197simplicium
488 765 712 805 hominum
741 764 1010 818 pervertere?
1046 764 1183 813 Quam
1213 764 1285 804 ille
1317 764 1452 804 multa
1484 763 1533 804 de

199 823 454 864 auctoritate
491 822 627 877 patris
661 822 744 876 sui,
781 822 853 876 qui
892 836 1057 876 semper
1092 822 1159 863 ius
1196 821 1301 862 illud
1339 836 1430 862 esse
1469 822 1535 862 de-

197 881 420 922 fenderat?
470 895 597 935 quam
636 881 808 921 omnino
847 881 983 921 multa
1023 881 1072 921 de
1114 880 1402 921 conservando
1442 880 1534 920 iure

199 939 342 981 civili?
393 938 508 987 Quae
554 939 723 992 quidem
768 939 910 980 onmia
954 954 1050 980 611111
1092 939 1228 992 perite
1268 941 1310 979 et
1351 938 1534 979 scienter

199 1001 291 1038 tum
332 998 427 1049 [ita]
469 997 653 1038 breviter
697 1000 738 1038 et
775 1011 918 1051 presse
957 1000 999 1037 et
1039 997 1142 1037 satis
1180 999 1327 1037 ornate
1365 999 1407 1037 et
1443 1011 1535 1050 per—

199 1056 418 1110 eleganter
444 1056 614 1109 diceret,
646 1055 740 1109 quis
773 1058 884 1096 esset
916 1055 959 1095 in
991 1055 1162 1109 populo,
1194 1054 1266 1108 qui
1292 1057 1365 1095 aut
1391 1068 1536 1108 expec-

129 1114 184 1155 53
200 1117 312 1155 taret
350 1117 423 1154 aut
465 1114 557 1154 fieri
599 1127 725 1168 posse
767 1114 994 1167 quicquam
1034 1113 1185 1154 melius
1225 1112 1425 1167 putaret?
1474 1113 1534 1153 At

199 1187 318 1226 vero,
353 1175 401 1212 ut
440 1175 589 1213 contra
621 1170 799 1212 Crassus
833 1172 885 1212 ab
918 1171 1187 1212 adulescente
1225 1171 1424 1225 delicato,
1461 1171 1533 1224 qui

198 1230 244 1270 in
284 1230 408 1271 litore
454 1230 675 1270 ambulans
721 1229 927 1271 scalmum
966 1229 1223 1284 repperisset
1263 1229 1317 1269 ob
1358 1243 1534 1282 eamque

199 1303 289 1329 rem
322 1288 543 1329 aedificare
574 1303 725 1329 navem
757 1287 1082 1342 concupivisset,
1113 1301 1287 1328 exorsus
1315 1289 1391 1341 est,
1423 1286 1536 1327 simi-

199 1347 297 1387 liter
331 1345 579 1388 Scaevolam
605 1361 655 1386 ex
680 1361 764 1387 uno
798 1347 956 1387 scalmo
990 1345 1199 1400 captionis
1232 1345 1535 1386 centumvirale

199 1405 403 1445 iudicium
423 1404 672 1445 hereditatis
693 1405 898 1445 effecisse:
929 1404 1011 1445 hoc
1036 1404 1107 1444 ille
1132 1403 1269 1457 initio,
1295 1403 1533 1444 consecutis

200 1463 348 1504 multis
374 1463 561 1504 eiusdem
582 1463 748 1517 generis
776 1462 1010 1517 sententiis,
1036 1461 1261 1503 delectavit
1287 1461 1534 1514 animosque

202 1521 391 1562 omnium
430 1521 501 1574 qui
543 1522 718 1561 aderant
753 1521 798 1561 in
834 1521 1095 1561 hilaritatem
1134 1535 1158 1560 a
1189 1520 1414 1561 severitate
1452 1522 1535 1560 tra-

201 1580 338 1634 duxit,
372 1579 485 1632 quod
517 1582 581 1620 est
613 1594 745 1620 unum
777 1594 826 1619 ex
858 1579 1008 1632 tribus,
1041 1593 1147 1632 quae
1173 1578 1259 1618 dixi
1285 1578 1337 1618 ab
1365 1580 1532 1618 oratore

202 1638 311 1678 effici
357 1637 520 1677 debere.
585 1637 743 1677 Deinde
787 1637 867 1678 hoc
908 1636 1093 1677 voluisse
1137 1651 1251 1689 eum,
1294 1635 1366 1689 qui
1406 1638 1535 1676 testa-

201 1698 392 1735 mentum
417 1695 601 1749 fecisset,
632 1695 712 1736 hoc
740 1695 933 1749 sensisse,
960 1708 1130 1748 quoquo
1157 1694 1282 1734 modo
1308 1693 1421 1734 filius
1447 1707 1534 1734 non

201 1756 332 1807 esset,
376 1753 447 1806 qui
484 1753 530 1793 in
568 1767 688 1793 suam
725 1753 906 1793 tutelam
937 1752 1116 1806 veniret,
1160 1751 1247 1792 sive
1284 1765 1371 1792 non
1406 1754 1532 1792 natus

202 1811 288 1851 sive
322 1814 418 1851 ante
450 1813 656 1865 mortuus,
688 1809 839 1851 Curius
870 1810 997 1851 heres
1024 1813 1072 1851 ut
1103 1813 1231 1865 esset3
1261 1809 1325 1850 ita
1350 1809 1533 1850 scribere

200 1869 424 1923 plerosque
463 1872 505 1909 et
541 1869 584 1909 id
620 1869 759 1909 valere
800 1871 843 1909 et
879 1868 1062 1909 valuisse
1101 1882 1275 1922 semper.
1336 1867 1454 1908 Haec
1491 1870 1533 1908 et

201 1927 337 1967 multa
376 1927 583 1968 eiusmodi
627 1927 768 1968 dicens
811 1926 937 1967 fidem
979 1926 1183 1980 faciebat3
1233 1926 1346 1980 quod
1382 1928 1447 1966 est
1484 1940 1535 1966 ex

133 1985 338 2026 198tribus
378 1985 559 2025 oratoris
602 1985 753 2026 officiis
792 1985 983 2026 alterum.
1044 1984 1207 2025 Deinde
1244 1998 1425 2038 aequum
1462 1983 1534 2023 bo-

200 2057 320 2097 num,
357 2046 713 2084 testamentorum
746 2043 977 2083 sententias
1009 2043 1335 2095 voluntatesque
1367 2043 1533 2082 tutatus

201 2103 282 2142 est:
317 2103 476 2154 quanta
502 2104 613 2142 esset
639 2101 683 2141 in
708 2101 849 2142 verbis
876 2100 1016 2155 captio
1038 2116 1133 2142 cum
1158 2100 1203 2141 in
1228 2099 1380 2141 ceteris
1405 2099 1532 2140 rebus

200 2162 293 2200 tum
318 2159 363 2199 in
388 2159 670 2213 testamentis,
702 2159 737 2200 si
762 2158 1089 2214 neglegerentur
1113 2159 1374 2212 voluntates3
1406 2171 1533 2211 quan-

200 2220 289 2258 tam
316 2217 398 2258 sibi
428 2217 666 2271 potentiam
689 2217 891 2258 Scaevola
917 2218 1169 2272 adsumeret,
1201 2217 1237 2257 si
1261 2229 1386 2257 nemo
1413 2215 1535 2256 aude-

200 2279 265 2316 ret
298 2278 602 2317 testamentum
632 2275 770 2317 facere
801 2278 951 2330 postea
975 2275 1059 2317 nisi
1086 2276 1135 2316 de
1165 2275 1280 2316 illius
1313 2273 1533 2315 sententia.

1554 721 1586 746 10

1554 1012 1586 1037 15

1554 1303 1588 1328 20

1553 1593 1586 1618 25

1552 1883 1586 1909 30

1551 2171 1584 2197 35
