1643 2526
488 98 587 135 OAP.
615 101 764 133 32-33.
816 101 834 139 g
862 99 1058 131 109—116.
1343 96 1442 153 ‚417

98 194 231 249 liaris,
263 194 298 236 si
325 194 474 248 audaX,
506 193 543 234 si
572 193 691 248 levis,
722 192 758 234 si
784 191 978 246 crudelis,
1010 191 1046 231 si
1075 190 1288 245 inpotens,
1321 190 1357 231 si
1384 191 1446 231 in-

101 256 270 307 cautus,
303 253 338 293 si
369 251 594 307 insipiens,
631 251 666 292 si
699 265 864 304 amans,
899 250 934 290 si
967 252 1183 290 commota
1214 251 1376 304 mente,
1408 248 1444 289 si

101 311 362 365 vinolentus,
406 311 442 352 si
486 325 583 352 cum
627 324 699 364 spe
744 308 974 362 efficiendi,
1023 308 1059 348 si
1104 323 1200 349 cum
1245 307 1444 362 opinione

102 370 266 411 celandi
306 372 398 424 aut,
437 369 472 410 si
509 368 773 424 patefactum
811 370 941 421 esset,
980 366 1216 420 depellendi
1254 366 1445 407 criminis

66 444 82 469 5
101 428 169 470 vel
205 427 507 482 perrumpendi
548 426 726 481 periculi
763 425 830 467 vel
866 425 910 466 in
953 424 1238 480 longinquum
1276 428 1445 479 tempus

102 486 340 541 differendi,
373 489 447 527 aut
474 485 510 527 si
535 485 682 526 iudicii
707 499 844 539 poena
874 483 1008 525 levior
1035 498 1163 537 quam
1194 483 1297 524 facti
1328 497 1448 537 prae-

101 545 252 600 mium,
298 547 371 585 aut
412 544 447 585 si
485 543 687 585 facinoris
720 543 917 597 voluptas
949 541 1086 582 maior
1118 556 1246 596 quam
1277 542 1448 582 damna-

102 603 233 644 tionis
267 603 398 644 dolor.
460 602 541 643 His
574 602 687 643 em'm
718 601 805 642 fere
837 601 964 641 rebus
996 600 1101 641 facti
1128 600 1314 654 suspicio
1348 610 1515 640 con-113

101 662 309 714 firmatur,
341 676 436 702 cum
468 664 511 701 et
542 659 779 701 voluntatis
811 659 857 699 in
887 673 959 700 reo
993 673 1145 700 causae
1177 658 1448 712 reperiuntur

50 736 82 760 10
103 723 146 761 et
171 719 409 761 facultates.
459 719 510 759 In
534 719 755 760 voluntate
783 720 926 758 autem
952 717 1117 758 utilitas
1145 731 1195 758 ex
1221 716 1446 771 adeptione

103 778 315 832 aliquoius
366 777 579 819 commodi
628 776 918 830 vitationeque
974 775 1234 816 incommodi
1285 775 1448 828 quaeri-

101 840 189 890 tur,
233 840 280 878 ut
325 839 399 877 aut
443 850 537 890 spes
577 839 651 877 aut
694 837 833 876 metus
876 834 1097 888 impulisse
1140 833 1335 874 videatur
1373 836 1447 874 aut

103 894 257 948 aliquis
296 894 544 949 repentinus
583 893 713 934 animi
751 896 913 946 motus,
958 892 1030 947 qui
1069 892 1199 933 etiam
1238 892 1373 933 citius.
1402 891 1448 931 in

102 952 295 994 fraudem
327 967 455 1006 quam
487 953 597 994 ratio
630 951 833 992 utilitatis
865 950 1061 1005 impellit.
1113 949 1249 998 Quam
1276 951 1330 991 ob
1358 964 1447 990 rem

51 1026 83 1052 15
102 1011 206 1052 haec
234 1011 320 1052 sint
346 1011 460 1052 dicta
486 1011 535 1052 de
563 1025 701 1052 causa.
764 1008 808 1050 O.
840 1009 981 1050 Teneo
1009 1012 1051 1050 et
1077 1023 1234 1062 quaero
1263 1008 1334 1063 qui
1360 1008 1447 1049 sint
1461 986 1516 1027 33

102 1070 166 1110 illi
198 1072 392 1124 eventus,
433 1083 538 1123 quos
578 1084 628 1109 ex
666 1068 805 1110 causis
844 1067 955 1108 effici
995 1067 1153 1108 dixisti.
1214 1066 1260 1108 P.
1293 1055 1518 1108 Conse-¹14

104 1127 278 1182 quentia
319 1128 526 1182 quaedam
568 1127 689 1181 signa
728 1126 949 1181 praeteriti
992 1128 1035 1166 et
1076 1125 1198 1179 quasi
1238 1125 1448 1180 impressa

102 1186 207 1228 facti
238 1186 438 1241 vestigia,
482 1200 589 1239 quae
628 1185 797 1239 quidem
835 1184 902 1225 vel
939 1183 1122 1224 maxime
1161 1184 1465 1240 suspicionem·
1516 1217 1523 1219 -

104 1247 278 1286 movent
298 1247 346 1286 et
361 1247 461 1284 sunt
483 1243 604 1297 quasi
630 1243 764 1284 tacita
789 1242 1016 1284 criminum
1042 1242 1294 1283 testimonia
1319 1246 1447 1297 atque

52 1318 86 1343 20
104 1303 186 1344 hoc
219 1302 388 1356 quidem
422 1302 631 1357 graviora,
664 1301 777 1355 quod
808 1315 959 1342 causae
993 1300 1276 1341 communiter
1307 1301 1449 1341 viden-

105 1364 176 1402 tur
200 1360 448 1401 insimulare
481 1364 523 1401 et
556 1374 731 1415 arguere
764 1359 902 1400 omnis
935 1373 1073 1413 posse,
1107 1373 1288 1412 quorum
1320 1359 1446 1400 modo
1501 1360 1506 1364 ”

102 1418 348 1460 interfuerit
373 1419 545 1473 aliquid,
570 1419 673 1459 haec
694 1418 863 1472 proprie
885 1417 1106 1472 attingunt
1126 1431 1198 1457 eos
1224 1417 1354 1471 ipsos,
1375 1417 1447 1470 qui

104 1480 363 1532 arguuntur,
401 1480 448 1518 ut
485 1477 636 1531 telum,
673 1479 721 1517 ut
753 1475 1003 1530 vestigium,
1040 1478 1088 1516 ut
1121 1490 1265 1530 cruor,
1302 1478 1350 1516 ut
1382 1476 1449 1516 de-

103 1536 362 1590 prehensum
394 1535 566 1589 aliquid,
598 1535 710 1589 quod
741 1535 934 1575 ablatum
966 1536 1210 1588 ereptumve
1242 1533 1449 1587 videatur,

51 1609 86 1635 25
106 1597 154 1635 ut
173 1608 426 1648 responsum
445 1594 751 1648 inconstanter,
770 1596 818 1633 ut
840 1592 1113 1647 haesitatum,
1132 1595 1181 1633 ut
1200 1592 1449 1646 titubatum,

104 1656 153 1693 ut
185 1667 282 1694 cum
314 1652 457 1706 aliquo
490 1653 624 1706 visus,
661 1667 711 1693 ex
749 1666 832 1706 quo
873 1650 1059 1705 suspicio
1100 1650 1280 1705 oriatur,
1318 1654 1366 1691 ut
1398 1665 1447 1691 eo

104 1711 198 1765 ipso
223 1711 270 1751 in
295 1710 389 1752 loco
416 1710 546 1766 visus,
570 1711 616 1751 in
641 1725 724 1765 quo
751 1710 930 1764 facinus,
954 1712 1002 1750 ut
1027 1709 1176 1763 pallor,
1203 1712 1251 1749 ut
1276 1712 1450 1763 tremor,

105 1771 154 1810 ut
186 1768 394 1823 scriptum
426 1772 499 1810 aut
532 1769 808 1824 obsignatum
840 1770 914 1809 aut
946 1768 1187 1821 depositum
1216 1767 1447 1822 quippiam.

108 1826 225 1868 Haec
257 1826 371 1867 enim
401 1827 505 1868 talia
537 1830 649 1881 sunt,
690 1842 796 1881 quae
829 1829 903 1868 aut
933 1826 978 1866 in
1009 1840 1054 1866 re
1086 1825 1181 1879 ipsa
1213 1829 1287 1866 aut
1319 1826 1449 1867 etiam

53 1903 87 1927 30
108 1888 204 1926 ante
237 1899 365 1938 quam
395 1884 558 1926 factum
589 1888 654 1926 est
687 1888 761 1926 aut
792 1887 942 1939 postea
974 1884 1258 1938 suspiciosum
1290 1884 1450 1925 crimen

107 1942 307 1984 efficiant.
370 1942 485 1991 Quae
523 1943 559 1984 si
595 1957 683 1984 non
720 1946 862 1997 erunt,
901 1946 1046 1983 tamen
1084 1942 1223 1983 causis
1261 1942 1367 1996 ipsis
1406 1945 1518 1983 et115

108 2000 319 2042 efficiendi
350 2000 630 2047 facultatibus
661 2001 743 2042 niti
775 2001 1018 2055 oportebit„
1036 2001 1236 2042 adiuncta
1267 2001 1342 2041 illa
1368 2000 1449 2042 dis-

107 2059 331 2113 putatione
369 2059 601 2114 communi,
643 2074 731 2101 non
766 2059 898 2100 fuisse
935 2059 1058 2099 illum
1096 2062 1185 2100 tam
1224 2062 1450 2112 amentem,

109 2120 157 2158 ut
187 2117 345 2158 indicia
375 2116 479 2158 facti
506 2121 579 2158 aut
605 2118 789 2173 effugere
822 2120 896 2158 aut
928 2117 1142 2159 occultare
1174 2131 1261 2158 non
1291 2120 1449 2171 posset,

55 2192 89 2218 35
108 2178 156 2216 ut
198 2175 259 2216 ita
304 2178 475 2229 apertus
519 2178 649 2229 esset,
691 2179 740 2217 ut
782 2176 925 2217 locum
967 2175 1135 2217 crimini
1178 2176 1447 2228 relinqueret.

109 2232 358 2274 Communis
389 2233 461 2274 ille
494 2236 641 2274 contra
672 2233 804 2289 locus,
836 2234 1057 2275 audaciam
1086 2233 1332 2287 temeritati,
1362 2247 1450 2273 non

107 2291 358 2346 prudentiae
385 2306 476 2332 esse
503 2292 784 2333 coniunctam.
831 2291 1034 2346 Sequitur
1059 2292 1131 2332 ille
1159 2295 1302 2332 autem
1328 2291 1517 2332 locusllss

179 2365 248 2391 010.
269 2367 292 2391 1.
313 2367 335 2392 2.
1118 2363 1161 2393 27
