1643 2526
496 124 596 159 CAP.
623 128 772 158 31—32.
810 128 830 166 ξ
857 127 1054 160 115-12-2.
1364 123 1448 165 253

110 236 135 263 a
166 220 421 275 disputando
454 221 506 261 ad
538 219 761 261 dicendum
791 219 940 274 inopes
971 218 1248 274 reperiantur.
1305 218 1449 260 Unum

110 279 275 333 excipio
297 279 517 332 Catonem,
541 279 586 318 in
612 292 695 332 quo
721 277 1048 332 perfectissumo
1071 276 1216 319 Stoico
1237 292 1448 318 summam

110 337 397 391 eloquentiam
428 351 515 378 non
541 337 786 391 desiderem,
819 351 946 391 quam
972 336 1171 391 exiguam
1201 336 1247 377 in
1271 336 1450 391 Fannio,

110 410 162 437 ne
199 395 245 436 in
275 395 441 436 Rutilio
481 395 650 449 quidem
687 409 905 450 magnam,
942 395 987 435 in
1024 394 1248 436 Tuberone
1285 395 1448 436 nullam

75 472 92 497 ὅ
111 454 232 495 video
259 454 402 495 fuisse.
447 454 506 495 Et
533 468 630 509 ego:
662 452 774 508 Non,
798 453 985 507 inquam,
1016 452 1161 507 Brute,
1193 453 1283 494 sine
1310 464 1517 509 causa,119

109 515 337 567 propterea
367 513 480 566 quod
510 512 692 553 istorum
722 512 768 553 in
800 512 1033 553 dialecticis
1062 511 1199 552 omnis
1228 527 1328 553 cura
1354 526 1450 553 con—

111 571 306 624 sumitur,
337 585 494 626 vagum
526 571 630 611 illud
663 570 869 611 orationis
902 574 944 611 et
974 570 1119 611 fusum
1150 573 1193 611 et
1224 570 1450 625 multiplex

109 643 197 670 non
228 629 455 670 adhibetur
488 644 632 684 genus.
693 629 809 670 Tuus
841 632 985 670 autem
1019 629 1270 683 avunculus,
1308 643 1451 683 quem-

111 688 339 728 admodum
372 688 472 741 scis,
509 688 639 728 habet
678 703 701 728 a
735 686 891 728 Stoicis
928 688 989 742 id,
1028 688 1141 740 quod
1179 687 1231 728 ab
1263 687 1349 728 illis
1382 702 1451 741 pe-

58 765 91 789 10
111 747 284 787 tendum
328 746 427 800 fuit3
471 746 544 787 sed
587 746 723 787 dicere
767 746 915 787 didicit
959 761 983 787 a
1027 745 1191 787 dicendi
1228 746 1449 801 magistris

110 819 339 858 eorumque
372 819 489 845 more
528 819 571 845 se
605 804 802 846 exercuit.
865 804 985 852 Quod
1018 804 1054 845 si
1087 804 1229 845 omnia
1261 820 1284 844 a
1315 804 1450 858 philo-

111 863 256 917 sophis
289 866 431 904 essent
462 863 656 917 petenda,
689 863 1073 917 Peripateticorum
1098 863 1310 904 institutis
1338 877 1449 904 com-

110 921 275 962 modius
318 922 552 977 fingeretur
597 921 746 962 oratio.
808 920 900 969 Quo
945 921 1082 976 magis
1127 924 1267 976 tuum,
1303 921 1518 976 Brute,120

108 979 311 1021 iudicium
338 980 487 1034 probo,
514 979 585 1033 qui
612 994 759 1020 eorum
787 979 847 1031 [id
873 983 938 1020 est
965 994 1016 1020 ex
1035 982 1176 1020 vetere
1197 980 1446 1031 Academia]

57 1056 89 1081 15
108 1038 464 1092 philosophorum
496 1041 656 1079 sectam
689 1041 859 1079 secutus
887 1052 944 1092 es,
976 1052 1156 1091 quorum
1182 1038 1228 1078 in
1254 1038 1449 1079 doctrina

110 1100 236 1150 atque
269 1096 505 1151 praeceptis
533 1096 765 1137 disserendi
797 1096 906 1137 ratio
934 1096 1209 1151 coniungitur
1235 1111 1330 1138 cum
1357 1111 1449 1137 sua-

109 1154 242 1196 vitate
269 1155 435 1196 dicendi
467 1158 509 1196 et
541 1155 681 1210 copia,
714 1169 971 1208 quamquam
998 1170 1047 1196 ea
1078 1155 1171 1209 ipsa
1197 1154 1449 1209 Peripateti·
1503 1202 1510 1204 ,

110 1227 259 1254 corum
279 1213 715 1266 Academicorumque
737 1213 1000 1254 consuetudo
1025 1213 1071 1253 in
1096 1213 1262 1254 ratione
1283 1214 1448 1255 dicendi

109 1271 209 1312 talis
248 1275 331 1326 est,
367 1275 415 1312 ut
452 1286 529 1313 nec
566 1272 768 1326 perficere
810 1275 1024 1312 oratorem
1063 1272 1201 1326 possit
1240 1272 1335 1326 ipsa
1374 1287 1450 1326 per

56 1348 90 1372 20
111 1344 200 1370 sese
232 1344 309 1371 nec
343 1330 432 1370 sine
465 1345 514 1370 ea
546 1333 690 1370 orator
722 1344 813 1370 esse
839 1329 1064 1384 perfectus.
1126 1329 1239 1371 Nam
1264 1333 1313 1370 ut
1341 1330 1450 1371 Stoi-

110 1401 257 1429 corum
297 1388 514 1429 astrictior
552 1391 617 1428 est
656 1388 794 1429 oratio
832 1388 1135 1441 aliquantoque
1177 1388 1450 1443 contractior,

111 1461 239 1500 quam
272 1461 393 1487 aures
425 1446 573 1500 populi
610 1446 850 1500 requirunt,
889 1446 948 1487 sic
984 1446 1157 1487 illorum
1194 1446 1370 1487 liberior
1407 1450 1449 1487 et

110 1504 256 1559 latior,
300 1520 428 1559 quam
470 1504 634 1558 patitur
673 1504 935 1546 cousuetudo
973 1504 1229 1545 iudiciorum
1266 1508 1309 1545 et
1354 1504 1448 1546 fori.

112 1562 214 1611 Quis
255 1562 367 1603 enim
410 1563 582 1603 uberior
621 1563 666 1603 in
710 1563 885 1604 dicendo
927 1562 1136 1604 Platone?
1201 1563 1347 1604 Iovem
1388 1563 1514 1604 sim-21

61 1639 92 1664 25
114 1622 235 1662 aiunt
278 1621 542 1676 philosophi,
592 1621 627 1661 si
672 1620 830 1662 Graece
874 1621 1093 1675 loquatur,
1141 1621 1270 1676 loqui.
1345 1620 1448 1670 Quis

110 1679 346 1720 Aristotele
366 1679 598 1733 nervosior,
618 1679 914 1733 Theophrasto
942 1679 1134 1720 dulcior?
1166 1679 1449 1721 Lectitavisse

110 1737 336 1779 Platonem
374 1738 582 1792 studiose,
619 1738 831 1778 audivisse
870 1738 999 1778 etiam
1036 1737 1350 1779 Demosthenes
1392 1738 1450 1779 di-

111 1796 223 1836 citur
262 1821 311 1825 —
346 1796 472 1850 idque
511 1799 688 1850 apparet
725 1811 775 1837 ex
813 1810 965 1851 genere
1003 1799 1045 1836 et
1084 1796 1323 1851 granditate
1361 1811 1449 1838 ver-

111 1854 282 1908 borum3
320 1854 423 1895 dicit
461 1855 590 1895 etiam
626 1854 672 1894 in
710 1855 892 1908 quadam
931 1853 1113 1908 epistula
1149 1854 1230 1895 hoc
1266 1855 1358 1908 ipse
1400 1855 1449 1896 de

58 1929 92 1954 30
113 1926 202 1952 sese
234 1936 309 1966 —,
347 1913 419 1952 sed
457 1915 499 1952 et
531 1912 656 1953 huius
691 1913 827 1954 oratio
866 1912 911 1952 in
942 1912 1256 1966 philosophiam
1292 1913 1450 1954 tralata

111 1969 360 2025 pugnacior,
390 1973 439 2010 ut
469 1970 531 2010 ita
563 1970 712 2025 dicam,
742 1971 910 2012 videtur
942 1974 984 2011 et
1014 1970 1186 2011 illorum
1217 1971 1263 2011 in
1293 1971 1450 2013 iudicia

110 2028 314 2082 pacatior.
1467 2066 1488 2087 9

229 2086 355 2127 Nunc
386 2086 647 2139 reliquorum
680 2090 898 2128 oratorum
931 2090 1112 2141 aetates,
1151 2087 1186 2128 si
1217 2088 1376 2142 placet,
1409 2091 1451 2129 et
1465 2086 1489 2106 ‘²
1500 2133 1518 2151 ἢ

114 2144 270 2199 gradus
301 2159 616 2198 persequamur.
675 2144 813 2186 Nobis
851 2159 971 2199 vero,
1008 2145 1148 2199 inquit
1178 2145 1370 2199 Atticus,
1408 2134 1518 2186 etw*

59 2219 93 2244 35
113 2202 386 2243 vehementer
418 2202 605 2256 quidem,
641 2206 689 2243 ut
719 2217 796 2257 pro
828 2203 963 2244 Bruto
997 2203 1127 2245 etiam
1158 2205 1449 2258 respondeam.

115 2259 242 2301 Curio
280 2260 363 2301 fuit
400 2260 534 2315 igitur
571 2260 758 2302 eiusdem
797 2262 951 2302 aetatis
988 2261 1076 2302 fere
1115 2277 1214 2303 sane
1254 2261 1447 2302 inlustris

115 2322 271 2373 orator,
297 2318 416 2360 cuius
443 2319 493 2359 de
518 2318 691 2373 ingenio
718 2333 767 2359 ex
789 2320 1054 2360 orationibus
1082 2320 1172 2360 eius
1199 2319 1449 2360 existumari

1500 2066 1520 2092 )

1496 2074 1505 2083 ι

1495 2097 1516 2105 -ι
