1643 2526
562 52 662 88 CAP.
688 56 743 88 26.
793 56 812 95 g
839 56 1011 88 95—100.
1365 55 1450 96 449

120 148 258 204 magis
307 151 450 190 tamen
499 150 598 189 sunt
645 147 818 202 propria
865 147 1077 188 narrandi.
1151 147 1266 196 Quae
1307 151 1452 189 autem
1477 160 1520 190 98

121 207 312 261 sequitur
347 206 635 248 narrationem
670 206 793 260 fides,
836 220 884 247 ea
919 206 1211 260 persuadendo
1250 206 1451 259 quoniam

119 265 322 320 efficitur,
362 265 434 319 qui
466 265 518 306 ad
553 264 891 330 persuadendum
927 263 1011 305 loci
1048 279 1244 304 maxume
1282 264 1451 304 valeant

119 323 281 364 dictum
312 326 377 364 est
406 323 451 364 in
481 323 547 377 iis,
585 323 631 363 in
661 322 815 376 quibus
848 323 896 363 de
930 322 1045 364 omni
1076 322 1242 363 latione
1274 322 1450 363 dicendi.

82 380 340 423 5Peroratio
379 384 522 422 autem
559 384 600 422 et
639 381 722 422 alia
759 381 966 434 quaedam
1004 381 1135 421 habet
1175 384 1217 421 et
1254 395 1450 421 maxume

118 439 510 494 amplificationem,
543 439 662 480 0111115
694 440 868 480 effectus
898 439 968 480 1110
1001 439 1126 480 debet
1158 454 1266 504 esse,
1297 442 1345 480 ut
1378 442 1451 480 aut

115 498 420 552 per-*sumentur
457 497 587 538 animi
625 500 699 538 aut
736 497 1084 552 tranquillentur
1124 501 1167 538 et
1205 497 1240 538 si
1271 497 1333 538 ita
1364 498 1450 538 iam

118 556 273 598 adfecti
299 559 397 597 ante
424 556 522 610 sint,
545 559 593 597 ut
618 559 691 597 aut
719 559 873 611 augeat
898 570 1045 597 eorum
1070 559 1212 597 motus
1234 559 1308 597 aut
1333 557 1451 597 sedet

118 614 266 655 oratio.
327 614 440 655 Huic
478 614 638 669 oeneri,
673 614 719 654 in
757 629 840 663 quo
878 617 920 655 et
952 614 1240 656 misericordia
1280 616 1340 667 [01
1369 614 1450 655 ira
1476 625 1518 656 99

67 689 99 714 11
119 673 287 725 cundia]
327 676 369 714 et
407 673 549 713 odium
587 675 630 713 et
665 672 825 714 invidia
865 676 908 714 et
945 676 1108 714 ceterae
1147 673 1277 713 animi
1316 673 1451 714 adfec-

116 731 256 772 tiones
287 731 603 785 perturbantur,
634 735 860 785 praecepta
891 731 1216 785 suppeditantur
1242 731 1336 772 aliis
1371 732 1448 784 [in]

115 789 250 843 libris,
282 803 387 843 quos
418 789 578 844 poteris
604 804 770 830 mecum
800 790 954 844 legere,
985 804 1114 843 quom
1138 790 1266 831 voles.
1317 790 1382 830 Ad
1407 790 1451 830 id

117 851 272 902 autem,
303 848 416 901 quod
447 851 489 888 te
514 848 620 888 velle
653 862 877 899 senseram,
909 848 1122 889 cumulate
1155 849 1258 889 satis
1289 848 1451 889 factum

117 920 208 947 esse
240 906 395 948 debent
425 906 637 947 voluntati
669 909 777 946 tuae.
839 905 952 946 Nam
982 921 1034 947 ne
1068 907 1345 961 praeterirem
1378 907 1519 948 ali-100

64 981 96 1005 15
117 964 230 1017 quid,
267 964 379 1018 quod
410 965 462 1005 ad
493 967 791 1018 argumentum
822 964 867 1004 in
899 965 1013 1005 omni
1045 965 1210 1006 ratione
1241 965 1450 1019 reperien-

116 1023 216 1063 dum
240 1023 485 1076 pertineret,
508 1023 643 1076 plura,
669 1037 795 1076 quam
823 1038 845 1063 a
871 1026 914 1063 te
934 1023 1171 1064 desiderata
1196 1027 1329 1077 erant,
1355 1038 1450 1064 sum

115 1081 358 1135 complexus
389 1080 553 1134 fecique
586 1081 699 1135 quod
730 1095 853 1135 saepe
884 1081 1081 1123 liberales
1113 1082 1353 1123 venditores
1386 1096 1450 1123 so-

113 1138 215 1192 lent,
245 1142 306 1193 111,
336 1153 432 1180 cum
464 1139 586 1180 aedes
618 1139 847 1180 fundumve
879 1139 1144 1181 vendiderint
1174 1140 1282 1181 rutis
1315 1141 1448 1182 caesis

114 1197 308 1251 receptis,
328 1197 560 1238 concedant
579 1199 722 1238 tamen
742 1197 902 1251 aliquid
922 1199 1116 1252 emptori,
1137 1199 1249 1252 quod
1270 1199 1448 1240 ornandi
1479 1245 1488 1249 ‚

63 1272 96 1296 20
117 1269 243 1296 causa
275 1258 371 1309 apte
399 1259 440 1296 et
466 1256 560 1296 loco
591 1255 780 1309 positum
812 1270 903 1297 esse
935 1257 1144 1311 videatur3
1177 1257 1237 1298 510
1262 1257 1343 1298 tibi
1368 1272 1447 1298 nos

117 1313 169 1353 ad
193 1313 248 1367 id,
280 1313 392 1366 quod
418 1314 538 1366 quasi
570 1313 781 1368 mancipio
808 1315 906 1354 dare
933 1314 1168 1369 debuimus,
1200 1318 1450 1357 ornamenta

117 1371 324 1425 quaedam
352 1371 564 1412 voluimus
595 1386 683 1412 non
713 1372 857 1413 debita
888 1374 1094 1414 accedere.

191 2311 259 2336 CIC.
278 2311 301 2336 1.
322 2312 349 2338 2.
1122 2314 1165 2344 29
