1643 2526
161 123 188 164 2
192 123 216 164 2
221 123 247 164 2
673 123 735 157 DE
763 122 987 158 ORATORE

163 222 206 260 et
231 233 303 260 eos
328 219 464 260 isdem
495 218 609 260 notis
643 222 685 259 et
715 219 761 260 in
793 218 887 259 aliis
921 220 1161 273 agnoscunt
1193 220 1235 258 et
1265 218 1312 259 in
1343 232 1386 259 se
1418 218 1501 272 ipsi

162 278 363 319 indicant.

279 336 348 376 Ad
380 335 560 376 actionis
594 338 736 376 autem
762 350 887 376 usum
914 337 1040 388 atque
1072 334 1240 375 laudem
1272 335 1502 376 maximam

165 394 254 435 sine
288 394 416 435 dubio
448 397 614 448 partem
646 408 728 435 vox
761 393 944 448 optinet,
977 407 1083 446 quae
1114 392 1300 446 primum
1333 396 1398 434 est
1432 408 1502 448 op-

164 453 295 494 tanda
325 452 469 507 nobis·
501 452 662 506 deinde,
695 466 983 505 quaecumque
1010 451 1102 505 erit,
1135 465 1183 492 ea
1208 452 1375 492 tuenda
1436 451 1500 492 De
1522 470 1537 495 5

165 525 248 564 quo
279 511 385 551 illud
416 487 502 552 iain
533 511 642 551 nihil
674 511 726 551 ad
763 510 843 551 hoc
880 509 1166 564 praecipiendi
1205 524 1337 564 genus
1378 524 1502 564 quem

166 570 217 610 ad
248 570 422 610 modum
452 569 547 610 voci
581 569 806 623 serviatur,
844 568 1038 621 equidem
1070 571 1215 608 tamen
1245 582 1502 623 magnopere

166 642 316 669 censeo
350 628 638 681 serviendum,
683 627 755 668 sed
786 627 891 667 illud
922 626 1090 667 videtur
1122 626 1174 667 ab
1206 626 1333 667 huius
1365 627 1503 668 nostri

166 686 373 727 sermonis
416 686 557 727 officio
598 700 685 726 non
724 685 951 726 abhorrere
993 685 1123 738 quod,
1165 688 1213 725 ut
1251 685 1337 725 dixi
1374 685 1501 739 paulo

165 747 281 798 ante,
322 744 542 799 plurimeis
579 743 625 784 in
661 744 788 784 rebus
828 744 939 796 quod
976 743 1159 784 maxime
1196 746 1261 784 est
1297 743 1422 797 utile,
1458 744 1555 788 idm

163 803 306 844 nescio
334 817 417 856 quo
443 805 569 857 pacto
597 802 726 842 etiam
752 802 872 842 decet
897 801 1091 842 maxime.
1143 801 1255 842 Nam
1279 802 1330 842 ad
1355 815 1503 843 vocem

165 861 441 915 optinendam
484 860 592 901 nihil
636 863 699 900 est
743 860 892 900 utilius
937 874 1064 913 quam
1115 860 1262 900 crebra
1308 860 1504 914 mutatio,

94 313 150 354 60

93 382 112 412 2
120 382 197 412 24

164 919 273 960 nihil
304 919 584 974 perniciosius
615 933 743 972 quam
774 918 907 958 effusa
939 918 1028 958 sine
1059 918 1376 958 intermissione
1409 933 1504 960 con-

94 977 311 1018 225tentio.
374 977 512 1025 Quid?
545 977 597 1017 ad
623 977 737 1017 auris
763 979 931 1017 nostras
965 979 1007 1016 et
1034 976 1215 1017 actionis
1248 976 1503 1018 suavitatem

164 1036 264 1089 quid
308 1039 372 1076 est
415 1035 708 1076 vicissitudine
754 1037 795 1075 et
835 1035 1042 1075 varietate
1084 1037 1126 1075 et
1168 1035 1501 1076 commutatione
1524 1056 1556 1081 15

164 1094 334 1148 aptius?
366 1093 516 1146 Itaque
544 1096 586 1133 et
611 1094 723 1133 idem
746 1091 961 1133 Gracchus
983 1117 1036 1121 —
1060 1093 1172 1146 quod
1196 1096 1319 1146 potes
1347 1093 1504 1147 audire,

165 1150 327 1206 Catule,
360 1167 409 1192 ex
440 1151 606 1192 Licinio
640 1151 792 1192 cliente
824 1155 899 1191 tuo
932 1151 1123 1192 litterato
1156 1151 1340 1204 homine,
1379 1166 1504 1205 quem

165 1225 331 1251 servom
364 1210 447 1250 sibi
477 1210 549 1250 ille
581 1209 733 1250 habuit
766 1209 817 1249 ad
850 1223 1022 1249 manum
1057 1233 1106 1238 —
1144 1224 1238 1250 cum
1271 1209 1502 1250 eburneola

165 1269 317 1309 solitus
344 1271 409 1309 est
433 1268 590 1308 habere
611 1267 766 1321 fistula,
793 1267 866 1321 qui
893 1270 1026 1308 staret
1048 1267 1211 1308 occulte
1231 1271 1331 1322 post
1350 1268 1504 1322 ipsum,

165 1342 260 1368 cum
293 1326 624 1379 contionaretur,
662 1325 846 1380 peritum
877 1325 1106 1379 hominem,
1139 1325 1210 1379 qui
1241 1325 1410 1366 inflaret
1442 1341 1503 1367 ce-
1523 1348 1556 1372 -20

163 1385 309 1426 leriter
340 1400 437 1425 eum
470 1399 633 1438 sonum,
665 1398 748 1437 quo
780 1384 902 1424 illum
935 1387 1008 1424 aut
1039 1384 1266 1424 remissum
1298 1384 1503 1425 excitaret

165 1446 239 1484 aut
265 1459 289 1484 a
315 1443 587 1484 contentione
613 1446 842 1483 revocaret.
892 1442 1048 1483 Audivi
1081 1442 1332 1496 mehercule,
1362 1442 1504 1496 inquit

165 1500 355 1555 Catulus,
386 1505 428 1542 et
455 1515 579 1555 saepe
607 1516 700 1541 sum
727 1500 960 1541 admiratus
986 1500 1172 1541 hominis
1206 1515 1301 1542 cum
1329 1500 1503 1555 diligen-

94 1560 269 1601 226tiam
307 1563 400 1600 tum
441 1559 570 1600 etiam
611 1558 849 1600 doctrinam
887 1561 929 1599 et
967 1558 1201 1599 scientiam.
1262 1558 1357 1613 Ego
1390 1573 1503 1612 vero,

162 1618 304 1671 inquit
336 1616 533 1670 Crassus,
578 1632 625 1658 ac
664 1617 784 1657 doleo
829 1616 999 1670 quidem
1038 1616 1136 1657 illos
1174 1616 1287 1657 viros
1325 1616 1370 1656 in
1408 1631 1501 1657 eam
1522 1633 1555 1657 25

163 1676 355 1716 fraudem
395 1675 441 1715 in
477 1690 522 1715 re
561 1675 733 1729 publica
774 1689 864 1715 esse
906 1675 1119 1728 delapsos3
1163 1689 1422 1728 quamquam
1455 1689 1504 1716 ea

164 1734 251 1775 tela
278 1733 439 1774 texitur
472 1736 539 1784 [ea
562 1733 608 1772 in
634 1733 805 1774 civitate
830 1732 940 1773 ratio
966 1732 1151 1783 vivendi]
1186 1747 1233 1773 ac
1258 1733 1503 1786 posteritati

167 1791 422 1845 ostenditur,
459 1794 506 1832 ut
540 1805 685 1832 eorum
718 1790 891 1844 civium,
929 1805 1035 1844 quos
1073 1790 1211 1830 nostri
1242 1794 1385 1844 patres
1415 1805 1503 1831 non

165 1850 368 1903 tulerunt,
398 1850 484 1890 iam
512 1849 663 1890 similis
689 1849 845 1889 habere
872 1849 1103 1902 cupiamus.
1151 1848 1288 1902 Mitte,
1315 1849 1503 1903 obsecro,

164 1908 317 1962 inquit,
337 1884 501 1951 Crasse
520 1907 668 1961 Iulius,
694 1921 931 1948 sermonem
957 1907 1089 1947 istum
1116 1910 1157 1947 et
1182 1910 1224 1947 te
1249 1907 1301 1948 ad
1322 1884 1503 1948 Gracchi
1522 1924 1556 1949 30

165 1967 355 2007 fistulam
386 1966 508 2020 refer,
539 1965 691 2020 quoius
719 1979 798 2020 ego
824 1965 1012 2005 nondum
1044 1965 1167 2019 plane
1200 1965 1412 2006 rationem
1442 1965 1504 2006 in-

165 2024 446 2079 telleg0.1n
485 2024 600 2065 omni
637 2038 757 2077 voce,
794 2023 933 2088 inquit
966 2023 1162 2077 Crassus,
1200 2026 1264 2064 est
1303 2023 1503 2077 quiddam

165 2083 363 2136 medium,
389 2082 462 2123 sed
488 2097 611 2123 suum
631 2082 815 2136 quoique
836 2081 940 2122 voci.
990 2081 1102 2123 Hinc
1131 2081 1342 2136 gradatim
1363 2096 1503 2123 ascen-

166 2142 262 2182 dere
305 2155 453 2182 vocem
496 2144 537 2181 et
582 2144 753 2181 suavest
787 2164 836 2169 —
870 2154 970 2180 nam
1009 2155 1033 2180 a
1069 2139 1279 2194 principio
1321 2140 1502 2180 clamare

166 2202 334 2255 agreste
367 2198 610 2253 quiddamst
639 2222 704 2252 —,
735 2201 778 2239 et
808 2197 921 2238 idem
951 2197 1056 2238 illud
1083 2199 1135 2238 ad
1160 2198 1412 2238 firmandam
1437 2200 1502 2238 est
1522 2215 1555 2240 35

164 2272 312 2299 vocem
344 2257 540 2298 salutare.
602 2256 765 2297 Deinde
797 2259 862 2296 est
888 2256 1087 2309 quiddam
1119 2255 1405 2297 contentionis
1437 2270 1504 2296 ex-

164 2319 367 2370 tremum,
410 2315 523 2369 quod
560 2318 705 2356 tamen
741 2314 921 2355 interius
961 2318 1026 2355 est
1064 2329 1191 2368 quam
1229 2313 1501 2355 acutissimus

96 2002 148 2043 61

95 2070 160 2100 227
