1643 2526
363 99 507 133 LIBER
532 98 593 134 ΙΙΙ.
643 97 743 134 CAP.
772 101 918 132 11—12.
960 102 979 140 §
1005 100 1155 133 38—45.
1351 97 1434 138 173

92 195 304 236 industria
329 197 639 236 consectantur.
702 193 882 235 Rustica
912 207 995 234 vox
1027 196 1069 234 et
1102 193 1284 248 agrestis
1312 207 1436 246 quos-

93 254 191 295 dam
229 253 430 307 delectat,
471 267 554 306 (1110
593 252 730 307 magis
769 252 1090 306 antiquitatem,
1129 251 1164 292 si
1201 251 1263 292 ita
1301 255 1436 305 sonet,

94 326 242 353 eorum
263 326 400 353 sermo
426 311 609 352 retinere
629 311 840 365 videatur,
871 313 920 350 ut
946 313 1059 364 tuus,
1088 309 1252 364 Catule,
1278 310 1435 351 sodalis

93 370 140 411 L.
162 369 290 411 Cotta
322 370 504 425 gaudere
537 370 643 410 mihi
674 369 840 410 videtur
873 368 1083 423 gravitate
1114 368 1285 423 linguae
1313 382 1436 409 sono-

58 446 74 471 5
95 443 176 483 que
196 429 312 470 vocis
335 429 495 482 agresti
516 431 558 469 et
578 428 696 479 illud,
722 428 835 481 quod
859 427 1062 481 loquitur,
1087 427 1277 480 priscum
1296 427 1436 468 visum

93 487 147 528 iri
179 490 317 541 putat,
349 487 384 527 si
416 487 540 540 plane
567 486 695 527 fuerit
720 485 998 526 rusticanum.
1060 485 1128 525 Me
1162 488 1305 526 autem
1336 488 1435 526 tuus

94 560 224 587 sonus
276 548 318 586 et
363 545 579 586 subtilitas
629 545 713 585 ista
756 544 956 598 delectat,
1000 543 1153 584 omitto
1197 544 1437 595 verborum,

95 618 355 657 quamquam
394 606 459 644 est
498 606 642 657 caput3
686 617 833 643 verum
868 602 912 643 id
952 602 1074 643 affert
1112 602 1244 657 ratio,
1283 603 1437 643 docent

93 663 282 716 litterae,
320 662 545 703 confirmat
577 661 839 702 consuetudo
872 664 914 701 et
944 660 1113 715 legendi
1146 664 1188 701 et
1219 660 1438 715 loquendi3

43 738 76 763 10
97 721 169 762 sed
200 721 309 761 hanc
342 720 435 761 dico
469 719 738 773 suavitatem,
770 734 876 773 quae
903 719 990 760 exit
1015 734 1066 760 ex
1093 733 1181 772 ore3
1215 733 1321 772 quae
1350 719 1438 772 qui-

95 779 191 820 dem
229 782 277 819 ut
315 779 426 832 apud
460 777 644 819 Graecos
678 778 941 831 Atticorum,
985 777 1044 818 310
1083 777 1128 817 111
1159 777 1315 818 Latino
1356 792 1438 818 ser-

95 852 220 878 mone
256 837 382 877 huius
424 840 488 877 est
526 837 643 877 urbis
676 836 858 876 maxime
890 836 1074 889 propria.
1136 835 1318 876 Athenis
1350 835 1437 876 iam

96 896 167 936 diu
188 895 383 936 doctrina
407 895 601 949 ipsorum
622 894 948 936 Atheniensium
971 894 1148 948 interiit,
1174 893 1439 935 domicilium

96 956 266 994 tantum
296 953 341 993 in
372 953 447 993 1113
472 953 576 993 urbe
603 956 793 993 remanet
820 952 1071 1006 studiorum,
1104 952 1258 1005 quibus
1284 955 1439 993 vacant

1464 846 1507 875 43

45 1027 77 1052 15
97 1012 228 1065 cives,
267 1011 481 1066 peregrini
512 1011 712 1051 fruuntur
744 1011 858 1065 capti
891 1011 1076 1064 quodam
1108 1011 1233 1051 modo
1266 1010 1439 1051 nomine
1497 1023 1504 1026 ·

97 1070 216 1111 urbis
237 1073 279 1110 et
299 1070 573 1123 auctoritate,
605 1073 748 1110 tamen
769 1069 1082 1110 eruditissimos
1102 1068 1297 1109 homines
1317 1068 1440 1110 Asia-

97 1129 206 1169 ticos
236 1128 374 1181 quivis
402 1127 675 1168 Atheniensis
707 1127 904 1168 indoctus
937 1141 1024 1167 non
1055 1127 1194 1167 verbis
1228 1127 1301 1168 sed
1333 1141 1438 1168 sono

96 1187 213 1228 vocis
244 1201 322 1227 nec
354 1189 443 1227 tam
469 1186 575 1226 bene
603 1200 730 1239 quam
756 1185 942 1226 suaviter
973 1185 1185 1238 loquendo
1218 1185 1342 1226 facile
1375 1200 1440 1226 su-

97 1245 276 1299 perabit.
336 1243 487 1285 Nostri
528 1244 668 1284 minus
711 1244 883 1284 student
922 1244 1078 1284 litteris
1118 1259 1246 1298 quam
1283 1243 1438 1284 Latini.

46 1320 80 1344 20
99 1303 260 1343 Tamen
292 1318 341 1343 ex
372 1302 482 1355 istis,
513 1316 620 1356 quos
651 1302 802 1356 nostis,
833 1302 1021 1356 urbanis,
1051 1302 1097 1342 in
1129 1302 1284 1355 quibus
1318 1302 1440 1343 mini—

98 1376 216 1401 mum
256 1363 321 1401 est
359 1360 619 1413 litterarum,
662 1375 786 1400 nemo
829 1363 893 1400 est
932 1360 1034 1414 quin
1077 1360 1440 1401 litteratissimum

98 1422 348 1473 togatorum
374 1418 563 1459 omnium
584 1418 630 1466 Q.
644 1417 865 1458 Valerium
887 1416 1098 1458 Soranum
1119 1418 1297 1459 lenitate
1322 1419 1439 1459 vocis

100 1481 227 1530 atque
263 1477 358 1530 ipso
399 1476 483 1517 oris
521 1491 670 1530 pressu
709 1480 751 1516 et
790 1490 894 1517 sono
927 1476 1051 1517 facile
1083 1476 1238 1517 vincat.
1300 1475 1439 1524 Quare

100 1550 196 1576 cum
229 1535 285 1575 sit
318 1535 524 1599 quaedam
556 1537 672 1576 certa
703 1549 784 1575 vox
816 1534 999 1575 Romani
1039 1534 1204 1589 generis
1237 1534 1439 1588 urbisque

47 1608 80 1634 25
99 1593 290 1648 propria,
332 1594 377 1633 in
415 1607 498 1647 qua
538 1592 646 1633 nihil
685 1593 857 1646 offendi,
900 1592 1009 1633 nihil
1047 1592 1287 1646 displicere,
1331 1593 1438 1633 1111111

101 1651 380 1692 animadverti
411 1651 561 1705 possit,
592 1651 700 1691 nihil
726 1665 876 1691 sonare
909 1654 983 1692 aut
1012 1651 1123 1692 olere
1155 1651 1441 1706 peregrinum,

99 1710 210 1750 113110
242 1723 470 1763 sequamur
500 1723 636 1753 neque
669 1709 808 1750 solum
833 1709 1038 1750 rusticam
1065 1709 1341 1763 asperitatem
1368 1710 1441 1750 sed

101 1768 231 1808 etiam
261 1768 531 1822 peregrinam
562 1754 837 1808 insolentiam
862 1767 1008 1822 fugere
1037 1767 1260 1809 discamus.
1310 1768 1440 1821 Equi-

102 1826 197 1866 dem
240 1840 337 1866 cum
380 1826 504 1866 audio
550 1840 719 1866 socrum
763 1841 901 1866 meam
944 1825 1136 1867 Laeliam
1180 1850 1228 1855 —
1272 1826 1440 1867 facilius

50 1899 84 1924 30
103 1883 216 1924 enim
255 1883 455 1924 mulieres
497 1884 790 1937 incorruptam
835 1884 1135 1937 antiquitatem
1177 1887 1442 1938 conservant,

103 1942 217 1995 quod
253 1941 487 1982 multorum
528 1942 735 1982 sermonis
773 1945 967 1996 expertes
1005 1957 1054 1983 ea
1085 1945 1232 1983 tenent
1265 1957 1443 1997 semper,

103 2014 211 2053 quae
236 1999 374 2053 prima
400 1999 635 2040 didicerunt
655 2024 723 2054 --,
755 2001 828 2040 sed
859 2015 952 2040 eam
985 2000 1045 2041 sic
1077 2000 1215 2053 audio,
1245 2004 1294 2041 ut
1320 2000 1443 2041 Plau-

80 2060 197 2098 -tum
228 2057 333 2097 mihi
363 2060 436 2097 aut
460 2057 671 2099 Naevium
702 2058 846 2099 videar
878 2058 1040 2112 audire,
1073 2072 1177 2099 sono
1203 2034 1297 2112 ipso
1325 2059 1441 2100 vocis

102 2115 165 2155 ita
204 2118 321 2156 recto
364 2118 406 2155 et
447 2115 629 2169 simplici
671 2119 753 2170 est,
792 2119 841 2156 ut
877 2116 984 2156 nihil
1027 2117 1328 2157 ostentationis
1368 2120 1441 2158 aut

51 2188 86 2214 35
103 2172 359 2214 imitationis
393 2173 541 2213 afferre
573 2173 783 2228 videatur,
827 2189 877 2215 ex
909 2188 992 2227 quo
1028 2174 1088 2215 sic
1124 2175 1316 2216 locutum
1350 2189 1441 2215 esse

105 2231 194 2271 eius
231 2234 397 2285 patrem
433 2231 593 2285 iudico,
631 2232 690 2272 sic
728 2232 927 2287 maiores,
969 2247 1057 2273 non
1095 2248 1241 2287 aspere
1279 2236 1328 2274 ut
1358 2233 1442 2285 1110,

106 2303 231 2343 (1110111
268 2289 372 2344 dixi,
413 2303 500 2330 non
530 2292 666 2343 vaste,
706 2305 793 2331 non
829 2290 1006 2345 rustice,
1045 2305 1132 2332 non
1170 2291 1328 2344 hiulce,
1370 2290 1442 2330 sed

1466 1779 1510 1808 45
