1643 2526
107 782 150 812 30

123 1392 147 1429 9

106 1459 146 1488 31

177 92 262 134 396
535 92 854 127 PARTITIONES
882 92 1158 127 ORATORIAE

175 187 408 229 iunctionis
442 191 516 228 aut
548 203 675 229 causa
707 191 780 229 aut
811 202 883 242 spe
910 188 1208 243 significanda3
1239 191 1281 229 et
1308 188 1344 229 si
1369 188 1416 229 in
1439 203 1517 230 nos

178 246 351 300 aliquod
389 246 534 287 odium
574 246 802 287 offensiove
843 246 999 288 collata
1031 246 1105 301 sit,
1143 261 1192 287 ea
1223 247 1414 287 tollenda
1444 247 1519 288 mi-
1577 260 1580 263 ’

176 305 395 345 nuendave
416 308 490 345 3111
510 304 708 346 diluendo
729 308 803 346 aut
823 305 1089 346 extenuando
1111 308 1184 345 aut
1204 306 1517 359 compensando

179 366 252 403 aut
285 363 559 417 deprecando.
622 363 926 418 Intellegenter
965 366 1108 404 autem
1143 367 1190 403 ut
1223 364 1445 404 audiamur
1477 367 1518 405 et

177 421 281 461 item
313 424 494 476 attente,
536 422 588 462 ab
626 422 731 475 ipsis
764 422 890 463 rebus
924 421 1171 462 ordiendum
1204 425 1279 462 est.
1344 421 1426 463 Sed
1457 422 1518 463 fa-

178 479 333 520 cillime
367 480 493 532 discit
520 480 689 521 auditor
715 484 756 521 et
783 480 884 535 quid
910 483 1064 535 agatur
1088 479 1315 535 intellegit,
1346 480 1383 521 si
1409 494 1519 521 com-

175 537 363 591 plectare
405 538 452 579 in
499 538 709 593 principio
760 553 891 594 genus
936 541 1217 592 naturamque
1263 553 1433 593 causae,
1483 539 1519 579 si

177 596 367 650 definias,
399 597 434 637 si
460 596 636 651 dividas,
668 597 703 638 si
729 612 863 651 neque
890 597 1160 651 prudentiam
1189 597 1279 637 eius
1311 597 1517 651 impedias

177 655 427 696 confusione
459 655 647 709 partium
678 670 755 696 nec
788 655 1037 696 memoriam
1070 655 1363 709 multitudine3
1395 669 1519 709 quae-

178 727 258 766 que
285 728 384 754 mox
410 713 459 754 de
486 713 729 754 narratione
762 714 946 754 dilucida
978 714 1185 767 dicentur,
1216 714 1362 754 eadem
1388 714 1518 755 etiam

176 771 259 812 huc
290 775 493 825 poterunt
525 775 638 812 recte
671 772 852 812 traferri.
914 770 974 812 Ut
1007 775 1168 812 attente
1202 775 1345 812 autem
1378 772 1520 813 audia-

177 844 284 883 mur,
304 830 435 870 trium
456 844 597 870 rerum
618 830 761 884 aliqua
781 844 1105 884 consequemur3
1137 845 1237 870 nam
1264 833 1337 870 aut
1364 843 1518 884 magna

178 888 387 941 quaedam
412 903 699 942 proponemus
728 892 800 929 aut
819 888 1059 930 necessaria
1079 891 1153 929 aut
1174 888 1402 929 coniuncta
1422 903 1519 929 cum

175 946 294 1000 ipsis,
323 947 434 1000 apud
467 961 573 1000 quos
606 961 673 987 res
706 950 866 1002 agetur.
932 946 997 987 Sit
1029 949 1171 987 autem
1202 946 1283 987 hoc
1317 946 1446 987 etiam
1473 947 1519 987 in

176 1005 428 1059 praeceptis,
449 1009 508 1059 111,
528 1005 563 1046 31
585 1006 753 1058 quando
774 1009 941 1059 tempus
962 1005 1103 1059 ipsum
1125 1008 1197 1045 aut
1217 1019 1284 1046 res
1305 1008 1379 1045 aut
1398 1005 1517 1046 locus

177 1067 251 1104 aut
288 1063 554 1104 interventus
594 1063 771 1104 alicuius
810 1067 884 1104 aut
924 1063 1214 1117 interpellatio
1253 1067 1327 1104 aut
1365 1064 1417 1104 ab
1452 1063 1520 1104 ad-

175 1121 362 1162 versario
384 1121 545 1162 dictum
566 1122 739 1175 aliquod
759 1125 801 1162 et
820 1122 1003 1162 maxime
1029 1121 1073 1161 111
1099 1121 1336 1175 perorando
1357 1121 1519 1162 dederit

177 1180 445 1221 occasionem
476 1180 614 1233 nobis,
646 1183 694 1220 ut
726 1180 915 1221 dicamus
948 1179 1109 1234 aliquid
1136 1180 1187 1220 ad
1213 1183 1380 1233 tempus
1408 1183 1520 1234 apte,

175 1253 227 1278 ne
266 1238 575 1292 relinquamus3
620 1242 679 1291 et,
720 1253 825 1292 quae
865 1253 942 1279 suo
974 1238 1069 1278 1000
1102 1238 1151 1278 de
1186 1237 1517 1291 amplificatione

176 1296 376 1346 dicemus,
411 1296 545 1337 multa
578 1311 627 1337 ex
658 1296 711 1337 iis
743 1299 948 1350 poterunt
979 1296 1030 1337 ad
1062 1296 1370 1350 principiorum
1400 1310 1518 1350 prae-

177 1358 298 1408 cepta
330 1355 564 1395 transferri.

294 1412 338 1454 C.
378 1412 505 1466 Quid,
545 1413 590 1453 in
625 1413 870 1454 narratione
911 1428 1017 1466 quae
1050 1413 1221 1454 tandem
1255 1413 1519 1454 observanda

177 1471 305 1511 sunt?
356 1471 399 1511 P.
439 1470 650 1519 Quoniam
690 1471 879 1512 narratio
922 1474 986 1511 est
1027 1486 1169 1511 rerum
1210 1471 1437 1525 explicatio
1475 1474 1518 1512 et

176 1530 383 1582 quaedam
425 1530 547 1583 quasi
585 1530 704 1570 sedes
744 1533 786 1570 et
826 1530 1150 1570 fundamentum
1195 1529 1517 1570 constituendae

175 1588 290 1641 fidei,
322 1602 371 1628 ea
403 1591 503 1628 sunt
533 1588 577 1628 111
610 1602 659 1628 03
692 1589 896 1628 servanda
928 1587 1128 1640 maxime,
1171 1602 1277 1641 quae
1311 1588 1441 1628 etiam
1471 1587 1517 1628 in

175 1646 350 1699 reliquis
377 1646 463 1686 fere
494 1646 658 1686 dicendi
690 1646 903 1700 partibus3
936 1660 1042 1699 quae
1068 1645 1227 1699 partim
1253 1648 1352 1686 sunt
1377 1660 1517 1687 neces-

176 1704 299 1757 saria,
324 1703 482 1757 partim
508 1708 729 1757 assumpta
754 1704 806 1744 ad
827 1704 1073 1744 ornandum.
1123 1702 1235 1744 Nam
1261 1706 1309 1744 ut
1335 1703 1516 1745 dilucide

174 1762 539 1816 probabiliterque
579 1776 800 1802 narremus
840 1761 1128 1802 necessarium
1167 1765 1250 1815 est,
1294 1762 1365 1802 sed
1404 1776 1517 1803 33311-

109 1844 117 1847 -
177 1820 332 1861 mimus
361 1820 490 1860 etiam
511 1820 777 1861 suavitatem.
827 1820 944 1875 Ergo
973 1820 1024 1860 ad
1050 1819 1232 1860 dilucide
1258 1821 1514 1861 narrandum

175 1879 321 1919 eadem
358 1878 433 1918 illa
471 1878 689 1932 superiora
728 1878 980 1932 explanandi
1022 1882 1064 1918 et
1104 1875 1360 1919 inlustrandi
1400 1893 1516 1932 prae-

175 1940 298 2001 cepta
330 1940 589 2001 repetemus,
620 1936 665 1976 in
697 1937 851 1990 quibus
885 1936 941 1976 sit
973 1936 1159 1977 brevitas
1193 1951 1259 1991 ea,
1292 1951 1397 1990 quae
1429 1951 1517 1978 sae-

174 1995 348 2049 pissime
389 1995 434 2034 in
465 1995 709 2036 narratione
742 1995 958 2049 laudatur,
999 1994 1048 2035 de
1081 2009 1163 2048 qua
1196 2009 1323 2048 supra
1355 1994 1516 2036 dictum

175 2056 250 2093 est
300 2047 543 2094 Probabilis
571 2057 713 2093 autem
741 2052 833 2107 erit,
866 2053 900 2093 si
932 2053 1139 2106 personis,
1171 2053 1206 2093 si
1238 2053 1517 2118 temporibus,

175 2111 210 2152 si
241 2111 346 2152 locis
380 2126 441 2164 03,
479 2126 585 2165 quae
618 2087 919 2164 narraburitur,
951 2111 1238 2166 consentient3
1280 2111 1316 2152 si
1349 2111 1517 2165 quoius-

174 2184 255 2223 que
281 2169 384 2210 facti
412 2173 453 2210 et
481 2169 620 2210 eventi
647 2184 775 2210 causa
798 2172 1000 2223 ponetur·
1034 2169 1069 2210 31
1101 2172 1260 2210 testata
1292 2169 1375 2210 dici
1406 2169 1516 2210 vide-

172 2228 344 2281 buntur,
377 2227 412 2268 si
445 2242 541 2268 cum
571 2227 793 2268 hominum
825 2227 1023 2281 opinione
1057 2228 1325 2281 auctoritate,
1358 2227 1393 2268 si
1420 2242 1516 2268 cum

173 2286 281 2341 lege,
313 2301 408 2327 cum
442 2300 571 2340 more,
603 2301 699 2327 cum
730 2285 937 2340 religione
970 2286 1215 2341 coniuncta3
1254 2286 1289 2326 31
1321 2285 1515 2340 probitas

1540 731 1571 755 10

1540 1022 1571 1046 15

1537 1313 1571 1338 20

1536 1603 1569 1629 25

1536 1895 1570 1920 30

1535 2186 1569 2212 35
