1643 2526
417 108 560 143 LIBER
585 108 611 144 Ι.
651 107 752 143 CAP.
779 111 881 144 6—7.
921 112 939 151 ξ
966 111 1115 144 20—29.
1416 108 1440 148 7

102 208 273 247 senatus
295 204 551 246 auctoritate
577 207 799 258 susceptus
825 203 1002 259 infringi
1028 203 1113 245 iam
1141 203 1441 257 debilitarique

103 265 326 318 videretur,
339 263 422 305 dici
442 263 547 304 mihi
567 262 742 304 memini
761 262 959 304 ludorum
978 262 1270 303 Romanorum
1291 262 1440 303 diebus

103 321 150 362 L.
180 321 381 363 Crassum
413 321 535 376 quasi
567 321 796 376 colligendi
830 321 895 362 sui
927 336 1056 362 causa
1088 336 1132 362 se
1164 321 1209 362 in
1240 320 1442 362 Tuscula-

103 395 203 421 num
235 380 484 434 contulisse3
521 379 687 421 venisse
719 379 879 434 eodem,
911 394 1030 420 socer
1062 380 1151 420 eius
1185 380 1258 433 qui
1290 379 1442 434 fuerat,

68 455 84 481 5
105 437 150 486 Q.
183 438 348 480 Mucius
386 438 606 480 dicebatur
643 441 686 479 et
721 437 776 478 M.
808 437 1025 479 Antonius
1063 438 1193 479 homo
1232 441 1275 479 613
1307 438 1442 479 consi-

102 496 258 538 liorum
299 497 345 538 in
387 511 432 538 re
474 496 646 551 publica
683 496 823 537 socius
863 499 905 538 et
943 511 1110 537 summa
1150 511 1247 538 cum
1285 495 1440 538 Crasso

103 555 395 596 familiaritate
439 555 704 596 coniunctus.
764 555 973 596 Exierant
1017 558 1159 595 autem
1205 570 1302 596 cum
1344 554 1439 609 ipso

104 612 258 655 Crasso
291 614 581 655 adulescentes
615 616 657 654 et
683 613 814 654 Drusi
840 613 1023 654 maxime
1055 613 1289 654 familiares
1323 616 1365 654 et
1395 613 1442 654 in

104 672 257 726 quibus
277 686 479 728 magnam
504 675 597 712 tum
618 686 737 726 spem
762 672 943 713 maiores
963 674 1069 712 natu
1088 671 1312 727 dignitatis
1340 686 1442 713 suae

50 748 84 773 10
104 731 379 785 collocarent,
424 730 467 772 C.
513 728 657 785 Cotta,
702 730 775 784 qui
820 732 947 782 [tum]
992 730 1261 771 tribunatum
1303 730 1442 784 plebis

102 789 288 843 petebat,
319 792 362 830 et
393 788 438 830 P.
471 787 704 843 Sulpicius,
741 789 815 843 qui
853 789 1050 843 deinceps
1089 804 1185 830 eum
1217 789 1443 844 magistra-

102 850 196 888 tum
221 847 434 902 petiturus
460 848 704 902 putabatur.
754 847 812 888 Hi
837 847 977 901 primo
1005 847 1071 888 die
1098 848 1148 888 de
1174 847 1441 901 temporibus

103 906 237 959 deque
270 906 467 947 universa
497 920 541 946 re
573 906 757 959 publica,
789 920 916 959 quam
949 906 1002 946 ob
1030 920 1202 946 causam
1226 908 1444 960 venerant,

103 964 287 1005 multum
318 965 431 1004 inter
463 978 506 1004 se
538 979 670 1018 usque
698 964 750 1004 ad
776 967 1014 1004 extremum
1044 967 1213 1018 tempus
1246 964 1329 1004 diei
1361 964 1444 1005 col-

51 1039 84 1065 15
103 1022 237 1064 locuti
269 1025 380 1063 sunt.
443 1021 534 1070 Quo
569 1022 739 1075 quidem
777 1036 970 1063 sermone
1008 1022 1145 1063 multa
1182 1022 1386 1063 divinitus
1419 1037 1444 1064 a

103 1081 241 1122 tribus
273 1081 359 1121 illis
392 1080 687 1122 consularibus
715 1080 843 1122 Cotta
869 1081 1090 1135 deplorata
1115 1083 1158 1121 et
1189 1095 1443 1122 commemo-

103 1142 197 1181 rata
227 1139 445 1193 narrabat,
476 1142 524 1179 ut
554 1139 663 1179 nihil
694 1138 915 1180 incidisset
947 1142 1098 1193 postea
1130 1139 1297 1180 civitati
1328 1139 1443 1194 mali,

104 1198 217 1251 quod
241 1212 329 1238 non
352 1197 595 1252 impendere
620 1197 685 1238 illi
710 1200 832 1238 tanto
860 1200 957 1238 ante
977 1197 1202 1252 Vidissent,
1228 1212 1276 1238 eo
1299 1201 1442 1239 autem

103 1255 220 1297 omni
246 1270 439 1297 sermone
460 1256 667 1310 confecto,
692 1258 859 1297 tantam
883 1256 930 1296 in
949 1254 1103 1297 Crasso
1128 1256 1443 1297 humanitatem

51 1332 85 1357 20
103 1314 252 1368 fuisse,
289 1317 355 1368 ut,
393 1328 522 1367 quom
553 1314 659 1355 lauti
692 1314 1007 1368 accubuissent,
1048 1314 1271 1357 tolleretur
1303 1314 1442 1356 omnis

103 1373 178 1413 illa
205 1372 435 1426 superioris
461 1372 642 1412 tristitia
669 1372 876 1413 sermonis
903 1387 1034 1426 eaque
1062 1376 1174 1414 esset
1198 1373 1244 1413 in
1268 1373 1442 1414 homine

104 1431 346 1472 iucunditas
379 1433 421 1471 et
453 1433 599 1471 tantus
631 1430 676 1470 in
708 1431 919 1484 loquendo
950 1431 1089 1485 lepos,
1125 1434 1174 1472 ut
1211 1431 1299 1471 dies
1330 1431 1444 1472 inter

105 1504 177 1530 eos
233 1489 373 1530 curiae
428 1488 560 1529 fuisse
615 1489 847 1542 videretur,
904 1489 1146 1530 convivium
1200 1489 1442 1530 Tusculani.

104 1547 283 1588 Postero
311 1549 453 1588 autem
480 1547 558 1601 die,
585 1561 714 1601 quom
739 1547 803 1587 illi
830 1547 1011 1588 maiores
1037 1550 1143 1588 natu
1175 1547 1279 1588 satis
1307 1547 1442 1601 quies-

53 1621 86 1649 25
106 1608 201 1647 sent
232 1609 274 1646 et
305 1605 351 1645 111
382 1605 717 1646 ambulationem
748 1608 922 1646 ventum
956 1608 1079 1659 esset,
1113 1605 1315 1657 [dicebat]
1349 1609 1443 1647 tum

107 1663 355 1706 Scaevolam
386 1664 551 1704 duobus
585 1663 736 1717 spatiis
768 1663 960 1705 tribusve
991 1664 1117 1705 factis
1151 1664 1323 1705 dixisse:
1358 1662 1444 1705 Cur

105 1737 193 1764 non
211 1722 443 1776 imitamur,
470 1721 635 1776 Crasse,
656 1721 876 1763 Socratem
902 1722 1024 1763 illum
1052 1722 1124 1776 qui
1151 1725 1215 1763 est
1240 1723 1286 1763 in
1310 1722 1444 1764 Phae-

106 1781 181 1822 dro
213 1780 437 1821 Platonis?
487 1779 600 1821 Nam
631 1795 698 1821 me
735 1781 840 1822 haec
872 1783 947 1821 tua
977 1781 1177 1835 platanus
1210 1781 1445 1835 admonuit,

107 1853 213 1893 quae
238 1853 327 1880 non
351 1838 491 1879 minus
518 1839 570 1879 ad
597 1839 861 1892 opacandum
886 1839 999 1879 hunc
1024 1839 1167 1880 locum
1191 1839 1351 1893 patulis
1379 1842 1445 1881 est

53 1914 88 1940 30
107 1897 260 1938 diffusa
302 1896 432 1937 ramis
476 1911 604 1950 quam
646 1897 722 1937 illa
764 1897 883 1938 cuius
927 1898 1125 1938 umbram
1163 1900 1334 1938 secutus
1379 1901 1445 1938 est

110 1954 320 2009 Socrates,
353 1969 460 2009 quae
492 1955 598 1996 mihi
624 1955 792 1996 videtur
823 1969 911 1996 non
942 1959 1032 1996 tam
1062 1956 1156 2009 ipsa
1189 1956 1310 1997 acula
1337 1970 1444 2009 quae

108 2013 363 2055 describitur
395 2028 523 2067 quam
553 2013 747 2054 Platonis
782 2013 974 2054 oratione
1014 2014 1214 2068 crevisse,
1252 2017 1294 2055 et
1331 2014 1445 2068 quod

107 2072 178 2113 ille
211 2071 448 2114 durissimis
481 2072 660 2125 pedibus
692 2071 812 2125 fecit,
849 2074 898 2112 ut
936 2086 980 2113 se
1019 2072 1205 2113 abiceret
1236 2072 1281 2113 in
1311 2072 1442 2113 herba

108 2133 234 2184 atque
287 2130 351 2170 ita
408 2129 537 2184 [illa],
585 2144 692 2183 quae
741 2130 988 2184 philosophi
1043 2130 1247 2172 divinitus
1302 2130 1446 2171 ferunt

54 2205 88 2232 35
109 2202 200 2229 esse
232 2188 363 2242 dicta,
398 2187 662 2242 loqueretur,
698 2188 742 2229 id
773 2188 879 2229 meis
910 2188 1088 2242 pedibus
1122 2192 1235 2230 celte
1273 2189 1446 2230 concedi

109 2250 173 2287 est
223 2246 410 2300 aequius.
484 2246 593 2287 Tum
644 2245 863 2287 Crassum.
918 2246 1056 2288 Immo
1111 2262 1211 2288 velo
1263 2261 1447 2288 commo-

109 2304 202 2346 dius
258 2304 405 2359 etiam,
467 2304 750 2359 pulvinosque
806 2305 1053 2359 poposcisse
1109 2308 1152 2346 et
1208 2304 1345 2346 omnis
1401 2304 1448 2345 in

1467 565 1512 597 25

1468 858 1513 889 26

1468 1184 1513 1240 2²1

1468 1558 1513 1590 28

1471 2257 1516 2288 29
