1643 2526
185 100 239 141 ’76
689 100 753 134 DE
781 99 1007 135 ORATORE

182 195 309 236 modo
341 209 412 236 eas
445 195 664 250 cognovit,
701 198 749 236 ut
785 195 878 237 heri
911 193 1089 236 Crassus
1122 195 1307 251 dicebat,
1346 197 1519 250 optume

181 256 326 307 potest
358 253 514 307 dicere,
551 253 612 294 sic
644 256 881 294 ceterarum
913 254 1069 294 artium
1100 253 1294 294 homines
1328 253 1518 294 ornatius

112 321 155 352 38
182 311 256 351 illa
289 326 365 352 sua
396 311 555 364 dicunt,
587 311 622 352 si
649 312 750 365 quid
777 312 828 352 ab
855 312 934 353 hac
962 314 1052 352 arte
1079 311 1327 352 didicerunt.
1370 311 1519 366 Neque

184 369 297 410 enim
324 369 359 410 si
386 369 435 410 de
461 369 634 410 rusticis
659 370 787 410 rebus
820 369 1009 425 agricola
1041 369 1253 423 quispiam
1279 372 1352 411 aut
1378 369 1521 424 etiam,

182 427 226 468 id
259 428 371 482 quod
402 428 540 482 multi,
570 428 758 469 medicus
791 428 840 469 de
873 428 1035 468 morbis
1062 431 1136 468 aut
1162 428 1198 468 si
1224 428 1273 468 de
1304 428 1518 482 pingendo
1538 444 1555 470 5

182 485 322 539 pictoi
366 486 520 540 aliquis
565 485 720 527 diserte
765 486 983 540 scripserit
1026 489 1100 526 aut
1143 485 1314 540 dixerit,
1362 486 1519 527 idcirco

182 543 298 585 illius
344 544 447 584 artis
497 545 728 598 putandast
773 544 1030 609 eloquentia3
1080 544 1126 584 in
1170 558 1270 598 qua,
1314 544 1414 597 quia
1456 544 1520 585 vis

183 616 340 666 magna
379 605 444 642 est
479 602 526 642 in
562 602 785 643 hominum
826 602 1029 667 ingeniis,
1072 602 1348 643 emolumenti
1391 602 1520 643 etiam

185 660 274 700 sine
314 660 507 701 doctrina
545 660 704 713 aliquid
737 660 927 701 omnium
968 675 1170 715 generum
1203 664 1330 714 atque
1363 660 1521 701 artium

185 721 518 772 consequontur,
561 719 634 759 sed
677 719 791 772 quod
834 718 1037 772 cuiusque
1082 719 1138 759 sit
1177 719 1397 772 proprium
1441 718 1522 760 etsi
1542 736 1576 761 10

185 790 235 816 ex
267 790 315 817 eo
346 776 525 817 iudicari
556 780 718 830 potest,
751 790 878 830 quom
909 776 1064 817 videris
1097 776 1198 830 quid
1230 791 1420 830 quaeque
1452 777 1522 818 do-

185 838 290 888 ceat,
324 837 469 874 tamen
502 834 584 875 hoc
619 834 775 875 certius
808 849 899 875 esse
930 834 1038 875 nihil
1068 837 1224 889 potest,
1250 849 1377 888 quam
1410 835 1522 888 quod

187 907 333 933 omnes
372 895 485 932 artes
525 892 631 933 aliae
664 892 754 933 sine
787 892 1032 946 eloquentia
1064 907 1187 933 suum
1219 907 1372 933 munus
1403 907 1523 947 prae-

187 954 299 991 stare
337 953 537 1003 possunt,
581 953 724 991 orator
765 951 854 991 sine
896 965 944 991 ea
980 965 1137 991 nomen
1175 951 1365 1004 optinere
1399 966 1522 992 suum

184 1022 272 1049 non
308 1011 470 1062 potest3
512 1011 561 1049 ut
599 1009 729 1049 ceteri
762 1009 798 1049 si
830 1008 978 1049 diserti
1011 1009 1114 1063 sint,
1152 1009 1311 1063 aliquid
1350 1010 1402 1050 ab
1440 1009 1522 1051 1100
1543 1026 1576 1052 15

185 1067 384 1119 habeant,
415 1066 497 1119 hic,
527 1066 609 1107 nisi
643 1067 888 1108 domesticis
921 1081 964 1107 se
996 1067 1246 1108 instruxerit
1273 1067 1419 1122 copiis,
1451 1067 1524 1108 ali-

186 1125 297 1164 unde
330 1124 494 1165 dicendi
527 1124 693 1178 copiam
726 1128 868 1178 petere
899 1139 986 1165 non
1016 1125 1165 1179 possit.

304 1181 412 1222 Tum
446 1180 640 1223 Catulus:
684 1183 798 1236 Etsi,
834 1183 991 1237 inquit,
1024 1183 1205 1237 Antoni,
1242 1183 1415 1224 minime
1447 1183 1523 1224 1111-

186 1240 418 1294 pediendus
445 1244 509 1281 est
534 1240 877 1294 interpellatione
903 1241 984 1282 iste
1011 1256 1157 1282 cursus
1185 1241 1392 1282 orationis
1413 1244 1524 1296 tuae,

187 1298 349 1352 patiere
386 1301 531 1339 tamen
567 1299 756 1352 mihique
793 1299 1001 1353 ignosces.
1063 1299 1288 1340 Noenum
1319 1313 1523 1353 possum
1543 1317 1577 1342 20

189 1356 312 1409 quin
344 1357 635 1410 exclamem,
672 1360 720 1397 ut
758 1334 836 1397 aitD
854 1357 925 1398 ille
957 1357 1003 1397 in
1033 1356 1302 1410 Trinummo3
1344 1357 1408 1398 ita
1437 1358 1524 1399 vim

190 1414 372 1455 oratoris
392 1429 538 1479 quom
576 1415 809 1469 exprimeie
842 1415 1059 1456 subtiliter
1090 1416 1206 1456 visus
1239 1430 1282 1456 es
1315 1418 1407 1456 tum
1438 1415 1525 1457 lau-

190 1473 287 1513 daie
309 1472 620 1527 copiosissime,
653 1473 764 1527 quod
785 1474 956 1527 quidem
975 1474 1245 1526 eloquentem
1264 1473 1330 1514 vel
1351 1476 1524 1538 optume

189 1531 327 1571 facere
361 1534 541 1584 oportet,
572 1534 620 1571 ut
651 1531 940 1584 eloquentiam
970 1531 1131 1583 laudet3
1172 1532 1297 1572 debet
1329 1532 1442 1572 enim
1473 1532 1526 1572 ad

191 1603 283 1629 eam
326 1589 581 1629 laudandam
624 1589 763 1642 ipsam
802 1589 922 1630 illam
963 1565 1162 1630 3(11111101·0
1200 1604 1327 1643 quam
1366 1589 1523 1631 laudat.
1543 1606 1578 1632 25

192 1646 274 1688 Sed
309 1661 439 1701 perge
477 1660 623 1700 porr03
673 1646 754 1687 tibi
798 1647 911 1687 enim
955 1647 1171 1688 adsentior
1207 1651 1396 1689 vestrum
1434 1662 1526 1689 esse

189 1704 271 1745 hoc
311 1707 454 1745 totum
494 1704 648 1744 diserte
690 1704 827 1745 dicere
867 1705 993 1758 idque
1033 1705 1068 1746 si
1107 1705 1200 1758 quis
1238 1705 1283 1745 in
1321 1706 1404 1746 alia
1435 1709 1525 1746 arte

189 1762 338 1816 faciat,
378 1777 475 1802 eum
507 1762 732 1816 adsumpto
766 1762 933 1804 aliunde
965 1763 1028 1803 uti
1059 1763 1192 1817 bono,
1228 1777 1315 1803 non
1351 1764 1525 1817 proprio

119 1830 164 1862 40
189 1834 267 1861 nec
301 1835 388 1861 suo.
450 1819 508 1860 Et
541 1818 736 1861 Crassus:
780 1819 877 1861 Nox
909 1824 965 1873 te,
1000 1821 1153 1874 inquit,
1183 1821 1320 1874 nobis,
1350 1821 1526 1875 Antoni,

191 1878 396 1932 expolivit
439 1878 740 1932 hominemque
783 1878 975 1919 reddidit.
1043 1878 1156 1919 Nam
1198 1879 1399 1920 hesterno
1445 1894 1527 1920 ser-
1546 1897 1582 1922 30

190 1950 314 1977 mone
347 1936 471 1976 unius
505 1936 725 1977 cuiusdam
757 1937 943 1991 operis,
974 1939 1022 1977 ut
1049 1937 1108 1977 ait
1130 1935 1352 1992 Caecilius,
1382 1937 1529 1978 remi-

192 2008 300 2049 gem
332 1994 550 2047 aliquem
582 1997 668 2034 aut
699 1994 926 2035 baiulum
956 1994 1080 2035 nobis
1108 1997 1321 2036 oratorem
1348 1995 1529 2050 descrip-

192 2066 320 2106 seras,
344 2052 516 2105 inopem
543 2052 753 2105 quendam
784 2052 1064 2093 humanitatis
1101 2056 1227 2106 atque
1258 2053 1527 2094 inurbanum.

191 2109 299 2151 'Tum
330 2109 564 2150 Antonius:
612 2109 717 2150 Heri
750 2111 880 2164 enim,
921 2110 1080 2164 inquit,
1121 2111 1202 2152 hoc
1241 2111 1346 2152 mihi
1376 2125 1528 2165 propo-

192 2182 360 2209 sueram
386 2171 446 2221 ut,
472 2168 507 2208 si
533 2170 575 2208 te
601 2168 864 2222 refellissem,
889 2168 967 2209 hos
996 2169 1047 2209 ab
1074 2171 1117 2209 te
1144 2169 1374 2223 discipulos
1402 2169 1529 2210 abdu-
1548 2185 1583 2211 35

192 2240 343 2280 cerem,
373 2240 485 2266 nunc
513 2223 665 2266 Catulo
699 2227 895 2267 audiente
922 2229 964 2267 et
991 2225 1170 2267 Caesare
1202 2227 1348 2268 videor
1378 2227 1529 2268 debere

190 2298 279 2325 non
304 2287 394 2325 tam
420 2297 610 2338 pugnare
636 2286 778 2325 tecum
799 2299 926 2338 quam
947 2284 1047 2338 quid
1066 2285 1157 2338 ipse
1179 2285 1361 2327 sentiam
1380 2285 1529 2326 dicere.

121 1160 173 1200 10

116 1228 160 1259 39
