1643 2526
126 485 169 515 27

126 1126 168 1157 28

143 1698 168 1738 6

125 1826 168 1856 29

193 89 280 130 430
780 87 952 123 TOPICA

195 183 389 238 exposui,
428 198 503 224 sua
542 183 750 236 quaedam
785 183 917 224 habet
953 184 1162 238 membra,
1200 198 1249 225 ea
1280 199 1408 238 quam
1439 186 1536 227 sub-

194 242 392 283 tilissime
423 256 747 296 persequamur,
785 244 827 282 et
864 241 1051 295 primum
1082 242 1132 282 de
1163 242 1257 296 ipsa
1288 243 1534 285 definitione

195 300 371 341 dicatur.
433 299 639 341 Definitio
678 303 743 341 est
781 299 938 354 oratio,
976 314 1083 353 quae
1115 300 1159 340 id
1191 301 1305 354 quod
1336 302 1535 343 definitur

195 358 380 412 explicat
424 358 525 412 quid
568 358 635 399 sit.
709 358 1020 399 Definitionum
1065 361 1208 399 autem
1253 359 1334 400 duo
1380 375 1536 415 genera

194 417 349 471 prima:
382 431 515 457 unum
546 431 691 457 earum
723 431 865 457 rerum
892 431 999 471 quae
1033 420 1143 471 sunt,
1175 417 1357 459 alterum
1389 433 1534 460 earum

196 489 303 528 quae
334 475 653 530 intelleguntur.
702 475 810 516 Esse
837 489 886 516 ea
912 475 1018 529 dico,
1050 489 1156 529 quae
1184 475 1298 516 cerni
1331 477 1534 531 tangique

194 536 387 598 possunt,
418 537 466 574 ut
499 533 676 574 fundum
704 534 840 587 aedes,
871 533 1078 587 parietem
1110 533 1389 589 stillicidium,
1420 550 1536 576 man—

194 591 354 645 cipium
390 592 612 646 pecudem,
653 591 960 646 supellectilem
997 607 1131 646 penus
1171 595 1213 632 et
1250 596 1406 647 cetera,
1451 608 1534 647 quo

195 664 245 690 ex
286 664 438 705 genere
480 650 687 703 quaedam
726 650 942 690 interdum
982 650 1104 691 vobis
1146 650 1382 692 definienda
1423 654 1534 692 sunt.

194 708 294 749 Non
335 723 425 749 esse
464 723 611 749 rursus
650 723 699 748 ea
737 708 850 761 dico,
891 723 997 761 quae
1039 708 1161 763 tangi
1199 709 1534 751 demonstrarive

193 781 280 807 non
311 769 511 821 possunt,
550 766 664 807 cerni
703 769 848 807 tamen
880 767 1022 807 animo
1056 770 1183 820 atque
1215 767 1409 822 intellegi
1439 782 1535 822 pos—

195 828 312 878 sunt,
349 828 397 865 ut
429 824 465 865 si
497 839 599 865 usus
632 825 871 878 capionem,
910 825 945 865 si
977 825 1177 880 tutelam,
1209 825 1244 866 si
1277 829 1466 880 gentem,
1498 826 1535 867 si

195 883 470 937 agnationem
515 883 710 936 definias,
760 897 938 936 quarum
987 898 1129 923 rerum
1178 884 1343 925 nullum
1387 885 1535 926 subest

197 941 354 995 [quasi]
395 956 566 995 corpus,
610 944 674 982 est
718 944 863 982 tamen
904 941 1109 995 quaedam
1151 941 1435 983 conformatio
1474 943 1535 983 in-

196 1000 356 1054 signita
383 1003 425 1040 et
449 1000 644 1053 inpressa
674 999 981 1054 intellegentia,
1013 1014 1139 1053 quam
1171 1000 1392 1041 notionem
1416 1015 1533 1043 voco.

195 1058 260 1099 Ea
316 1073 440 1112 saepe
490 1058 535 1098 in
586 1058 922 1111 argumentando
980 1058 1224 1099 definitione
1275 1059 1534 1113 explicanda.

195 1116 338 1169 Atque
373 1116 502 1157 etiam
535 1116 803 1157 definitiones
836 1116 943 1157 aliae
982 1120 1082 1157 sunt
1113 1117 1394 1171 partitionum
1427 1118 1534 1159 aliae

195 1175 471 1228 divisionum3
514 1174 811 1228 partitionum,
842 1189 938 1215 cum
971 1189 1036 1215 res
1070 1189 1130 1229 ea,
1169 1190 1275 1229 quae
1312 1176 1535 1230 proposita

195 1236 272 1287 est,
304 1233 425 1286 quasi
456 1232 502 1272 in
533 1233 724 1273 membra
758 1233 1024 1286 discerpitur,
1055 1236 1103 1273 ut
1136 1233 1171 1273 si
1198 1233 1292 1287 quis
1317 1233 1384 1274 ius
1412 1234 1534 1275 civile

195 1291 309 1332 dicat
332 1291 375 1331 id
403 1306 507 1345 esse,
534 1291 645 1344 quod
671 1291 716 1330 in
742 1291 922 1345 legibus,
954 1294 1128 1331 senatus
1155 1291 1375 1346 consultis,
1406 1293 1532 1334 rebus

194 1349 404 1403 iudicatis,
435 1349 541 1390 iuris
566 1349 802 1403 peritorum
829 1350 1098 1403 auctoritate,
1130 1349 1279 1391 edictis
1312 1351 1535 1405 magistra—

194 1411 334 1461 tuum,
377 1422 494 1448 more
540 1407 754 1463 aequitate
800 1407 1018 1449 consistat.
1081 1407 1353 1449 Divisionum
1391 1412 1534 1450 autem

195 1466 385 1507 definitio
418 1466 578 1507 formas
612 1466 749 1506 omnis
783 1466 1093 1520 complectitur,
1134 1481 1240 1519 quae
1273 1467 1351 1507 sub
1384 1481 1434 1508 eo
1467 1481 1535 1523 ge-

193 1539 293 1565 nere
327 1528 437 1578 sunt,
471 1524 583 1578 quod
616 1524 827 1579 definitur,
861 1524 941 1565 1100
973 1525 1117 1565 modo:
1163 1524 1436 1566 Abalienatio
1468 1529 1534 1567 est

195 1583 284 1623 eius
322 1583 402 1635 rei,
442 1597 549 1636 quae
588 1582 773 1636 mancipi
812 1585 895 1637 est,
936 1586 1009 1623 aut
1046 1583 1222 1624 traditio
1261 1583 1384 1624 alteri
1421 1598 1532 1625 nexu

195 1644 269 1682 aut
299 1641 344 1681 in
375 1641 466 1681 iure
499 1640 647 1694 cessiO,
686 1641 798 1681 inter
830 1655 935 1694 quos
968 1655 1017 1681 ea
1047 1641 1138 1681 iure
1170 1641 1284 1682 civili
1315 1641 1407 1682 fieri
1438 1656 1534 1696 pos-

196 1702 305 1739 sunt.
369 1698 478 1739 Sunt
520 1698 649 1739 etiam
693 1698 777 1739 alia
814 1713 969 1753 genera
1013 1699 1326 1749 definitionum,
1370 1700 1443 1740 sed
1481 1701 1533 1741 ad

198 1757 324 1797 huius
355 1757 455 1797 libri
486 1756 733 1797 institutum
765 1756 838 1797 illa
869 1757 978 1797 nihil
1008 1757 1241 1812 pertinent3
1271 1760 1442 1799 tantum
1467 1761 1533 1799 est

196 1815 420 1856 dicendum
441 1815 513 1868 qui
535 1814 591 1855 sit
616 1814 875 1855 definitionis
902 1815 1063 1855 modus.
1116 1814 1185 1856 Sic
1210 1815 1344 1870 igitur
1369 1819 1532 1858 veteres

194 1873 478 1927 praecipiunt:
512 1888 608 1914 cum
640 1873 869 1927 sumpseris
897 1888 957 1927 ea,
989 1887 1096 1926 quae
1124 1874 1209 1914 sint
1233 1874 1274 1914 ei
1300 1874 1373 1929 rei,
1405 1889 1532 1928 quam

195 1931 367 1972 definire
400 1931 517 1985 velis,
548 1946 644 1972 cum
677 1931 771 1972 aliis
804 1931 1058 1985 communia,
1088 1946 1222 1985 usque
1249 1946 1297 1973 eo
1323 1933 1533 1987 persequi,

195 1990 294 2030 dum
332 1989 553 2044 proprium
591 1989 820 2044 efficiatur,
860 1990 972 2043 quod
1008 1990 1170 2031 nullam
1207 1990 1252 2031 in
1284 1990 1411 2031 aliam
1442 2005 1532 2032 rem

193 2048 417 2089 transferri
466 2048 615 2102 possit.
688 2047 747 2088 Ut
789 2048 910 2088 haec:
959 2047 1185 2089 Hereditas
1233 2051 1298 2090 est
1341 2049 1530 2103 pecunia.

195 2105 429 2147 Commune
463 2106 615 2160 adhuc,
648 2106 785 2146 multa
816 2106 928 2146 enim
960 2120 1115 2160 genera
1146 2107 1358 2161 pecuniae.
1410 2106 1531 2148 Adde

195 2165 307 2219 quod
340 2164 547 2218 sequitur:
581 2179 687 2218 quae
720 2167 856 2205 morte
886 2164 1064 2205 alicuius
1091 2165 1143 2206 ad
1169 2165 1411 2219 quempiam
1440 2180 1531 2219 per-

194 2223 321 2264 venit.
383 2222 584 2263 Nondum
617 2226 682 2264 est
714 2222 922 2278 definitio,
954 2223 1100 2264 multis
1134 2223 1245 2264 enim
1277 2223 1414 2264 modis
1441 2223 1530 2264 sine

193 2282 432 2323 hereditate
458 2281 593 2322 teneri
624 2281 828 2335 pecuniae
854 2284 1122 2322 mortuorum
1146 2285 1338 2336 possunt.
1387 2280 1531 2322 Unum

1572 435 1588 459 5

1555 727 1588 751 10

1555 1018 1587 1043 15

1553 1310 1587 1334 20

1553 1600 1586 1626 25

1552 1892 1586 1917 30

1550 2181 1583 2207 35
1601 2178 1608 2206 ss
