1643 2526
122 354 166 385 14

125 1516 166 1546 16

118 2038 165 2069 17

190 132 246 174 70
691 130 755 164 DE
782 129 1007 165 ORATORE

189 225 435 281 eloquentia
478 240 575 267 cum
618 225 810 266 Antonio
854 225 1105 266 disseruisse
1149 228 1192 266 et
1236 227 1440 279 tanquam
1481 225 1527 266 in

190 285 337 327 schola
366 298 498 339 prope
531 284 584 325 ad
610 283 871 325 Graecorum
897 283 1249 325 consuetudinem
1274 283 1526 338 disputasse.

190 343 259 385 Ita
301 358 369 384 me
411 343 546 383 frater
589 342 780 383 exoravit
821 356 874 383 ne
917 342 1060 396 ipsum
1104 341 1275 396 quidem
1318 356 1343 382 a
1385 341 1527 382 studio

191 401 389 443 audiendi
419 401 547 441 nimis
580 400 899 454 abhorrentem,
938 401 1011 441 sed
1042 400 1281 442 mehercule
1311 403 1528 441 verentem

189 474 242 501 ne
268 459 440 500 molesti
458 459 580 500 vobis
605 459 970 513 interveniremus,
994 461 1043 499 ut
1061 458 1145 500 huc
1165 473 1309 500 secum
1327 457 1526 499 venirem.
1547 474 1562 500 5

189 519 249 560 Et
280 518 393 558 enim
426 516 674 558 Scaevolam
704 517 766 558 ita
797 517 934 558 dicere
967 517 1126 571 aiebat,
1166 517 1324 558 bonam
1361 519 1528 571 partem

191 576 400 617 sermonis
437 576 484 616 in
519 575 633 617 hunc
671 575 783 616 diem
814 589 905 616 esse
939 575 1127 616 dilatam.
1187 575 1283 616 Hoc
1313 578 1362 616 tu
1393 574 1430 615 si
1462 589 1529 615 cu-

191 634 332 688 pidius
370 634 534 675 factum
572 633 809 688 existimas,
853 632 1025 674 Caesari
1063 633 1292 686 attribues,
1337 633 1373 674 si
1409 632 1530 673 fami-

191 692 353 746 liarius,
384 692 553 745 utrique
582 695 788 745 nostrum.
848 691 940 732 Nos
974 691 1156 746 quidem,
1185 691 1270 732 nisi
1299 690 1411 732 forte
1443 705 1530 732 mo·
1642 739 1643 745 ἵ

192 750 290 792 lesti
332 750 657 804 intervenimus,
702 750 868 791 venisse
912 750 1105 791 delectat.
1178 749 1288 791 Tum
1331 748 1528 790 Crassus:
1549 765 1582 791 10

192 808 416 862 Equidem,
447 822 769 862 quaequomque
801 822 876 849 vos
909 822 1037 849 causa
1065 808 1149 849 huc
1181 808 1410 862 attulisset,
1447 807 1531 848 lae-

191 870 318 921 tarer,
344 881 473 920 quom
500 867 612 920 apud
637 881 704 907 me
722 866 910 907 viderem
934 866 1129 907 homines
1155 866 1260 907 mihi
1286 866 1529 907 carissimos

193 928 236 966 et
269 925 568 979 amicissimos3
601 925 674 965 sed
705 927 861 979 tamen,
892 938 989 965 vere
1015 924 1166 979 dicam,
1197 924 1369 978 quaevis
1402 938 1531 966 causa

192 983 364 1024 mallem
395 983 549 1023 fuisset
581 997 708 1037 quam
737 982 834 1036 ista,
867 997 922 1036 qu
913 997 995 1023 am
1020 983 1135 1024 dicis
1197 982 1293 1038 Ego
1325 982 1451 1036 enim,
1481 985 1531 1023 ut

193 1056 320 1096 quem
351 1041 403 1082 ad
433 1041 608 1082 modum
640 1041 778 1082 sentio
809 1041 972 1095 loquar,
1001 1055 1219 1095 nunquam
1251 1040 1357 1082 mihi
1387 1041 1528 1082 minus
1550 1055 1582 1081 15

193 1114 320 1154 quam
363 1099 563 1139 hesterno
608 1099 673 1139 die
716 1099 876 1153 placui,
918 1099 1056 1153 magis
1098 1100 1201 1140 adeo
1241 1099 1284 1139 id
1321 1099 1528 1140 facilitate

193 1171 321 1210 quam
347 1157 431 1197 alia
455 1157 542 1197 ulla
569 1157 691 1211 culpa
717 1172 811 1198 mea
843 1157 1038 1212 contigit,
1070 1157 1153 1211 qui,
1185 1157 1285 1198 dum
1318 1157 1529 1211 obsequor

193 1215 548 1268 adulescentibus,
580 1230 645 1256 me
679 1229 822 1256 senem
853 1230 945 1256 esse
978 1230 1072 1256 sum
1099 1215 1257 1256 oblitus
1283 1215 1448 1269 fecique
1473 1215 1529 1269 id,

193 1274 307 1327 quod
336 1287 389 1314 ne
422 1273 667 1314 adulescens
701 1274 870 1327 quidem
901 1273 1102 1328 feceram,
1139 1276 1187 1314 ut
1223 1273 1276 1314 iis
1308 1273 1357 1314 de
1389 1273 1530 1328 rebus,

193 1346 300 1385 quae
332 1331 526 1373 doctrina
557 1331 699 1386 aliqua
737 1332 1073 1386 continerentur,
1112 1332 1384 1386 disputarem.
1447 1330 1530 1373 Sed
1549 1348 1582 1373 20

192 1390 273 1431 hoc
305 1392 451 1430 tamen
481 1390 633 1431 cecidit
664 1390 771 1430 mihi
807 1393 1111 1444 peroportune,
1149 1390 1262 1444 quod
1299 1390 1529 1432 transactis

190 1448 278 1489 iam
315 1448 420 1489 meis
460 1448 655 1502 partibus
694 1449 746 1489 ad
777 1448 1015 1489 Antonium
1054 1448 1309 1490 audiendum
1338 1448 1528 1490 venistis.

193 1505 301 1547 Tum
334 1505 505 1547 Caesar:
538 1506 760 1560 Equidem,
789 1507 943 1561 inquit,
975 1505 1138 1560 Crasse,
1169 1510 1211 1547 et
1241 1507 1303 1547 ita
1334 1521 1430 1547 sum
1461 1522 1529 1548 cu-

190 1564 315 1618 pidus
358 1564 404 1604 in
451 1564 526 1604 illa
569 1564 762 1619 longiore
807 1568 848 1605 te
893 1579 941 1605 ac
989 1568 1195 1618 perpetua
1239 1565 1527 1618 disputatione

191 1622 407 1675 audiendi,
448 1626 514 1676 ut,
552 1622 587 1663 si
617 1622 661 1662 id
692 1622 798 1662 mihi
828 1622 968 1663 minus
1001 1623 1239 1676 contingat,
1269 1622 1337 1663 vel
1367 1626 1415 1663 ut
1446 1623 1527 1665 hoc
1547 1637 1580 1663 25

192 1680 273 1721 sim
305 1680 518 1721 cotidiano
550 1683 625 1721 tuo
653 1694 845 1721 sermone
873 1683 1109 1721 contentus.
1158 1680 1309 1734 Itaque
1336 1681 1528 1735 experiar

191 1738 386 1791 equidem
421 1738 559 1789 [illud]
570 1772 580 1792 ,
623 1741 671 1778 ut
708 1752 761 1779 ne
794 1737 1008 1791 Sulpicius
1046 1738 1270 1779 familiaris
1301 1754 1421 1780 meus
1454 1742 1528 1781 aut

192 1794 321 1837 Cotta
356 1796 452 1850 plus
492 1810 619 1849 quam
656 1810 735 1851 ego
775 1797 887 1850 apud
918 1799 959 1837 te
991 1796 1130 1837 valere
1162 1797 1373 1851 videatur,
1410 1800 1452 1838 et
1483 1801 1526 1839 te

192 1854 375 1895 exorabo
407 1854 613 1908 profecto,
643 1858 691 1895 ut
723 1854 828 1895 mihi
861 1869 1025 1908 quoque
1052 1858 1093 1896 et
1120 1853 1272 1896 Catulo
1303 1859 1402 1896 tuae
1435 1870 1527 1897 sua-

190 1912 337 1953 vitatis
376 1912 538 1965 aliquid
573 1912 790 1966 inpertias.
860 1911 935 1953 Sin
977 1913 1058 1954 tibi
1100 1913 1143 1954 id
1184 1914 1324 1954 minus
1367 1913 1525 1968 licebit,
1544 1930 1578 1954 30

191 1984 279 2010 non
309 1973 350 2011 te
381 1970 544 2024 urgebo
575 1985 711 2024 neque
743 1971 1021 2025 committam,
1053 1974 1112 2025 ut,
1144 1972 1244 2012 dum
1275 1986 1445 2013 vereare
1476 1975 1526 2014 tu

191 2042 243 2068 ne
276 2028 333 2069 sis
365 2028 552 2082 ineptus,
590 2043 656 2069 me
689 2043 779 2070 esse
810 2029 981 2070 iudices.
1043 2029 1151 2070 Tum
1182 2030 1271 2070 ille:
1314 2030 1410 2085 Ego
1442 2044 1526 2071 me-

189 2085 343 2140 hercle,
367 2085 519 2139 inquit,
545 2085 713 2140 Caesar,
738 2101 788 2127 ex
816 2087 1013 2128 omnibus
1038 2087 1206 2129 Latinis
1232 2088 1372 2129 verbis
1398 2088 1524 2129 huius

189 2144 309 2185 verbi
339 2144 426 2184 vim
456 2144 523 2184 vel
559 2145 789 2186 maximam
826 2160 992 2198 semper
1027 2146 1186 2199 putavi.
1247 2145 1381 2194 Quem
1411 2146 1524 2187 enim

188 2215 267 2242 nos
292 2202 521 2255 ineptum
546 2216 759 2255 vocamus,
790 2203 827 2244 is
859 2203 965 2244 mihi
991 2203 1157 2244 videtur
1183 2204 1235 2245 ab
1261 2203 1342 2245 hoc
1368 2218 1524 2245 nomen
1541 2219 1576 2246 35

188 2259 345 2301 habere
377 2260 570 2314 ductum,
614 2261 727 2314 quod
763 2275 862 2302 non
900 2261 955 2302 sit
989 2264 1155 2316 aptus,
1196 2262 1323 2315 idque
1359 2262 1405 2302 in
1441 2276 1524 2303 ser-

187 2318 328 2359 monis
353 2317 492 2359 nostri
519 2319 822 2360 consuetudine
847 2319 1009 2373 perlate
1034 2322 1166 2373 patet.
1214 2319 1327 2361 Nam
1353 2319 1425 2373 qui
1450 2323 1524 2361 aut
