1643 2526
153 91 163 107 2
178 78 265 120 436
761 81 934 117 TOPICA

109 186 154 216 50

113 560 166 600 12

110 628 153 658 51

112 1642 155 1672 53

300 175 367 216 Ab
413 175 624 217 adiunctis
669 179 813 217 autem
861 176 986 231 posui
1034 177 1229 231 equidem
1278 177 1519 232 exemplum

180 233 308 287 paulo
347 236 464 287 ante,
506 234 643 274 multa
679 234 872 290 adiungi,
915 249 1021 288 quae
1060 236 1328 290 suscipienda
1364 239 1519 291 essent,

180 291 217 332 si
250 291 548 332 statuissemus
587 306 637 333 ex
676 293 814 334 edicto
853 294 1083 334 secundun]
1122 308 1192 335 eas
1223 293 1393 335 tabulas
1422 309 1519 348 pos-

180 350 415 390 sessionem
459 350 568 404 dari,
612 364 716 404 quas
759 351 796 392 is
838 351 1117 405 instituisset,
1160 353 1228 393 cui
1270 352 1518 393 testamenti

178 407 312 448 factio
348 408 467 448 nulla
505 412 627 449 esset.
690 407 772 450 Sed
803 410 922 451 locus
953 410 1023 451 1110
1054 410 1192 465 magis
1225 411 1276 451 ad
1308 410 1518 452 coniectu-

178 466 289 506 rales
329 481 496 520 causas,
541 481 648 521 quae
684 471 909 508 versantur
945 468 990 508 in
1026 468 1213 522 iudiciis,
1251 469 1382 521 valet,
1421 483 1518 510 cum

183 524 402 577 quaeritur
440 524 541 578 quid
579 528 653 566 aut
691 526 748 566 sit
785 529 859 567 aut
896 526 1083 567 evenerit
1122 530 1196 567 aut
1232 526 1424 567 futurum
1461 526 1519 567 sit

182 586 256 623 aut
288 582 389 636 quid
427 583 598 624 0111111110
639 584 731 624 fieri
763 584 911 638 possit.
972 584 1036 625 Ac
1067 584 1151 625 loci
1183 584 1353 638 quidem
1382 584 1516 639 ipsius

180 640 319 681 forma
350 641 449 682 talis
483 645 559 682 est.
620 641 835 683 Admonet
866 646 1008 683 autem
1039 642 1109 683 1110
1140 643 1277 696 100118,
1316 645 1364 683 ut
1395 645 1540 697 quae-‘

180 702 302 739 ratui
339 699 439 752 quid
478 703 576 740 ante
614 715 722 754 rem,
765 701 865 753 quid
909 715 1003 741 011111
1045 716 1108 754 10,
1152 701 1252 754 quid
1291 704 1391 755 post
1427 716 1517 742 rem

180 757 379 798 evenerit.
443 756 578 798 ‘Nihjl
608 758 690 799 1100
720 759 771 799 311
796 759 881 812 ius,
914 759 964 799 ad
992 757 1267 812 Ciceronem’,
1297 759 1519 812 inquiebat

183 814 329 856 Gallus
355 819 513 869 noster,
546 816 582 856 si
615 816 709 870 quis
742 817 794 857 ad
826 831 921 857 eum
954 817 1055 871 quid
1086 817 1171 858 tale
1202 817 1440 871 rettulerat,
1469 820 1519 858 ut

181 874 231 914 de
262 873 377 915 facto
411 878 693 927 quaereretur.
756 874 819 915 Tu
851 878 995 915 tamen
1023 875 1185 929 patiere
1210 875 1375 916 nullum
1401 891 1426 916 a
1450 889 1517 916 me

181 932 285 973 artis
310 932 534 973 institutae
559 933 700 974 locum
726 933 966 987 praeteriri,
997 948 1062 987 110,
1091 934 1127 974 81
1152 933 1272 987 1111111,
1296 933 1380 974 11181
1406 933 1518 986 quod

181 990 233 1031 ad
259 994 300 1031 te
326 991 551 1044 pertineat,
583 991 852 1032 scribendum
883 992 1068 1045 putabis,
1098 991 1279 1032 nimium
1307 995 1349 1032 te
1374 1006 1517 1032 amare

180 1048 359 1089 videare.
420 1049 501 1090 Est
532 1049 666 1104 igitur
697 1064 853 1104 magna
885 1064 935 1090 ex
971 1053 1093 1103 parte
1127 1050 1246 1091 locus
1278 1049 1348 1090 1110
1381 1053 1519 1090 orato-

180 1107 268 1147 rius
300 1121 387 1147 non
424 1107 550 1147 modo
588 1122 675 1148 non
704 1108 809 1148 iuris
842 1108 1153 1161 consultorum,
1191 1108 1264 1148 sed
1300 1122 1352 1148 ne
1383 1107 1519 1161 philo-

137 1184 143 1190 ·
182 1165 414 1218 sophorum
447 1165 628 1218 quidem.
689 1165 803 1206 Ante
835 1180 925 1206 rem
956 1166 1068 1206 enim
1100 1168 1373 1219 quaeruntur,
1410 1179 1517 1218 quae

180 1223 285 1263 talia
312 1226 428 1264 sunt:
461 1226 690 1277 apparatus
717 1224 943 1277 conloquia
967 1224 1086 1264 locus
1114 1223 1397 1264 constitutum
1423 1237 1518 1264 0011-

181 1281 358 1335 vivium,
408 1296 504 1322 cum
547 1296 592 1321 re
643 1285 802 1322 autem:
850 1282 1005 1336 pedum
1052 1282 1256 1335 crepitus,
1295 1281 1517 1334 [strepitus

181 1339 432 1393 hominum,]
467 1353 693 1393 corporum
724 1340 900 1380 umbrae
929 1343 971 1380 et
1003 1339 1039 1380 si
1066 1340 1167 1393 quid
1193 1339 1282 1380 eius
1310 1339 1441 1393 modi,
1473 1342 1518 1380 at

180 1400 280 1452 post
317 1412 423 1438 rem:
472 1398 610 1451 pallor
653 1398 784 1438 rubor
822 1398 1044 1452 titubatio,
1083 1398 1118 1438 81
1156 1412 1239 1451 qua
1275 1397 1359 1438 alia
1395 1397 1519 1452 signa

182 1456 523 1497 conturbationis
574 1459 615 1496 et
665 1456 967 1510 conscientiae,
1021 1459 1241 1510 praeterea
1288 1455 1517 1496 restinctus

179 1514 312 1569 ignis,
351 1514 516 1569 gladius
561 1517 760 1555 cruentus
805 1517 1046 1569 ceteraque,
1088 1528 1195 1568 quae
1233 1513 1518 1567 suspicionem

181 1572 285 1613 facti
316 1575 497 1626 possunt
527 1587 707 1613 movere.

301 1630 512 1684 Deinceps
539 1633 604 1670 est
634 1630 753 1671 locus
781 1630 1098 1671 dialecticorum
1123 1629 1321 1683 proprius
1348 1642 1398 1669 ex
1423 1642 1520 1668 con-

183 1688 458 1742 sequentibus
491 1691 533 1729 et
565 1688 912 1728 antecedentibus
939 1691 981 1728 et
1005 1687 1356 1741 repugnantibus.
1405 1685 1519 1727 Nam

182 1747 423 1800 coniuncta,
449 1746 498 1786 de
520 1746 673 1799 quibus
693 1745 821 1799 paulo
842 1749 939 1786 ante
964 1745 1124 1786 dictum
1145 1748 1222 1797 est,
1246 1758 1334 1784 non
1353 1758 1518 1798 semper

183 1806 400 1859 eveniunt,
436 1803 741 1858 consequentia
772 1806 914 1844 autem
947 1818 1122 1857 semper.
1183 1803 1249 1843 Ea
1280 1802 1392 1843 enim
1424 1802 1517 1843 dico

183 1862 498 1916 consequentia,
524 1876 630 1915 quae
655 1876 746 1902 rem
769 1861 1008 1902 necessario
1033 1863 1368 1914 consequuntur,
1397 1860 1519 1900 item-

183 1936 264 1974 que
302 1925 344 1961 et
384 1920 676 1961 antecedentia
716 1923 758 1960 et
796 1919 1089 1974 repugnantia.
1157 1918 1366 1972 Quicquid
1406 1918 1519 1958 enim

185 1979 378 2033 sequitur
410 1992 619 2032 quamque
645 1993 747 2032 rem,
777 1977 820 2018 id
847 1978 1044 2019 cohaeret
1071 1992 1166 2018 cum
1192 1992 1236 2017 re
1262 1976 1519 2030 necessario,

185 2040 228 2078 et
260 2036 461 2091 quicquid
492 2039 721 2091 repugnat,
758 2036 801 2076 id
832 2036 922 2076 eius
953 2036 1068 2076 modi
1102 2038 1184 2089 est,
1214 2037 1263 2075 ut
1295 2034 1518 2076 cohaerere

116 2096 170 2137 13
183 2110 414 2149 numquam
452 2094 600 2148 possit.
668 2093 776 2135 Cum
812 2094 1027 2147 tripertito
1065 2093 1200 2148 igitur
1238 2092 1519 2133 distribuatur

183 2154 302 2195 locus
334 2153 422 2207 hic,
458 2152 503 2192 in
540 2154 884 2193 consecutionem
917 2152 1252 2192 antecessionem
1283 2164 1520 2204 repugnan-

183 2212 302 2265 tiam,
325 2210 562 2265 reperiendi
589 2210 829 2265 argumenti
854 2210 973 2251 locus
1001 2210 1181 2264 simplex
1207 2211 1283 2263 est,
1307 2207 1520 2265 tractandi

186 2270 353 2324 triplex.
415 2268 527 2310 Nam
560 2268 660 2322 quid
691 2268 888 2322 interest,
925 2283 1021 2310 cum
1052 2268 1133 2309 hoc
1167 2266 1416 2321 sumpseris,
1450 2280 1520 2320 pe-

1538 719 1570 744 10

1538 1009 1570 1034 15

1537 1298 1570 1322 20

1537 1587 1571 1613 25

1537 1878 1571 1903 30

1537 2165 1572 2192 35
