1643 2526
108 667 150 697 13

112 1192 153 1221 14

112 1658 152 1688 15

175 95 259 136 386
445 87 508 128 DE
536 94 717 129 OPTIMO
745 93 940 129 GENERE
968 94 1244 129 ORATORUM.

175 190 388 231 excelsum
424 189 785 244 magnificumque
824 190 1024 243 delectat,
1064 189 1207 230 dicant
1240 203 1283 230 se
1316 188 1516 242 quiddam

176 248 330 289 subtile
364 251 406 288 et
437 248 621 302 politum
652 248 778 302 velle,
800 249 976 303 -grande
1016 250 1298 302 ornatumque
1330 250 1516 288 contem—

173 321 290 361 nere,
321 307 365 347 id
390 320 490 347 vero
517 307 712 347 desinant
739 307 888 360 dicere,
921 306 993 360 qui
1019 305 1235 346 subtiliter
1260 305 1416 360 dicant,
1444 319 1515 346 eos

175 365 290 405 solos
322 364 466 405 Attice
498 365 648 415 dicere,
679 364 723 405 id
755 368 819 406 est
851 365 973 418 quasi
1006 364 1114 405 sicce
1147 367 1189 404 et
1219 364 1398 418 integre.
1459 363 1518 404 Et

176 423 313 477 ample
358 426 400 463 et
444 426 592 464 ornate
637 426 679 464 et
722 423 893 477 copiose
939 437 1036 464 cum
1079 422 1224 463 eadem
1266 421 1517 476 integritate

176 481 422 522 Atticorum
459 484 534 522 est.
597 480 737 530 Quid?
781 481 957 522 dubium
996 484 1061 522 est
1098 484 1242 521 utrum
1278 481 1516 521 orationem

174 542 368 580 nostram
393 540 660 581 tolerabilem
686 543 855 580 tantum
882 555 935 580 an
955 539 1084 580 etiam
1105 538 1399 580 admirabilem
1426 553 1517 579 esse

176 598 426 652 cupiamus?
469 597 569 638 Non
601 599 712 639 enim
743 598 829 639 iam
862 598 1104 651 quaerimus
1138 597 1238 650 quid
1271 597 1327 637 sit
1360 596 1517 649 Attice,

178 657 251 697 sed
283 656 384 709 quid
416 656 472 696 sit
505 656 664 709 optime
698 657 847 697 dicere.
908 656 975 696 Ex
1001 670 1084 709 quo
1109 655 1388 710 intellegitur,
1419 669 1517 709 quo-

174 714 291 755 niam
318 714 578 755 Graecorum
611 719 832 755 oratorum
865 713 1225 768 praestantissimi
1258 713 1343 754 sint
1370 713 1415 767 ii,
1446 713 1518 766 qui

176 772 336 813 fuerint
379 773 579 826 Athenis,
629 787 779 814 eorum
829 776 971 813 autem
1019 772 1215 826 princeps
1265 771 1389 812 facile
1438 771 1519 811 De-

178 831 445 885 mosthenes,
483 830 595 872 hunc
629 831 664 872 si
698 832 768 885 qui
805 831 1015 885 imitetur,
1055 845 1151 871 eum
1189 833 1231 870 et
1261 829 1405 870 Attice
1437 829 1520 870 dic-

178 892 323 930 turum
356 892 399 929 et
431 892 623 943 optume,
655 893 720 943 ut,
753 889 954 943 quoniam
986 889 1121 929 Attici
1152 888 1276 929 nobis
1307 887 1519 942 propositi

179 951 278 988 sunt
312 948 364 988 ad
401 947 674 1002 imitandum,
711 948 817 989 bene
856 948 992 988 dicere
1024 947 1067 987 id
1099 947 1155 987 sit
1189 947 1331 987 Attice
1370 946 1518 987 dicere.

297 1004 378 1047 Sed
411 1020 507 1046 cum
538 1005 583 1046 in
616 1020 664 1047 eo
698 1021 877 1061 magnus
917 1019 1033 1046 error
1072 1008 1201 1058 esset,
1245 1005 1368 1059 quale
1408 1007 1519 1045 esset

176 1064 221 1104 id
253 1064 419 1105 dicendi
452 1078 604 1119 genus,
647 1065 794 1118 putavi
833 1064 939 1105 mihi
977 1063 1291 1117 suscipiendum
1328 1063 1518 1103 laborem

178 1122 327 1163 utilem
367 1122 588 1176 studiosis,
633 1123 737 1163 mihi
777 1122 946 1176 quidem
984 1122 1066 1175 ipsi
1103 1136 1190 1162 non
1220 1120 1519 1162 necessarium.

179 1179 381 1221 Converti
418 1180 530 1221 enim
569 1195 619 1221 ex
658 1181 814 1222 Atticis
853 1181 1033 1221 duorum
1071 1179 1518 1233 eloquentissimorum

178 1239 468 1279 nobilissimas
502 1239 716 1280 orationes
745 1239 857 1280 inter
883 1253 1010 1291 seque
1037 1238 1284 1291 contrarias,
1316 1237 1518 1278 Aeschini

179 1300 222 1337 et
253 1296 551 1338 Demostheni:
582 1311 657 1338 nec
692 1297 880 1338 converti
912 1300 960 1337 ut
990 1296 1213 1350 interpres.
1247 1296 1319 1336 sed
1350 1298 1398 1336 ut
1431 1309 1519 1336 ora-

180 1359 261 1409 tor,
287 1355 510 1396 sententiis
536 1355 671 1396 isdem
698 1359 740 1396 et
767 1370 911 1396 earum
938 1355 1086 1396 formis
1114 1358 1334 1407 tamquam
1358 1353 1521 1407 figuris,

178 1413 320 1454 verbis
365 1414 417 1454 ad
458 1417 652 1454 nostram
697 1413 1048 1455 consuetudinem
1093 1413 1216 1467 aptis.
1277 1412 1329 1452 In
1366 1412 1518 1465 quibus

178 1486 265 1512 non
307 1472 485 1512 verbum
528 1486 605 1525 pro
649 1472 779 1512 verbo
823 1486 994 1513 necesse
1040 1471 1171 1512 habui
1215 1470 1404 1524 reddere,
1448 1470 1520 1511 sed

181 1544 313 1585 genus
348 1544 470 1571 omne
502 1531 729 1571 verborum
758 1530 926 1583 vimque
959 1529 1132 1570 servavi.
1195 1528 1295 1569 Non
1327 1528 1440 1568 enim
1472 1542 1520 1568 ea

180 1603 246 1629 me
279 1602 555 1629 annumerare
587 1589 737 1629 lectori
769 1588 917 1642 putavi
950 1591 1158 1642 oportere,
1196 1587 1268 1628 sed
1299 1589 1519 1640 tamquam

180 1647 428 1700 appendere.
489 1645 571 1686 Hic
603 1646 725 1687 labor
756 1661 874 1686 meus
906 1646 986 1687 hoc
1019 1645 1272 1698 assequitur,
1302 1647 1351 1685 ut
1381 1644 1519 1684 nostri

179 1704 373 1745 homines
406 1704 507 1757 quid
540 1704 591 1744 ab
623 1704 709 1744 illis
742 1704 936 1758 exigant,
974 1703 1044 1757 qui
1078 1718 1121 1744 se
1155 1703 1325 1743 Atticos
1358 1702 1520 1756 volunt,

180 1765 222 1802 et
255 1763 306 1802 ad
339 1777 467 1815 quam
499 1776 570 1802 eos
604 1762 724 1815 quasi
759 1762 989 1802 formulam
1027 1761 1192 1802 dicendi
1229 1763 1429 1801 revocent
1459 1760 1520 1800 in-

180 1820 396 1875 tellegant.
439 1819 538 1861 ‘Sed
562 1820 777 1861 exorietur
790 1819 1075 1874 Thucydides,
1101 1819 1191 1860 eius
1212 1819 1325 1859 enim
1349 1818 1520 1871 quidam

180 1878 469 1932 eloquentiam
501 1878 815 1919 admirantur.²>
852 1878 902 1918 Id
934 1878 1103 1931 quidem
1134 1879 1266 1931 recte,
1308 1877 1379 1917 sed
1410 1876 1518 1916 nihjl

181 1937 233 1977 ad
265 1951 361 1977 eum
400 1939 631 1990 oratorem,
670 1951 794 1990 quem
833 1936 1087 1989 quaerimus,
1150 1935 1278 1976 Aliud
1310 1938 1374 1975 est
1407 1934 1519 1975 enim

181 1995 390 2048 explicare
420 2009 486 2035 res
514 1998 656 2049 gestas
683 1995 907 2047 narrando,
939 1994 1053 2034 aliud
1079 1993 1415 2048 argumentando
1443 1993 1520 2033 cri—

181 2052 334 2093 minari
375 2052 585 2093 crimenve
631 2053 879 2106 dissolvere3
929 2052 1043 2092 aliud
1086 2054 1331 2092 narrantem
1375 2053 1518 2091 tenere

181 2111 437 2164 auditorem,
478 2110 593 2151 aliud
631 2111 925 2152 concitantem.
989 2110 1064 2150 ‘At
1094 2110 1284 2164 loquitur
1315 2107 1518 2162 pulchre.’

1539 731 1572 755 10

1540 1021 1572 1045 15

1538 1313 1572 1337 20

1539 1603 1573 1628 25

1539 1893 1573 1918 30

112 2181 153 2210 16
180 2168 296 2209 Num
328 2168 479 2209 melius
513 2183 639 2222 quam
670 2168 825 2209 Plato?
857 2167 1040 2208 Necesse
1074 2171 1139 2209 est
1170 2171 1314 2208 tamen
1347 2166 1518 2220 oratori,
1538 2183 1572 2207 35

182 2242 307 2281 quem
346 2226 607 2281 quaerimus,
647 2227 958 2267 controversias
998 2226 1207 2280 explicare
1239 2225 1428 2266 forenses
1461 2224 1519 2265 di-

182 2285 301 2326 cendi
335 2299 487 2340 genere
521 2287 620 2339 apto
660 2285 711 2325 ad
744 2285 997 2338 docendum,
1034 2285 1086 2325 ad
1119 2283 1430 2336 delectandum,
1468 2283 1517 2323 ad
