<?xml version="1.0" encoding="UTF-8"?>
<!DOCTYPE html PUBLIC "-//W3C//DTD XHTML 1.0 Transitional//EN"
    "http://www.w3.org/TR/xhtml1/DTD/xhtml1-transitional.dtd">
<html xmlns="http://www.w3.org/1999/xhtml" xml:lang="en" lang="en">
 <head>
  <title>
</title>
<meta http-equiv="Content-Type" content="text/html;charset=utf-8" />
  <meta name='ocr-system' content='tesseract 3.04.00' />
  <meta name='ocr-capabilities' content='ocr_page ocr_carea ocr_par ocr_line ocrx_word'/>
</head>
<body>
  <div class='ocr_page' id='page_1' title='image "./p2scriptaquaemanse01ciceuoft_0078.png"; bbox 0 0 1643 2526; ppageno 0'>
   <div class='ocr_carea' id='block_1_1' title="bbox 142 105 1063 143">
    <p class='ocr_par' dir='ltr' id='par_1_1' title="bbox 142 105 1063 143">
     <span class='ocr_line' id='line_1_1' title="bbox 142 105 1063 143; baseline 0.001 -1"><span class='ocrx_word' id='word_1_1' title='bbox 142 108 258 142; x_wconf 81' lang='lat' dir='ltr'><strong>LVIII</strong></span> <span class='ocrx_word' id='word_1_2' title='bbox 558 106 837 143; x_wconf 85' lang='lat' dir='ltr'><strong>ADNOTATIO</strong></span> <span class='ocrx_word' id='word_1_3' title='bbox 865 105 1063 143; x_wconf 77' lang='lat' dir='ltr'><strong>CRITICA.</strong></span> 
     </span>
    </p>
   </div>
   <div class='ocr_carea' id='block_1_2' title="bbox 140 210 1481 724">
    <p class='ocr_par' dir='ltr' id='par_1_2' title="bbox 140 210 1481 724">
     <span class='ocr_line' id='line_1_2' title="bbox 143 210 1481 257; baseline -0.001 -11"><span class='ocrx_word' id='word_1_4' title='bbox 143 212 361 247; x_wconf 83' lang='lat' dir='ltr'>Gulielmius</span> <span class='ocrx_word' id='word_1_5' title='bbox 387 232 432 238; x_wconf 94' lang='lat'>—</span> <span class='ocrx_word' id='word_1_6' title='bbox 464 213 584 257; x_wconf 83' lang='lat' dir='ltr'><em>alique</em></span> <span class='ocrx_word' id='word_1_7' title='bbox 617 212 794 247; x_wconf 83' lang='lat' dir='ltr'><strong>FBO¹D</strong></span> <span class='ocrx_word' id='word_1_8' title='bbox 834 232 876 237; x_wconf 91' lang='lat'>—</span> <span class='ocrx_word' id='word_1_9' title='bbox 916 212 1064 246; x_wconf 80' lang='lat' dir='ltr'><em>barbari</em></span> <span class='ocrx_word' id='word_1_10' title='bbox 1087 212 1129 246; x_wconf 88' lang='lat' dir='ltr'><em>in</em></span> <span class='ocrx_word' id='word_1_11' title='bbox 1160 210 1185 245; x_wconf 91' lang='lat' dir='ltr'>C</span> <span class='ocrx_word' id='word_1_12' title='bbox 1217 211 1402 246; x_wconf 80' lang='lat' dir='ltr'><em>barbaries</em></span> <span class='ocrx_word' id='word_1_13' title='bbox 1432 210 1481 245; x_wconf 74' lang='lat'><em>02</em></span> 
     </span>
     <span class='ocr_line' id='line_1_3' title="bbox 142 256 1478 304; baseline -0.001 -11"><span class='ocrx_word' id='word_1_14' title='bbox 142 259 233 293; x_wconf 91' lang='lat' dir='ltr'><strong>Ven.</strong></span> <span class='ocrx_word' id='word_1_15' title='bbox 256 264 271 293; x_wconf 92' lang='lat'><em>1</em></span> <span class='ocrx_word' id='word_1_16' title='bbox 301 260 473 294; x_wconf 84' lang='lat' dir='ltr'><em>barbaria</em></span> <span class='ocrx_word' id='word_1_17' title='bbox 501 272 528 292; x_wconf 90' lang='grc' dir='ltr'><em>ω</em></span> <span class='ocrx_word' id='word_1_18' title='bbox 555 280 598 284; x_wconf 84' lang='grc'>-</span> <span class='ocrx_word' id='word_1_19' title='bbox 624 263 678 293; x_wconf 93' lang='lat'><em>26.</em></span> <span class='ocrx_word' id='word_1_20' title='bbox 707 271 814 304; x_wconf 87' lang='lat' dir='ltr'><em>quam</em></span> <span class='ocrx_word' id='word_1_21' title='bbox 839 263 915 294; x_wconf 86' lang='lat' dir='ltr'><em>tum</em></span> <span class='ocrx_word' id='word_1_22' title='bbox 940 258 967 291; x_wconf 99' lang='lat' dir='ltr'><strong>F</strong></span> <span class='ocrx_word' id='word_1_23' title='bbox 1005 269 1111 302; x_wconf 83' lang='lat' dir='ltr'><em>quam</em></span> <span class='ocrx_word' id='word_1_24' title='bbox 1135 257 1214 291; x_wconf 88' lang='grc' dir='ltr'>ΒΝ</span> <span class='ocrx_word' id='word_1_25' title='bbox 1252 261 1427 302; x_wconf 84' lang='lat' dir='ltr'><em>quantum</em></span> <span class='ocrx_word' id='word_1_26' title='bbox 1452 256 1478 292; x_wconf 84' lang='lat' dir='ltr'>C</span> 
     </span>
     <span class='ocr_line' id='line_1_4' title="bbox 142 304 1481 350; baseline -0.002 -10"><span class='ocrx_word' id='word_1_27' title='bbox 142 311 325 350; x_wconf 78' lang='lat' dir='ltr'><em>tamquam</em></span> <span class='ocrx_word' id='word_1_28' title='bbox 349 306 488 340; x_wconf 71' lang='lat' dir='ltr'><em>Manut.</em></span> <span class='ocrx_word' id='word_1_29' title='bbox 528 326 570 331; x_wconf 79' lang='lat'><strong>—</strong></span> <span class='ocrx_word' id='word_1_30' title='bbox 609 310 664 340; x_wconf 87' lang='lat'><em>33.</em></span> <span class='ocrx_word' id='word_1_31' title='bbox 697 307 785 350; x_wconf 83' lang='lat' dir='ltr'><em>quia</em></span> <span class='ocrx_word' id='word_1_32' title='bbox 809 305 834 340; x_wconf 93' lang='lat' dir='ltr'>C</span> <span class='ocrx_word' id='word_1_33' title='bbox 861 306 924 350; x_wconf 86' lang='lat' dir='ltr'><em>qui</em></span> <span class='ocrx_word' id='word_1_34' title='bbox 948 304 1034 338; x_wconf 86' lang='lat' dir='ltr'><strong>Ern.</strong></span> <span class='ocrx_word' id='word_1_35' title='bbox 1073 324 1117 329; x_wconf 93' lang='lat'><strong>—</strong></span> <span class='ocrx_word' id='word_1_36' title='bbox 1155 307 1210 339; x_wconf 86' lang='lat'><em>34.</em></span> <span class='ocrx_word' id='word_1_37' title='bbox 1241 315 1389 349; x_wconf 77' lang='lat' dir='ltr'><em>qraeeae</em></span> <span class='ocrx_word' id='word_1_38' title='bbox 1415 305 1481 338; x_wconf 74' lang='lat' dir='ltr'><em>aut,</em></span> 
     </span>
     <span class='ocr_line' id='line_1_5' title="bbox 141 350 1480 397; baseline -0.001 -10"><span class='ocrx_word' id='word_1_39' title='bbox 141 364 239 397; x_wconf 75' lang='lat' dir='ltr'><em>qrece</em></span> <span class='ocrx_word' id='word_1_40' title='bbox 265 352 290 387; x_wconf 92' lang='lat' dir='ltr'>C</span> <span class='ocrx_word' id='word_1_41' title='bbox 323 357 438 387; x_wconf 81' lang='lat' dir='ltr'><em>rectae</em></span> <span class='ocrx_word' id='word_1_42' title='bbox 471 351 607 386; x_wconf 84' lang='lat' dir='ltr'>Simon.</span> <span class='ocrx_word' id='word_1_43' title='bbox 643 352 721 397; x_wconf 83' lang='lat' dir='ltr'><em>Ego</em></span> <span class='ocrx_word' id='word_1_44' title='bbox 747 353 908 387; x_wconf 83' lang='lat' dir='ltr'><em>urbanae</em></span> <span class='ocrx_word' id='word_1_45' title='bbox 933 351 993 385; x_wconf 78' lang='lat' dir='ltr'><em>vel</em></span> <span class='ocrx_word' id='word_1_46' title='bbox 1017 352 1089 386; x_wconf 64' lang='lat' dir='ltr'><em>lt&#39;ee</em></span> <span class='ocrx_word' id='word_1_47' title='bbox 1116 350 1153 396; x_wconf 85' lang='lat' dir='ltr'><em>(i.</em></span> <span class='ocrx_word' id='word_1_48' title='bbox 1175 362 1204 385; x_wconf 91' lang='lat' dir='ltr'><em>e.</em></span> <span class='ocrx_word' id='word_1_49' title='bbox 1230 352 1389 395; x_wconf 80' lang='lat' dir='ltr'><em>huiusce)</em></span> <span class='ocrx_word' id='word_1_50' title='bbox 1417 351 1480 385; x_wconf 90' lang='lat' dir='ltr'><em>de-</em></span> 
     </span>
     <span class='ocr_line' id='line_1_6' title="bbox 142 398 1478 444; baseline 0 -12"><span class='ocrx_word' id='word_1_51' title='bbox 142 399 282 433; x_wconf 83' lang='lat' dir='ltr'><em>sidero:</em></span> <span class='ocrx_word' id='word_1_52' title='bbox 308 409 395 432; x_wconf 79' lang='lat' dir='ltr'><em>nam</em></span> <span class='ocrx_word' id='word_1_53' title='bbox 414 399 533 433; x_wconf 82' lang='lat' dir='ltr'><em>Roma</em></span> <span class='ocrx_word' id='word_1_54' title='bbox 552 398 636 444; x_wconf 78' lang='lat' dir='ltr'><em>ipsa,</em></span> <span class='ocrx_word' id='word_1_55' title='bbox 656 409 774 433; x_wconf 85' lang='lat' dir='ltr'><em>sermo</em></span> <span class='ocrx_word' id='word_1_56' title='bbox 800 398 994 432; x_wconf 71' lang='lat' dir='ltr'><em>institutus</em></span> <span class='ocrx_word' id='word_1_57' title='bbox 1021 399 1110 432; x_wconf 73' lang='lat' dir='ltr'><em>erat.</em></span> <span class='ocrx_word' id='word_1_58' title='bbox 1138 417 1181 423; x_wconf 95' lang='lat'>—</span> <span class='ocrx_word' id='word_1_59' title='bbox 1208 401 1262 432; x_wconf 94' lang='lat'><em>36.</em></span> <span class='ocrx_word' id='word_1_60' title='bbox 1290 398 1367 432; x_wconf 88' lang='lat' dir='ltr'><em>alia</em></span> <span class='ocrx_word' id='word_1_61' title='bbox 1391 409 1478 442; x_wconf 89' lang='lat' dir='ltr'><em>qua-</em></span> 
     </span>
     <span class='ocr_line' id='line_1_7' title="bbox 141 443 1478 480; baseline -0.001 0"><span class='ocrx_word' id='word_1_62' title='bbox 141 446 225 480; x_wconf 88' lang='lat' dir='ltr'><em>dam</em></span> <span class='ocrx_word' id='word_1_63' title='bbox 260 445 401 480; x_wconf 71' lang='lat' dir='ltr'><em>Manut.</em></span> <span class='ocrx_word' id='word_1_64' title='bbox 441 466 485 470; x_wconf 90' lang='lat'><em>-—</em></span> <span class='ocrx_word' id='word_1_65' title='bbox 523 450 579 480; x_wconf 82' lang='lat'><em>37.</em></span> <span class='ocrx_word' id='word_1_66' title='bbox 623 446 808 480; x_wconf 84' lang='lat' dir='ltr'><em>siluestria</em></span> <span class='ocrx_word' id='word_1_67' title='bbox 841 445 868 478; x_wconf 90' lang='lat' dir='ltr'><strong>F</strong></span> <span class='ocrx_word' id='word_1_68' title='bbox 895 444 985 479; x_wconf 89' lang='lat' dir='ltr'><strong>Ven.</strong></span> <span class='ocrx_word' id='word_1_69' title='bbox 1015 448 1032 478; x_wconf 94' lang='lat'><em>1</em></span> <span class='ocrx_word' id='word_1_70' title='bbox 1071 445 1231 479; x_wconf 77' lang='lat' dir='ltr'><em>siluestri</em></span> <span class='ocrx_word' id='word_1_71' title='bbox 1267 445 1334 478; x_wconf 88' lang='lat' dir='ltr'><em>uia</em></span> <span class='ocrx_word' id='word_1_72' title='bbox 1370 443 1396 478; x_wconf 93' lang='lat' dir='ltr'>C</span> <span class='ocrx_word' id='word_1_73' title='bbox 1434 464 1478 469; x_wconf 90' lang='lat'>—</span> 
     </span>
     <span class='ocr_line' id='line_1_8' title="bbox 141 489 1479 527; baseline -0.002 -1"><span class='ocrx_word' id='word_1_74' title='bbox 141 493 180 527; x_wconf 90' lang='lat' dir='ltr'><em>P.</em></span> <span class='ocrx_word' id='word_1_75' title='bbox 195 495 274 526; x_wconf 88' lang='lat'><strong>291.</strong></span> <span class='ocrx_word' id='word_1_76' title='bbox 290 496 321 527; x_wconf 92' lang='lat'><em>6.</em></span> <span class='ocrx_word' id='word_1_77' title='bbox 348 493 547 527; x_wconf 66' lang='lat' dir='ltr'><em>cliiitilium</em></span> <span class='ocrx_word' id='word_1_78' title='bbox 567 491 592 526; x_wconf 93' lang='lat' dir='ltr'>C</span> <span class='ocrx_word' id='word_1_79' title='bbox 614 503 702 526; x_wconf 81' lang='lat' dir='ltr'><strong>corr.</strong></span> <span class='ocrx_word' id='word_1_80' title='bbox 724 492 794 527; x_wconf 89' lang='lat' dir='ltr'><strong>Ell.</strong></span> <span class='ocrx_word' id='word_1_81' title='bbox 822 512 865 517; x_wconf 97' lang='lat'>—</span> <span class='ocrx_word' id='word_1_82' title='bbox 892 496 923 526; x_wconf 84' lang='lat'><em>9.</em></span> <span class='ocrx_word' id='word_1_83' title='bbox 950 493 1052 526; x_wconf 87' lang='lat' dir='ltr'><em>dicas</em></span> <span class='ocrx_word' id='word_1_84' title='bbox 1071 490 1097 525; x_wconf 91' lang='lat' dir='ltr'>C</span> <span class='ocrx_word' id='word_1_85' title='bbox 1122 492 1222 526; x_wconf 83' lang='lat' dir='ltr'><em>dicat</em></span> <span class='ocrx_word' id='word_1_86' title='bbox 1239 490 1330 525; x_wconf 86' lang='lat' dir='ltr'><strong>Ven.</strong></span> <span class='ocrx_word' id='word_1_87' title='bbox 1349 496 1364 524; x_wconf 91' lang='lat'><em>1</em></span> <span class='ocrx_word' id='word_1_88' title='bbox 1379 489 1414 523; x_wconf 87' lang='lat' dir='ltr'>N</span> <span class='ocrx_word' id='word_1_89' title='bbox 1435 511 1479 515; x_wconf 97' lang='lat'><strong>—</strong></span> 
     </span>
     <span class='ocr_line' id='line_1_9' title="bbox 142 537 1478 584; baseline -0.002 -11"><span class='ocrx_word' id='word_1_90' title='bbox 142 543 195 573; x_wconf 87' lang='lat'><em>14.</em></span> <span class='ocrx_word' id='word_1_91' title='bbox 216 540 425 573; x_wconf 76' lang='lat' dir='ltr'><em>emendabat</em></span> <span class='ocrx_word' id='word_1_92' title='bbox 444 538 472 573; x_wconf 94' lang='lat' dir='ltr'>O</span> <span class='ocrx_word' id='word_1_93' title='bbox 493 538 549 572; x_wconf 85' lang='lat' dir='ltr'><em>ed.</em></span> <span class='ocrx_word' id='word_1_94' title='bbox 570 538 674 573; x_wconf 82' lang='lat' dir='ltr'><strong>Rom.</strong></span> <span class='ocrx_word' id='word_1_95' title='bbox 703 560 744 564; x_wconf 89' lang='lat'>—</span> <span class='ocrx_word' id='word_1_96' title='bbox 765 543 820 573; x_wconf 88' lang='lat'><em>22.</em></span> <span class='ocrx_word' id='word_1_97' title='bbox 841 539 1036 584; x_wconf 73' lang='lat' dir='ltr'><em>maqniftca</em></span> <span class='ocrx_word' id='word_1_98' title='bbox 1055 542 1087 572; x_wconf 90' lang='lat' dir='ltr'><em>et</em></span> <span class='ocrx_word' id='word_1_99' title='bbox 1103 548 1273 583; x_wconf 73' lang='lat' dir='ltr'><em>qenerosa</em></span> <span class='ocrx_word' id='word_1_100' title='bbox 1294 537 1319 571; x_wconf 91' lang='lat' dir='ltr'>C</span> <span class='ocrx_word' id='word_1_101' title='bbox 1346 547 1438 571; x_wconf 84' lang='lat' dir='ltr'><strong>corr.</strong></span> <span class='ocrx_word' id='word_1_102' title='bbox 1459 547 1478 571; x_wconf 94' lang='lat' dir='ltr'><em>e</em></span> 
     </span>
     <span class='ocr_line' id='line_1_10' title="bbox 143 583 1481 629; baseline 0 -11"><span class='ocrx_word' id='word_1_103' title='bbox 143 585 291 620; x_wconf 76' lang='lat' dir='ltr'><em>Sueton.</em></span> <span class='ocrx_word' id='word_1_104' title='bbox 313 585 416 620; x_wconf 85' lang='lat' dir='ltr'><em>Caes.</em></span> <span class='ocrx_word' id='word_1_105' title='bbox 442 596 470 619; x_wconf 89' lang='lat' dir='ltr'><em>c.</em></span> <span class='ocrx_word' id='word_1_106' title='bbox 494 589 538 620; x_wconf 89' lang='lat'><em>55</em></span> <span class='ocrx_word' id='word_1_107' title='bbox 559 585 740 620; x_wconf 80' lang='lat' dir='ltr'><em>Corradus</em></span> <span class='ocrx_word' id='word_1_108' title='bbox 767 606 810 610; x_wconf 97' lang='lat'><strong>—</strong></span> <span class='ocrx_word' id='word_1_109' title='bbox 837 589 891 619; x_wconf 91' lang='lat'><em>25.</em></span> <span class='ocrx_word' id='word_1_110' title='bbox 919 585 1090 629; x_wconf 85' lang='lat' dir='ltr'><em>quosdam</em></span> <span class='ocrx_word' id='word_1_111' title='bbox 1111 584 1136 618; x_wconf 94' lang='lat' dir='ltr'>C</span> <span class='ocrx_word' id='word_1_112' title='bbox 1162 595 1248 628; x_wconf 82' lang='lat' dir='ltr'><em>quos</em></span> <span class='ocrx_word' id='word_1_113' title='bbox 1268 583 1369 618; x_wconf 82' lang='lat' dir='ltr'><em>Bake</em></span> <span class='ocrx_word' id='word_1_114' title='bbox 1395 594 1481 628; x_wconf 87' lang='lat' dir='ltr'><em>quos</em></span> 
     </span>
     <span class='ocr_line' id='line_1_11' title="bbox 142 629 1480 677; baseline -0.001 -11"><span class='ocrx_word' id='word_1_115' title='bbox 142 633 235 666; x_wconf 87' lang='lat' dir='ltr'><em>idem</em></span> <span class='ocrx_word' id='word_1_116' title='bbox 261 631 392 676; x_wconf 78' lang='lat' dir='ltr'>Stangl</span> <span class='ocrx_word' id='word_1_117' title='bbox 420 653 461 656; x_wconf 97' lang='lat'><strong>—</strong></span> <span class='ocrx_word' id='word_1_118' title='bbox 488 636 544 666; x_wconf 87' lang='lat'><em>30.</em></span> <span class='ocrx_word' id='word_1_119' title='bbox 570 633 694 667; x_wconf 63' lang='lat' dir='ltr'><em>volunt</em></span> <span class='ocrx_word' id='word_1_120' title='bbox 714 631 738 665; x_wconf 90' lang='lat' dir='ltr'>C</span> <span class='ocrx_word' id='word_1_121' title='bbox 764 631 871 677; x_wconf 90' lang='lat' dir='ltr'><strong>(Ven.</strong></span> <span class='ocrx_word' id='word_1_122' title='bbox 896 633 954 675; x_wconf 72' lang='lat'><strong>12³)</strong></span> <span class='ocrx_word' id='word_1_123' title='bbox 978 632 1096 667; x_wconf 75' lang='lat' dir='ltr'><em>volent</em></span> <span class='ocrx_word' id='word_1_124' title='bbox 1120 641 1139 664; x_wconf 88' lang='lat' dir='ltr'><em>e</em></span> <span class='ocrx_word' id='word_1_125' title='bbox 1166 631 1265 664; x_wconf 71' lang='lat' dir='ltr'><em>Suet.</em></span> <span class='ocrx_word' id='word_1_126' title='bbox 1288 629 1414 664; x_wconf 87' lang='lat' dir='ltr'><strong>Lamb.</strong></span> <span class='ocrx_word' id='word_1_127' title='bbox 1436 650 1480 655; x_wconf 95' lang='lat'><strong>—</strong></span> 
     </span>
     <span class='ocr_line' id='line_1_12' title="bbox 140 676 1478 724; baseline -0.001 -12"><span class='ocrx_word' id='word_1_128' title='bbox 140 678 178 713; x_wconf 88' lang='lat' dir='ltr'><em>P.</em></span> <span class='ocrx_word' id='word_1_129' title='bbox 205 681 284 713; x_wconf 90' lang='lat'><strong>292.</strong></span> <span class='ocrx_word' id='word_1_130' title='bbox 313 682 366 713; x_wconf 88' lang='lat'><em>10.</em></span> <span class='ocrx_word' id='word_1_131' title='bbox 398 679 611 724; x_wconf 73' lang='lat' dir='ltr'><em>diqnitatem</em></span> <span class='ocrx_word' id='word_1_132' title='bbox 636 678 715 712; x_wconf 93' lang='grc' dir='ltr'>ΒΝ</span> <span class='ocrx_word' id='word_1_133' title='bbox 755 699 795 703; x_wconf 93' lang='lat'><em>—-</em></span> <span class='ocrx_word' id='word_1_134' title='bbox 835 682 889 713; x_wconf 88' lang='lat'><em>24.</em></span> <span class='ocrx_word' id='word_1_135' title='bbox 923 677 1136 723; x_wconf 76' lang='lat' dir='ltr'><em>qravitasC</em></span> <span class='ocrx_word' id='word_1_136' title='bbox 1162 678 1323 722; x_wconf 79' lang='lat' dir='ltr'><em>diqnitas</em></span> <span class='ocrx_word' id='word_1_137' title='bbox 1348 676 1395 711; x_wconf 83' lang='lat' dir='ltr'><em>Ol</em></span> <span class='ocrx_word' id='word_1_138' title='bbox 1422 676 1478 711; x_wconf 87' lang='lat' dir='ltr'><em>ed.</em></span> 
     </span>
    </p>
   </div>
   <div class='ocr_carea' id='block_1_3' title="bbox 140 722 1550 770">
    <p class='ocr_par' dir='ltr' id='par_1_3' title="bbox 140 722 1550 770">
     <span class='ocr_line' id='line_1_13' title="bbox 140 722 1550 770; baseline 0 -12"><span class='ocrx_word' id='word_1_139' title='bbox 140 725 244 759; x_wconf 82' lang='lat' dir='ltr'><strong>Rom.</strong></span> <span class='ocrx_word' id='word_1_140' title='bbox 277 745 320 750; x_wconf 92' lang='lat'><em>—-</em></span> <span class='ocrx_word' id='word_1_141' title='bbox 353 729 407 760; x_wconf 87' lang='lat'><em>32.</em></span> <span class='ocrx_word' id='word_1_142' title='bbox 429 729 640 770; x_wconf 79' lang='lat' dir='ltr'><em>perpetuam</em></span> <span class='ocrx_word' id='word_1_143' title='bbox 665 730 765 760; x_wconf 84' lang='lat' dir='ltr'><em>tuam</em></span> <span class='ocrx_word' id='word_1_144' title='bbox 790 724 867 758; x_wconf 86' lang='lat' dir='ltr'><em>BN</em></span> <span class='ocrx_word' id='word_1_145' title='bbox 894 745 937 749; x_wconf 93' lang='lat'><em>-—</em></span> <span class='ocrx_word' id='word_1_146' title='bbox 972 725 1009 760; x_wconf 92' lang='lat' dir='ltr'><em>P.</em></span> <span class='ocrx_word' id='word_1_147' title='bbox 1037 727 1116 758; x_wconf 83' lang='lat'><strong>293.</strong></span> <span class='ocrx_word' id='word_1_148' title='bbox 1143 728 1175 758; x_wconf 88' lang='grc'><em>3.</em></span> <span class='ocrx_word' id='word_1_149' title='bbox 1202 725 1309 759; x_wconf 86' lang='lat' dir='ltr'><em>etiam</em></span> <span class='ocrx_word' id='word_1_150' title='bbox 1334 722 1359 757; x_wconf 94' lang='lat' dir='ltr'>C</span> <span class='ocrx_word' id='word_1_151' title='bbox 1382 725 1481 758; x_wconf 81' lang='lat' dir='ltr'><em>enim</em></span> <span class='ocrx_word' id='word_1_152' title='bbox 1547 761 1550 764; x_wconf 55' lang='grc'>,</span> 
     </span>
    </p>
   </div>
   <div class='ocr_carea' id='block_1_4' title="bbox 140 770 1482 2354">
    <p class='ocr_par' dir='ltr' id='par_1_4' title="bbox 140 770 1482 2354">
     <span class='ocr_line' id='line_1_14' title="bbox 142 770 1478 815; baseline 0 -10"><span class='ocrx_word' id='word_1_153' title='bbox 142 771 251 815; x_wconf 73' lang='lat' dir='ltr'><strong>Kays.</strong></span> <span class='ocrx_word' id='word_1_154' title='bbox 279 793 322 797; x_wconf 86' lang='lat'><strong>—</strong></span> <span class='ocrx_word' id='word_1_155' title='bbox 348 776 403 806; x_wconf 93' lang='lat'><em>20.</em></span> <span class='ocrx_word' id='word_1_156' title='bbox 429 776 470 806; x_wconf 90' lang='lat' dir='ltr'><em>ut</em></span> <span class='ocrx_word' id='word_1_157' title='bbox 497 771 521 806; x_wconf 92' lang='lat' dir='ltr'>C</span> <span class='ocrx_word' id='word_1_158' title='bbox 548 776 586 806; x_wconf 85' lang='lat' dir='ltr'><em>at</em></span> <span class='ocrx_word' id='word_1_159' title='bbox 612 771 804 814; x_wconf 84' lang='lat' dir='ltr'>Weidner,</span> <span class='ocrx_word' id='word_1_160' title='bbox 841 771 964 805; x_wconf 89' lang='lat' dir='ltr'><em>delere</em></span> <span class='ocrx_word' id='word_1_161' title='bbox 992 771 1062 806; x_wconf 83' lang='lat' dir='ltr'><strong>vol.</strong></span> <span class='ocrx_word' id='word_1_162' title='bbox 1089 770 1245 804; x_wconf 78' lang='lat' dir='ltr'>Schuetz</span> <span class='ocrx_word' id='word_1_163' title='bbox 1273 790 1315 795; x_wconf 90' lang='lat'><em>-</em></span> <span class='ocrx_word' id='word_1_164' title='bbox 1341 774 1427 805; x_wconf 84' lang='lat' dir='ltr'><em>esset</em></span> <span class='ocrx_word' id='word_1_165' title='bbox 1453 770 1478 805; x_wconf 92' lang='lat' dir='ltr'>C</span> 
     </span>
     <span class='ocr_line' id='line_1_15' title="bbox 141 816 1481 860; baseline 0 -8"><span class='ocrx_word' id='word_1_166' title='bbox 141 822 173 852; x_wconf 89' lang='lat' dir='ltr'><em>et</em></span> <span class='ocrx_word' id='word_1_167' title='bbox 209 817 394 860; x_wconf 82' lang='lat' dir='ltr'>Weidner,</span> <span class='ocrx_word' id='word_1_168' title='bbox 435 817 504 851; x_wconf 84' lang='lat' dir='ltr'><em>del.</em></span> <span class='ocrx_word' id='word_1_169' title='bbox 543 818 616 853; x_wconf 79' lang='lat' dir='ltr'><strong>vol.</strong></span> <span class='ocrx_word' id='word_1_170' title='bbox 655 818 812 852; x_wconf 77' lang='lat' dir='ltr'>Schuetz</span> <span class='ocrx_word' id='word_1_171' title='bbox 850 838 893 843; x_wconf 87' lang='lat'><em>-—</em></span> <span class='ocrx_word' id='word_1_172' title='bbox 932 822 987 852; x_wconf 89' lang='lat'><em>21.</em></span> <span class='ocrx_word' id='word_1_173' title='bbox 1024 818 1184 852; x_wconf 80' lang='lat' dir='ltr'><em>horroris</em></span> <span class='ocrx_word' id='word_1_174' title='bbox 1214 816 1292 850; x_wconf 82' lang='lat' dir='ltr'><em>BN</em></span> <span class='ocrx_word' id='word_1_175' title='bbox 1328 817 1481 859; x_wconf 77' lang='lat' dir='ltr'><em>fervoris</em></span> 
     </span>
     <span class='ocr_line' id='line_1_16' title="bbox 142 863 1482 908; baseline 0.001 -11"><span class='ocrx_word' id='word_1_176' title='bbox 142 865 305 908; x_wconf 86' lang='lat' dir='ltr'><em>Purgold</em></span> <span class='ocrx_word' id='word_1_177' title='bbox 327 886 368 889; x_wconf 85' lang='lat'>—</span> <span class='ocrx_word' id='word_1_178' title='bbox 390 865 427 899; x_wconf 89' lang='lat' dir='ltr'><strong>P.</strong></span> <span class='ocrx_word' id='word_1_179' title='bbox 444 867 522 899; x_wconf 80' lang='lat'><strong>294.</strong></span> <span class='ocrx_word' id='word_1_180' title='bbox 537 869 568 899; x_wconf 91' lang='lat'><em>2.</em></span> <span class='ocrx_word' id='word_1_181' title='bbox 588 869 686 908; x_wconf 87' lang='lat' dir='ltr'><em>sunt,</em></span> <span class='ocrx_word' id='word_1_182' title='bbox 705 866 866 899; x_wconf 84' lang='lat' dir='ltr'><em>omittam</em></span> <span class='ocrx_word' id='word_1_183' title='bbox 884 863 994 908; x_wconf 72' lang='lat' dir='ltr'><em>Kays.</em></span> <span class='ocrx_word' id='word_1_184' title='bbox 1009 863 1218 908; x_wconf 56' lang='lat' dir='ltr'><em>(Schuetz‘ss)</em></span> <span class='ocrx_word' id='word_1_185' title='bbox 1240 883 1282 888; x_wconf 93' lang='lat'>—</span> <span class='ocrx_word' id='word_1_186' title='bbox 1303 867 1358 898; x_wconf 88' lang='lat'><strong>32.</strong></span> <span class='ocrx_word' id='word_1_187' title='bbox 1374 874 1482 908; x_wconf 85' lang='lat' dir='ltr'><em>quam</em></span> 
     </span>
     <span class='ocr_line' id='line_1_17' title="bbox 142 910 1481 955; baseline -0.001 -10"><span class='ocrx_word' id='word_1_188' title='bbox 142 910 166 944; x_wconf 90' lang='lat' dir='ltr'>C</span> <span class='ocrx_word' id='word_1_189' title='bbox 192 913 342 945; x_wconf 83' lang='lat' dir='ltr'><em>nimiam</em></span> <span class='ocrx_word' id='word_1_190' title='bbox 367 910 500 946; x_wconf 84' lang='lat' dir='ltr'><strong>Eberh.</strong></span> <span class='ocrx_word' id='word_1_191' title='bbox 528 913 716 955; x_wconf 79' lang='lat' dir='ltr'><em>antiquam</em></span> <span class='ocrx_word' id='word_1_192' title='bbox 742 911 892 955; x_wconf 61' lang='lat' dir='ltr'><em>Stangh</em></span> <span class='ocrx_word' id='word_1_193' title='bbox 932 910 1157 955; x_wconf 71' lang='lat' dir='ltr'><em>Quamquam</em></span> <span class='ocrx_word' id='word_1_194' title='bbox 1182 921 1260 945; x_wconf 88' lang='lat' dir='ltr'><em>eum</em></span> <span class='ocrx_word' id='word_1_195' title='bbox 1288 910 1381 945; x_wconf 77' lang='lat' dir='ltr'><em>aetio</em></span> <span class='ocrx_word' id='word_1_196' title='bbox 1406 921 1481 945; x_wconf 83' lang='lat' dir='ltr'><em>non</em></span> 
     </span>
     <span class='ocr_line' id='line_1_18' title="bbox 141 957 1482 1002; baseline 0 -11"><span class='ocrx_word' id='word_1_197' title='bbox 141 958 304 1000; x_wconf 82' lang='lat' dir='ltr'><em>multum,</em></span> <span class='ocrx_word' id='word_1_198' title='bbox 331 958 481 992; x_wconf 61' lang='lat' dir='ltr'><em>multecm</em></span> <span class='ocrx_word' id='word_1_199' title='bbox 505 962 623 992; x_wconf 90' lang='lat' dir='ltr'><em>tamen</em></span> <span class='ocrx_word' id='word_1_200' title='bbox 649 957 727 992; x_wconf 86' lang='lat' dir='ltr'><strong>Pid.</strong></span> <span class='ocrx_word' id='word_1_201' title='bbox 758 958 983 1002; x_wconf 77' lang='lat' dir='ltr'><em>Quamquam</em></span> <span class='ocrx_word' id='word_1_202' title='bbox 1003 958 1079 991; x_wconf 80' lang='lat' dir='ltr'><em>eius</em></span> <span class='ocrx_word' id='word_1_203' title='bbox 1104 958 1198 991; x_wconf 84' lang='lat' dir='ltr'><em>actio</em></span> <span class='ocrx_word' id='word_1_204' title='bbox 1223 960 1300 991; x_wconf 88' lang='lat' dir='ltr'><em>erat</em></span> <span class='ocrx_word' id='word_1_205' title='bbox 1324 957 1482 999; x_wconf 84' lang='lat' dir='ltr'><em>molesta,</em></span> 
     </span>
     <span class='ocr_line' id='line_1_19' title="bbox 142 1003 1479 1048; baseline -0.001 -10"><span class='ocrx_word' id='word_1_206' title='bbox 142 1005 293 1038; x_wconf 86' lang='lat' dir='ltr'><em>multum</em></span> <span class='ocrx_word' id='word_1_207' title='bbox 329 1009 448 1038; x_wconf 86' lang='lat' dir='ltr'><em>tamen</em></span> <span class='ocrx_word' id='word_1_208' title='bbox 485 1003 622 1039; x_wconf 83' lang='lat' dir='ltr'><strong>malim.</strong></span> <span class='ocrx_word' id='word_1_209' title='bbox 652 1008 729 1048; x_wconf 85' lang='lat'><strong>252,</strong></span> <span class='ocrx_word' id='word_1_210' title='bbox 756 1008 816 1045; x_wconf 81' lang='grc'>21;</span> <span class='ocrx_word' id='word_1_211' title='bbox 858 1003 1008 1046; x_wconf 76' lang='lat' dir='ltr'><em>Quintil.</em></span> <span class='ocrx_word' id='word_1_212' title='bbox 1041 1003 1092 1037; x_wconf 81' lang='lat' dir='ltr'><em>XI</em></span> <span class='ocrx_word' id='word_1_213' title='bbox 1120 1008 1149 1045; x_wconf 82' lang='lat'><em>1,</em></span> <span class='ocrx_word' id='word_1_214' title='bbox 1177 1006 1238 1045; x_wconf 87' lang='lat'><em>51;</em></span> <span class='ocrx_word' id='word_1_215' title='bbox 1265 1006 1297 1044; x_wconf 90' lang='grc'><em>3,</em></span> <span class='ocrx_word' id='word_1_216' title='bbox 1326 1006 1403 1037; x_wconf 90' lang='lat'><strong>183.</strong></span> <span class='ocrx_word' id='word_1_217' title='bbox 1435 1024 1479 1028; x_wconf 91' lang='lat'>—</span> 
     </span>
     <span class='ocr_line' id='line_1_20' title="bbox 142 1048 1480 1094; baseline 0.001 -10"><span class='ocrx_word' id='word_1_218' title='bbox 142 1052 181 1084; x_wconf 84' lang='lat' dir='ltr'><em>P.</em></span> <span class='ocrx_word' id='word_1_219' title='bbox 209 1055 287 1085; x_wconf 87' lang='lat'><strong>295.</strong></span> <span class='ocrx_word' id='word_1_220' title='bbox 317 1056 369 1085; x_wconf 91' lang='lat'><em>15.</em></span> <span class='ocrx_word' id='word_1_221' title='bbox 395 1051 538 1085; x_wconf 80' lang='lat' dir='ltr'><em>nullum</em></span> <span class='ocrx_word' id='word_1_222' title='bbox 564 1050 589 1085; x_wconf 88' lang='lat' dir='ltr'>C</span> <span class='ocrx_word' id='word_1_223' title='bbox 615 1052 731 1085; x_wconf 84' lang='lat' dir='ltr'><em>ullum</em></span> <span class='ocrx_word' id='word_1_224' title='bbox 756 1050 787 1083; x_wconf 92' lang='lat' dir='ltr'>D</span> <span class='ocrx_word' id='word_1_225' title='bbox 810 1051 898 1085; x_wconf 92' lang='lat' dir='ltr'><strong>Ven.</strong></span> <span class='ocrx_word' id='word_1_226' title='bbox 921 1055 938 1084; x_wconf 87' lang='lat'><em>1</em></span> <span class='ocrx_word' id='word_1_227' title='bbox 966 1071 1009 1074; x_wconf 88' lang='lat'><em>——</em></span> <span class='ocrx_word' id='word_1_228' title='bbox 1038 1055 1091 1085; x_wconf 91' lang='lat'><em>16.</em></span> <span class='ocrx_word' id='word_1_229' title='bbox 1118 1051 1158 1084; x_wconf 88' lang='lat' dir='ltr'><em>in</em></span> <span class='ocrx_word' id='word_1_230' title='bbox 1184 1050 1327 1094; x_wconf 37' lang='lat' dir='ltr'><em>lon-qius</em></span> <span class='ocrx_word' id='word_1_231' title='bbox 1351 1048 1377 1083; x_wconf 89' lang='lat' dir='ltr'>C</span> <span class='ocrx_word' id='word_1_232' title='bbox 1404 1050 1480 1085; x_wconf 83' lang='lat' dir='ltr'><em>lon-</em></span> 
     </span>
     <span class='ocr_line' id='line_1_21' title="bbox 140 1095 1480 1143; baseline -0.001 -12"><span class='ocrx_word' id='word_1_233' title='bbox 140 1099 222 1143; x_wconf 75' lang='lat' dir='ltr'><em>qius</em></span> <span class='ocrx_word' id='word_1_234' title='bbox 247 1097 278 1130; x_wconf 93' lang='lat' dir='ltr'>D</span> <span class='ocrx_word' id='word_1_235' title='bbox 318 1118 360 1122; x_wconf 91' lang='lat'><em>-—</em></span> <span class='ocrx_word' id='word_1_236' title='bbox 399 1101 453 1132; x_wconf 87' lang='grc'><em>26.</em></span> <span class='ocrx_word' id='word_1_237' title='bbox 490 1102 522 1132; x_wconf 89' lang='lat' dir='ltr'><em>et</em></span> <span class='ocrx_word' id='word_1_238' title='bbox 548 1097 572 1131; x_wconf 90' lang='lat' dir='ltr'>C</span> <span class='ocrx_word' id='word_1_239' title='bbox 607 1098 646 1132; x_wconf 85' lang='lat' dir='ltr'><em>id</em></span> <span class='ocrx_word' id='word_1_240' title='bbox 671 1097 853 1131; x_wconf 83' lang='lat' dir='ltr'>Corradus</span> <span class='ocrx_word' id='word_1_241' title='bbox 892 1118 936 1121; x_wconf 97' lang='lat'><strong>—</strong></span> <span class='ocrx_word' id='word_1_242' title='bbox 975 1101 1030 1131; x_wconf 88' lang='lat'><strong>33.</strong></span> <span class='ocrx_word' id='word_1_243' title='bbox 1068 1097 1270 1131; x_wconf 85' lang='lat' dir='ltr'><em>deuinceret</em></span> <span class='ocrx_word' id='word_1_244' title='bbox 1294 1095 1408 1130; x_wconf 89' lang='lat' dir='ltr'><strong>FBO</strong></span> <span class='ocrx_word' id='word_1_245' title='bbox 1436 1116 1480 1121; x_wconf 88' lang='lat'><em>——</em></span> 
     </span>
     <span class='ocr_line' id='line_1_22' title="bbox 143 1141 1481 1188; baseline -0.001 -11"><span class='ocrx_word' id='word_1_246' title='bbox 143 1145 181 1178; x_wconf 87' lang='grc' dir='ltr'>Ρ.</span> <span class='ocrx_word' id='word_1_247' title='bbox 197 1147 276 1179; x_wconf 87' lang='grc'>296.</span> <span class='ocrx_word' id='word_1_248' title='bbox 295 1148 323 1178; x_wconf 91' lang='grc'>1.</span> <span class='ocrx_word' id='word_1_249' title='bbox 351 1148 456 1188; x_wconf 82' lang='lat' dir='ltr'><em>atque</em></span> <span class='ocrx_word' id='word_1_250' title='bbox 475 1145 502 1178; x_wconf 88' lang='lat' dir='ltr'><strong>F</strong></span> <span class='ocrx_word' id='word_1_251' title='bbox 517 1143 547 1176; x_wconf 94' lang='lat' dir='ltr'>D</span> <span class='ocrx_word' id='word_1_252' title='bbox 562 1143 653 1178; x_wconf 88' lang='lat' dir='ltr'><strong>Ven.</strong></span> <span class='ocrx_word' id='word_1_253' title='bbox 672 1148 687 1177; x_wconf 92' lang='lat'><em>1</em></span> <span class='ocrx_word' id='word_1_254' title='bbox 710 1148 742 1178; x_wconf 91' lang='lat' dir='ltr'><em>et</em></span> <span class='ocrx_word' id='word_1_255' title='bbox 760 1144 789 1177; x_wconf 90' lang='lat' dir='ltr'><strong>B</strong></span> <span class='ocrx_word' id='word_1_256' title='bbox 805 1143 833 1178; x_wconf 91' lang='lat' dir='ltr'>O</span> <span class='ocrx_word' id='word_1_257' title='bbox 848 1143 882 1177; x_wconf 86' lang='lat' dir='ltr'>N</span> <span class='ocrx_word' id='word_1_258' title='bbox 909 1164 952 1168; x_wconf 94' lang='lat'><em>—-</em></span> <span class='ocrx_word' id='word_1_259' title='bbox 978 1148 1010 1178; x_wconf 87' lang='lat'><em>3.</em></span> <span class='ocrx_word' id='word_1_260' title='bbox 1025 1147 1144 1187; x_wconf 88' lang='lat' dir='ltr'><em>posset</em></span> <span class='ocrx_word' id='word_1_261' title='bbox 1163 1141 1188 1176; x_wconf 86' lang='lat' dir='ltr'>C</span> <span class='ocrx_word' id='word_1_262' title='bbox 1213 1147 1329 1177; x_wconf 82' lang='lat' dir='ltr'><em>nosset</em></span> <span class='ocrx_word' id='word_1_263' title='bbox 1348 1142 1481 1186; x_wconf 82' lang='lat' dir='ltr'>scripsi</span> 
     </span>
     <span class='ocr_line' id='line_1_23' title="bbox 142 1189 1481 1234; baseline 0 -10"><span class='ocrx_word' id='word_1_264' title='bbox 142 1192 235 1234; x_wconf 91' lang='lat'><strong>(351,</strong></span> <span class='ocrx_word' id='word_1_265' title='bbox 256 1192 290 1234; x_wconf 86' lang='lat'><em>8)</em></span> <span class='ocrx_word' id='word_1_266' title='bbox 319 1211 359 1215; x_wconf 95' lang='lat'>—</span> <span class='ocrx_word' id='word_1_267' title='bbox 387 1196 418 1224; x_wconf 86' lang='lat'><em>5.</em></span> <span class='ocrx_word' id='word_1_268' title='bbox 440 1191 588 1225; x_wconf 82' lang='lat' dir='ltr'><em>crimine</em></span> <span class='ocrx_word' id='word_1_269' title='bbox 608 1190 634 1223; x_wconf 87' lang='lat' dir='ltr'><strong>F</strong></span> <span class='ocrx_word' id='word_1_270' title='bbox 648 1190 677 1224; x_wconf 94' lang='lat' dir='ltr'><strong>B</strong></span> <span class='ocrx_word' id='word_1_271' title='bbox 693 1189 721 1224; x_wconf 94' lang='lat' dir='ltr'>O</span> <span class='ocrx_word' id='word_1_272' title='bbox 750 1211 791 1215; x_wconf 98' lang='lat'>—</span> <span class='ocrx_word' id='word_1_273' title='bbox 814 1194 845 1224; x_wconf 90' lang='grc'><em>8.</em></span> <span class='ocrx_word' id='word_1_274' title='bbox 866 1191 1010 1233; x_wconf 63' lang='lat' dir='ltr'><em>differ-re</em></span> <span class='ocrx_word' id='word_1_275' title='bbox 1030 1190 1057 1223; x_wconf 89' lang='lat' dir='ltr'><strong>F</strong></span> <span class='ocrx_word' id='word_1_276' title='bbox 1074 1190 1100 1223; x_wconf 94' lang='lat' dir='ltr'><strong>B</strong></span> <span class='ocrx_word' id='word_1_277' title='bbox 1116 1189 1144 1223; x_wconf 91' lang='lat' dir='ltr'>O</span> <span class='ocrx_word' id='word_1_278' title='bbox 1170 1209 1215 1214; x_wconf 85' lang='lat'><em>——</em></span> <span class='ocrx_word' id='word_1_279' title='bbox 1243 1193 1296 1224; x_wconf 90' lang='lat'><em>12.</em></span> <span class='ocrx_word' id='word_1_280' title='bbox 1323 1190 1481 1224; x_wconf 83' lang='lat' dir='ltr'><em>insidias</em></span> 
     </span>
     <span class='ocr_line' id='line_1_24' title="bbox 140 1236 1479 1280; baseline -0.001 -9"><span class='ocrx_word' id='word_1_281' title='bbox 140 1238 265 1272; x_wconf 62' lang='lat' dir='ltr'><em>‘iiiortis</em></span> <span class='ocrx_word' id='word_1_282' title='bbox 290 1237 400 1280; x_wconf 78' lang='lat' dir='ltr'><strong>Kays.</strong></span> <span class='ocrx_word' id='word_1_283' title='bbox 439 1258 481 1261; x_wconf 97' lang='lat'><strong>—</strong></span> <span class='ocrx_word' id='word_1_284' title='bbox 515 1241 568 1272; x_wconf 87' lang='grc'>17.</span> <span class='ocrx_word' id='word_1_285' title='bbox 601 1238 689 1271; x_wconf 83' lang='lat' dir='ltr'><em>soles</em></span> <span class='ocrx_word' id='word_1_286' title='bbox 714 1237 783 1270; x_wconf 87' lang='lat' dir='ltr'><em>FB</em></span> <span class='ocrx_word' id='word_1_287' title='bbox 800 1236 827 1271; x_wconf 93' lang='grc' dir='ltr'><strong>Ο</strong></span> <span class='ocrx_word' id='word_1_288' title='bbox 843 1237 876 1270; x_wconf 86' lang='grc' dir='ltr'>Ν</span> <span class='ocrx_word' id='word_1_289' title='bbox 913 1258 959 1261; x_wconf 90' lang='grc'>-</span> <span class='ocrx_word' id='word_1_290' title='bbox 997 1240 1051 1271; x_wconf 90' lang='lat'><em>32.</em></span> <span class='ocrx_word' id='word_1_291' title='bbox 1083 1237 1358 1280; x_wconf 72' lang='lat' dir='ltr'><em>respondeamus</em></span> <span class='ocrx_word' id='word_1_292' title='bbox 1384 1237 1409 1270; x_wconf 87' lang='lat' dir='ltr'><strong>F</strong></span> <span class='ocrx_word' id='word_1_293' title='bbox 1436 1256 1479 1261; x_wconf 91' lang='lat'><em>—-</em></span> 
     </span>
     <span class='ocr_line' id='line_1_25' title="bbox 141 1282 1481 1327; baseline -0.001 -9"><span class='ocrx_word' id='word_1_294' title='bbox 141 1283 180 1317; x_wconf 95' lang='lat' dir='ltr'><em>P.</em></span> <span class='ocrx_word' id='word_1_295' title='bbox 208 1287 286 1318; x_wconf 85' lang='lat'><strong>297.</strong></span> <span class='ocrx_word' id='word_1_296' title='bbox 314 1289 345 1318; x_wconf 86' lang='lat'><em>3.</em></span> <span class='ocrx_word' id='word_1_297' title='bbox 378 1285 469 1318; x_wconf 85' lang='lat' dir='ltr'><em>alter</em></span> <span class='ocrx_word' id='word_1_298' title='bbox 499 1285 593 1327; x_wconf 85' lang='lat' dir='ltr'><em>quod</em></span> <span class='ocrx_word' id='word_1_299' title='bbox 617 1285 807 1318; x_wconf 78' lang='lat' dir='ltr'><em>verisimile</em></span> <span class='ocrx_word' id='word_1_300' title='bbox 832 1285 982 1318; x_wconf 75' lang='lat' dir='ltr'><em>dixisset</em></span> <span class='ocrx_word' id='word_1_301' title='bbox 1007 1282 1033 1317; x_wconf 92' lang='lat' dir='ltr'>C</span> <span class='ocrx_word' id='word_1_302' title='bbox 1059 1283 1149 1317; x_wconf 88' lang='lat' dir='ltr'><em>alter</em></span> <span class='ocrx_word' id='word_1_303' title='bbox 1175 1282 1302 1316; x_wconf 81' lang='lat' dir='ltr'><strong>Lamb.</strong></span> <span class='ocrx_word' id='word_1_304' title='bbox 1328 1303 1372 1306; x_wconf 97' lang='lat'><strong>—</strong></span> <span class='ocrx_word' id='word_1_305' title='bbox 1400 1287 1430 1316; x_wconf 89' lang='lat'><em>6.</em></span> <span class='ocrx_word' id='word_1_306' title='bbox 1457 1294 1481 1317; x_wconf 88' lang='lat' dir='ltr'><em>a</em></span> 
     </span>
     <span class='ocr_line' id='line_1_26' title="bbox 140 1329 1479 1375; baseline -0.001 -10"><span class='ocrx_word' id='word_1_307' title='bbox 140 1332 323 1375; x_wconf 61' lang='lat' dir='ltr'><em>magistris</em></span> <span class='ocrx_word' id='word_1_308' title='bbox 343 1342 479 1374; x_wconf 84' lang='lat' dir='ltr'><em>parum</em></span> <span class='ocrx_word' id='word_1_309' title='bbox 503 1330 581 1363; x_wconf 89' lang='grc' dir='ltr'>ΒΝ</span> <span class='ocrx_word' id='word_1_310' title='bbox 612 1351 655 1354; x_wconf 87' lang='grc'><strong>-</strong></span> <span class='ocrx_word' id='word_1_311' title='bbox 692 1334 745 1364; x_wconf 91' lang='grc'>10.</span> <span class='ocrx_word' id='word_1_312' title='bbox 781 1331 938 1374; x_wconf 74' lang='lat' dir='ltr'><em>Quinam</em></span> <span class='ocrx_word' id='word_1_313' title='bbox 965 1331 990 1364; x_wconf 89' lang='lat' dir='ltr'><strong>F</strong></span> <span class='ocrx_word' id='word_1_314' title='bbox 1025 1350 1067 1354; x_wconf 77' lang='lat'>-</span> <span class='ocrx_word' id='word_1_315' title='bbox 1099 1332 1155 1363; x_wconf 86' lang='lat'><em>20.</em></span> <span class='ocrx_word' id='word_1_316' title='bbox 1184 1333 1226 1363; x_wconf 88' lang='lat' dir='ltr'><em>ut</em></span> <span class='ocrx_word' id='word_1_317' title='bbox 1248 1329 1380 1373; x_wconf 77' lang='lat' dir='ltr'><em>reliqui</em></span> <span class='ocrx_word' id='word_1_318' title='bbox 1404 1341 1479 1364; x_wconf 87' lang='lat' dir='ltr'><em>ma-</em></span> 
     </span>
     <span class='ocr_line' id='line_1_27' title="bbox 141 1374 1482 1420; baseline -0.001 -9"><span class='ocrx_word' id='word_1_319' title='bbox 141 1378 245 1420; x_wconf 77' lang='lat' dir='ltr'><em>iores,</em></span> <span class='ocrx_word' id='word_1_320' title='bbox 270 1378 363 1412; x_wconf 83' lang='lat' dir='ltr'><em>clari</em></span> <span class='ocrx_word' id='word_1_321' title='bbox 386 1379 458 1412; x_wconf 70' lang='lat' dir='ltr'><em>viri</em></span> <span class='ocrx_word' id='word_1_322' title='bbox 482 1376 596 1419; x_wconf 75' lang='lat' dir='ltr'><em>Jahn,</em></span> <span class='ocrx_word' id='word_1_323' title='bbox 624 1377 694 1411; x_wconf 83' lang='lat' dir='ltr'><em>del.</em></span> <span class='ocrx_word' id='word_1_324' title='bbox 721 1376 899 1411; x_wconf 46' lang='lat' dir='ltr'><em>&amp;Veidner</em></span> <span class='ocrx_word' id='word_1_325' title='bbox 928 1397 970 1401; x_wconf 97' lang='lat'><strong>—</strong></span> <span class='ocrx_word' id='word_1_326' title='bbox 997 1379 1053 1411; x_wconf 90' lang='lat'><em>21.</em></span> <span class='ocrx_word' id='word_1_327' title='bbox 1079 1377 1186 1410; x_wconf 85' lang='lat' dir='ltr'><em>initio</em></span> <span class='ocrx_word' id='word_1_328' title='bbox 1211 1374 1325 1409; x_wconf 90' lang='lat' dir='ltr'><strong>FBO</strong></span> <span class='ocrx_word' id='word_1_329' title='bbox 1341 1374 1375 1408; x_wconf 90' lang='grc' dir='ltr'>Ν</span> <span class='ocrx_word' id='word_1_330' title='bbox 1401 1387 1482 1410; x_wconf 84' lang='lat' dir='ltr'><em>cum</em></span> 
     </span>
     <span class='ocr_line' id='line_1_28' title="bbox 141 1421 1479 1468; baseline -0.001 -11"><span class='ocrx_word' id='word_1_331' title='bbox 141 1425 248 1458; x_wconf 83' lang='lat' dir='ltr'><em>initio</em></span> <span class='ocrx_word' id='word_1_332' title='bbox 269 1422 294 1457; x_wconf 91' lang='lat' dir='ltr'>C</span> <span class='ocrx_word' id='word_1_333' title='bbox 319 1444 366 1448; x_wconf 92' lang='lat'>—</span> <span class='ocrx_word' id='word_1_334' title='bbox 392 1426 446 1458; x_wconf 89' lang='lat'><em>26.</em></span> <span class='ocrx_word' id='word_1_335' title='bbox 468 1424 625 1468; x_wconf 79' lang='lat' dir='ltr'><em>perfecte</em></span> <span class='ocrx_word' id='word_1_336' title='bbox 646 1425 823 1458; x_wconf 79' lang='lat' dir='ltr'><em>litteratus</em></span> <span class='ocrx_word' id='word_1_337' title='bbox 844 1422 976 1467; x_wconf 77' lang='lat' dir='ltr'><em>Stangl</em></span> <span class='ocrx_word' id='word_1_338' title='bbox 1002 1443 1045 1447; x_wconf 86' lang='lat'><em>-—</em></span> <span class='ocrx_word' id='word_1_339' title='bbox 1071 1425 1127 1456; x_wconf 88' lang='lat'><em>32.</em></span> <span class='ocrx_word' id='word_1_340' title='bbox 1147 1433 1290 1457; x_wconf 79' lang='lat' dir='ltr'><em>munere</em></span> <span class='ocrx_word' id='word_1_341' title='bbox 1309 1421 1479 1456; x_wconf 83' lang='lat' dir='ltr'><strong>F¹BON</strong></span> 
     </span>
     <span class='ocr_line' id='line_1_29' title="bbox 143 1468 1481 1512; baseline 0 -8"><span class='ocrx_word' id='word_1_342' title='bbox 143 1491 187 1495; x_wconf 90' lang='lat'><em>-—</em></span> <span class='ocrx_word' id='word_1_343' title='bbox 214 1474 268 1504; x_wconf 91' lang='lat'><em>35.</em></span> <span class='ocrx_word' id='word_1_344' title='bbox 296 1474 635 1505; x_wconf 79' lang='lat' dir='ltr'><em>transcucurrerant</em></span> <span class='ocrx_word' id='word_1_345' title='bbox 659 1470 687 1503; x_wconf 91' lang='grc' dir='ltr'>Β</span> <span class='ocrx_word' id='word_1_346' title='bbox 714 1491 759 1495; x_wconf 84' lang='grc'><strong>-</strong></span> <span class='ocrx_word' id='word_1_347' title='bbox 785 1470 821 1504; x_wconf 91' lang='lat' dir='ltr'><em>P.</em></span> <span class='ocrx_word' id='word_1_348' title='bbox 843 1474 921 1505; x_wconf 82' lang='lat'><strong>298.</strong></span> <span class='ocrx_word' id='word_1_349' title='bbox 946 1475 974 1504; x_wconf 94' lang='lat'><em>1.</em></span> <span class='ocrx_word' id='word_1_350' title='bbox 1000 1470 1127 1512; x_wconf 78' lang='lat' dir='ltr'><em>fuisset</em></span> <span class='ocrx_word' id='word_1_351' title='bbox 1151 1480 1231 1504; x_wconf 86' lang='lat' dir='ltr'><em>cum</em></span> <span class='ocrx_word' id='word_1_352' title='bbox 1257 1469 1282 1502; x_wconf 93' lang='lat' dir='ltr'>C</span> <span class='ocrx_word' id='word_1_353' title='bbox 1307 1468 1384 1511; x_wconf 79' lang='lat' dir='ltr'><em>fuit</em></span> <span class='ocrx_word' id='word_1_354' title='bbox 1401 1480 1481 1504; x_wconf 81' lang='lat' dir='ltr'><em>cum</em></span> 
     </span>
     <span class='ocr_line' id='line_1_30' title="bbox 141 1516 1478 1561; baseline 0 -11"><span class='ocrx_word' id='word_1_355' title='bbox 141 1516 333 1551; x_wconf 79' lang='lat' dir='ltr'><strong>Corradus.</strong></span> <span class='ocrx_word' id='word_1_356' title='bbox 374 1516 446 1550; x_wconf 82' lang='lat' dir='ltr'><em>Secl</em></span> <span class='ocrx_word' id='word_1_357' title='bbox 470 1516 703 1561; x_wconf 76' lang='lat' dir='ltr'><em>propositum</em></span> <span class='ocrx_word' id='word_1_358' title='bbox 729 1518 785 1550; x_wconf 77' lang='lat' dir='ltr'><em>est</em></span> <span class='ocrx_word' id='word_1_359' title='bbox 810 1518 884 1551; x_wconf 82' lang='lat' dir='ltr'><em>nisi</em></span> <span class='ocrx_word' id='word_1_360' title='bbox 908 1517 1059 1550; x_wconf 85' lang='lat' dir='ltr'><em>nimium</em></span> <span class='ocrx_word' id='word_1_361' title='bbox 1086 1517 1273 1559; x_wconf 83' lang='lat' dir='ltr'><em>inquirens</em></span> <span class='ocrx_word' id='word_1_362' title='bbox 1297 1517 1339 1548; x_wconf 82' lang='lat' dir='ltr'><em>in</em></span> <span class='ocrx_word' id='word_1_363' title='bbox 1362 1526 1396 1550; x_wconf 84' lang='lat' dir='ltr'><em>se</em></span> <span class='ocrx_word' id='word_1_364' title='bbox 1424 1543 1431 1550; x_wconf 98' lang='lat'><em>.</em></span> <span class='ocrx_word' id='word_1_365' title='bbox 1447 1543 1455 1550; x_wconf 89' lang='lat'><em>.</em></span> <span class='ocrx_word' id='word_1_366' title='bbox 1471 1543 1478 1550; x_wconf 94' lang='lat'><em>.</em></span> 
     </span>
     <span class='ocr_line' id='line_1_31' title="bbox 142 1560 1482 1608; baseline -0.001 -10"><span class='ocrx_word' id='word_1_367' title='bbox 142 1575 264 1598; x_wconf 72' lang='lat' dir='ltr'><em>verum</em></span> <span class='ocrx_word' id='word_1_368' title='bbox 301 1565 514 1608; x_wconf 72' lang='lat' dir='ltr'><em>sanquinem</em></span> <span class='ocrx_word' id='word_1_369' title='bbox 550 1564 823 1607; x_wconf 83' lang='lat' dir='ltr'><em>deperdidisset,</em></span> <span class='ocrx_word' id='word_1_370' title='bbox 860 1562 958 1606; x_wconf 85' lang='lat' dir='ltr'><em>quod</em></span> <span class='ocrx_word' id='word_1_371' title='bbox 997 1572 1085 1595; x_wconf 81' lang='lat' dir='ltr'><em>sane</em></span> <span class='ocrx_word' id='word_1_372' title='bbox 1122 1561 1244 1595; x_wconf 88' lang='lat' dir='ltr'><em>minus</em></span> <span class='ocrx_word' id='word_1_373' title='bbox 1282 1560 1482 1605; x_wconf 84' lang='lat' dir='ltr'>diligenter</span> 
     </span>
     <span class='ocr_line' id='line_1_32' title="bbox 143 1609 1479 1653; baseline 0 -9"><span class='ocrx_word' id='word_1_374' title='bbox 143 1611 324 1644; x_wconf 74' lang='lat' dir='ltr'><em>structum</em></span> <span class='ocrx_word' id='word_1_375' title='bbox 358 1609 533 1653; x_wconf 75' lang='lat' dir='ltr'><em>sequitur.</em></span> <span class='ocrx_word' id='word_1_376' title='bbox 583 1610 713 1652; x_wconf 74' lang='lat' dir='ltr'><em>Itaque</em></span> <span class='ocrx_word' id='word_1_377' title='bbox 750 1611 877 1651; x_wconf 82' lang='lat' dir='ltr'><em>fuisset</em></span> <span class='ocrx_word' id='word_1_378' title='bbox 902 1624 963 1643; x_wconf 85' lang='lat'><em>——:</em></span> <span class='ocrx_word' id='word_1_379' title='bbox 1005 1620 1091 1643; x_wconf 86' lang='lat' dir='ltr'><em>nam</em></span> <span class='ocrx_word' id='word_1_380' title='bbox 1128 1609 1256 1643; x_wconf 79' lang='lat' dir='ltr'><em>litteris</em></span> <span class='ocrx_word' id='word_1_381' title='bbox 1293 1612 1371 1643; x_wconf 86' lang='lat' dir='ltr'><em>erat</em></span> <span class='ocrx_word' id='word_1_382' title='bbox 1400 1620 1479 1644; x_wconf 83' lang='lat' dir='ltr'><em>eru-</em></span> 
     </span>
     <span class='ocr_line' id='line_1_33' title="bbox 142 1654 1481 1700; baseline -0.001 -9"><span class='ocrx_word' id='word_1_383' title='bbox 142 1657 254 1691; x_wconf 84' lang='lat' dir='ltr'><em>ditior</em></span> <span class='ocrx_word' id='word_1_384' title='bbox 280 1658 348 1690; x_wconf 76' lang='lat' dir='ltr'><em>etc.</em></span> <span class='ocrx_word' id='word_1_385' title='bbox 374 1655 573 1700; x_wconf 82' lang='lat' dir='ltr'><em>legendum</em></span> <span class='ocrx_word' id='word_1_386' title='bbox 599 1666 678 1690; x_wconf 90' lang='lat' dir='ltr'><em>esse</em></span> <span class='ocrx_word' id='word_1_387' title='bbox 703 1658 806 1699; x_wconf 75' lang='lat' dir='ltr'><strong>puto.</strong></span> <span class='ocrx_word' id='word_1_388' title='bbox 835 1677 875 1681; x_wconf 95' lang='lat'>—</span> <span class='ocrx_word' id='word_1_389' title='bbox 904 1660 934 1690; x_wconf 91' lang='lat'><em>6.</em></span> <span class='ocrx_word' id='word_1_390' title='bbox 962 1655 1181 1699; x_wconf 72' lang='lat' dir='ltr'><em>dependebat</em></span> <span class='ocrx_word' id='word_1_391' title='bbox 1207 1654 1231 1688; x_wconf 94' lang='lat' dir='ltr'>C</span> <span class='ocrx_word' id='word_1_392' title='bbox 1259 1664 1348 1689; x_wconf 84' lang='lat' dir='ltr'><strong>corr.</strong></span> <span class='ocrx_word' id='word_1_393' title='bbox 1375 1655 1481 1690; x_wconf 83' lang='lat' dir='ltr'><strong>F2O²</strong></span> 
     </span>
     <span class='ocr_line' id='line_1_34' title="bbox 143 1701 1479 1746; baseline 0 -9"><span class='ocrx_word' id='word_1_394' title='bbox 143 1723 186 1728; x_wconf 86' lang='lat'><em>—-</em></span> <span class='ocrx_word' id='word_1_395' title='bbox 219 1705 251 1737; x_wconf 89' lang='lat'><em>8.</em></span> <span class='ocrx_word' id='word_1_396' title='bbox 290 1715 313 1737; x_wconf 93' lang='lat' dir='ltr'><em>a</em></span> <span class='ocrx_word' id='word_1_397' title='bbox 337 1702 439 1746; x_wconf 83' lang='lat' dir='ltr'><em>prius</em></span> <span class='ocrx_word' id='word_1_398' title='bbox 466 1713 535 1736; x_wconf 88' lang='lat' dir='ltr'><em>om.</em></span> <span class='ocrx_word' id='word_1_399' title='bbox 562 1702 632 1735; x_wconf 91' lang='lat' dir='ltr'><strong>FB</strong></span> <span class='ocrx_word' id='word_1_400' title='bbox 648 1702 725 1736; x_wconf 91' lang='grc' dir='ltr'>ΟΝ</span> <span class='ocrx_word' id='word_1_401' title='bbox 758 1722 799 1726; x_wconf 87' lang='grc'>-</span> <span class='ocrx_word' id='word_1_402' title='bbox 832 1703 1076 1737; x_wconf 83' lang='lat' dir='ltr'><em>deuorabatur</em></span> <span class='ocrx_word' id='word_1_403' title='bbox 1101 1701 1125 1735; x_wconf 93' lang='lat' dir='ltr'>C</span> <span class='ocrx_word' id='word_1_404' title='bbox 1158 1701 1392 1737; x_wconf 80' lang='lat' dir='ltr'><em>devotabatur</em></span> <span class='ocrx_word' id='word_1_405' title='bbox 1423 1702 1479 1738; x_wconf 88' lang='lat' dir='ltr'><em>ed.</em></span> 
     </span>
     <span class='ocr_line' id='line_1_35' title="bbox 141 1748 1480 1793; baseline 0.001 -11"><span class='ocrx_word' id='word_1_406' title='bbox 141 1749 246 1784; x_wconf 82' lang='lat' dir='ltr'><strong>Rom.</strong></span> <span class='ocrx_word' id='word_1_407' title='bbox 272 1750 512 1792; x_wconf 74' lang='lat' dir='ltr'><em>refutabatur,</em></span> <span class='ocrx_word' id='word_1_408' title='bbox 529 1750 762 1793; x_wconf 74' lang='lat' dir='ltr'><em>respuebatur</em></span> <span class='ocrx_word' id='word_1_409' title='bbox 781 1751 874 1793; x_wconf 72' lang='lat'><strong>(284,</strong></span> <span class='ocrx_word' id='word_1_410' title='bbox 888 1749 958 1793; x_wconf 83' lang='grc'>21),</span> <span class='ocrx_word' id='word_1_411' title='bbox 984 1748 1290 1791; x_wconf 81' lang='lat' dir='ltr'><em>reformidabatur</em></span> <span class='ocrx_word' id='word_1_412' title='bbox 1308 1749 1400 1792; x_wconf 88' lang='lat'><strong>(381,</strong></span> <span class='ocrx_word' id='word_1_413' title='bbox 1418 1752 1480 1791; x_wconf 83' lang='lat'><em>123</em></span> 
     </span>
     <span class='ocr_line' id='line_1_36' title="bbox 143 1793 1481 1840; baseline 0 -10"><span class='ocrx_word' id='word_1_414' title='bbox 143 1799 220 1839; x_wconf 84' lang='lat'><strong>391,</strong></span> <span class='ocrx_word' id='word_1_415' title='bbox 245 1797 318 1840; x_wconf 82' lang='lat'><em>23)⁷</em></span> <span class='ocrx_word' id='word_1_416' title='bbox 347 1795 467 1830; x_wconf 86' lang='lat' dir='ltr'><em>simile</em></span> <span class='ocrx_word' id='word_1_417' title='bbox 494 1795 637 1838; x_wconf 84' lang='lat' dir='ltr'><em>aliquid</em></span> <span class='ocrx_word' id='word_1_418' title='bbox 663 1797 918 1840; x_wconf 73' lang='lat' dir='ltr'><em>exspectamus</em></span> <span class='ocrx_word' id='word_1_419' title='bbox 957 1815 1000 1839; x_wconf 62' lang='lat'><em>—÷</em></span> <span class='ocrx_word' id='word_1_420' title='bbox 1040 1798 1094 1828; x_wconf 86' lang='lat'><em>23.</em></span> <span class='ocrx_word' id='word_1_421' title='bbox 1133 1795 1210 1828; x_wconf 86' lang='lat' dir='ltr'><em>alia</em></span> <span class='ocrx_word' id='word_1_422' title='bbox 1236 1793 1262 1828; x_wconf 89' lang='lat' dir='ltr'>C</span> <span class='ocrx_word' id='word_1_423' title='bbox 1289 1795 1367 1829; x_wconf 85' lang='lat' dir='ltr'><em>alia</em></span> <span class='ocrx_word' id='word_1_424' title='bbox 1394 1796 1481 1830; x_wconf 85' lang='lat' dir='ltr'><em>aliis</em></span> 
     </span>
     <span class='ocr_line' id='line_1_37' title="bbox 143 1840 1478 1886; baseline 0.001 -10"><span class='ocrx_word' id='word_1_425' title='bbox 143 1842 243 1876; x_wconf 78' lang='lat' dir='ltr'><em>Bake</em></span> <span class='ocrx_word' id='word_1_426' title='bbox 264 1844 349 1877; x_wconf 81' lang='lat' dir='ltr'><em>aliis</em></span> <span class='ocrx_word' id='word_1_427' title='bbox 369 1843 447 1877; x_wconf 89' lang='lat' dir='ltr'><em>alia</em></span> <span class='ocrx_word' id='word_1_428' title='bbox 467 1841 598 1886; x_wconf 81' lang='lat' dir='ltr'><em>scripsi</em></span> <span class='ocrx_word' id='word_1_429' title='bbox 617 1863 663 1867; x_wconf 94' lang='lat'>—</span> <span class='ocrx_word' id='word_1_430' title='bbox 683 1845 737 1877; x_wconf 89' lang='lat'><em>29.</em></span> <span class='ocrx_word' id='word_1_431' title='bbox 763 1843 824 1877; x_wconf 81' lang='lat' dir='ltr'><em>sed</em></span> <span class='ocrx_word' id='word_1_432' title='bbox 843 1841 962 1876; x_wconf 80' lang='lat' dir='ltr'><strong>F¹BO</strong></span> <span class='ocrx_word' id='word_1_433' title='bbox 976 1842 1067 1875; x_wconf 88' lang='lat' dir='ltr'><strong>Ven.</strong></span> <span class='ocrx_word' id='word_1_434' title='bbox 1085 1845 1101 1874; x_wconf 91' lang='lat'><em>1</em></span> <span class='ocrx_word' id='word_1_435' title='bbox 1128 1842 1160 1875; x_wconf 89' lang='lat' dir='ltr'><em>si</em></span> <span class='ocrx_word' id='word_1_436' title='bbox 1180 1840 1205 1874; x_wconf 91' lang='lat' dir='ltr'>C</span> <span class='ocrx_word' id='word_1_437' title='bbox 1229 1861 1275 1866; x_wconf 91' lang='lat'><em>—-</em></span> <span class='ocrx_word' id='word_1_438' title='bbox 1300 1840 1337 1875; x_wconf 89' lang='lat' dir='ltr'><em>P.</em></span> <span class='ocrx_word' id='word_1_439' title='bbox 1353 1844 1431 1876; x_wconf 88' lang='grc'>299.</span> <span class='ocrx_word' id='word_1_440' title='bbox 1447 1847 1478 1877; x_wconf 91' lang='grc'><em>6.</em></span> 
     </span>
     <span class='ocr_line' id='line_1_38' title="bbox 141 1887 1480 1932; baseline -0.001 -8"><span class='ocrx_word' id='word_1_441' title='bbox 141 1890 193 1924; x_wconf 85' lang='lat' dir='ltr'><em>At</em></span> <span class='ocrx_word' id='word_1_442' title='bbox 220 1889 245 1923; x_wconf 91' lang='lat' dir='ltr'>C</span> <span class='ocrx_word' id='word_1_443' title='bbox 272 1890 327 1924; x_wconf 85' lang='lat' dir='ltr'><em>Ac</em></span> <span class='ocrx_word' id='word_1_444' title='bbox 351 1888 450 1923; x_wconf 76' lang='lat' dir='ltr'><em>Jahn</em></span> <span class='ocrx_word' id='word_1_445' title='bbox 484 1909 527 1913; x_wconf 88' lang='lat'><em>—-</em></span> <span class='ocrx_word' id='word_1_446' title='bbox 562 1893 615 1923; x_wconf 91' lang='lat'><em>12.</em></span> <span class='ocrx_word' id='word_1_447' title='bbox 642 1890 834 1932; x_wconf 81' lang='lat' dir='ltr'><em>imitantur</em></span> <span class='ocrx_word' id='word_1_448' title='bbox 859 1888 928 1922; x_wconf 88' lang='lat' dir='ltr'><strong>FB</strong></span> <span class='ocrx_word' id='word_1_449' title='bbox 945 1887 973 1922; x_wconf 94' lang='lat' dir='ltr'>O</span> <span class='ocrx_word' id='word_1_450' title='bbox 1002 1909 1042 1912; x_wconf 96' lang='lat'><strong>—</strong></span> <span class='ocrx_word' id='word_1_451' title='bbox 1077 1891 1132 1921; x_wconf 90' lang='lat'><em>25.</em></span> <span class='ocrx_word' id='word_1_452' title='bbox 1161 1898 1223 1921; x_wconf 86' lang='lat' dir='ltr'><em>an:</em></span> <span class='ocrx_word' id='word_1_453' title='bbox 1249 1898 1314 1922; x_wconf 85' lang='lat' dir='ltr'><em>nec</em></span> <span class='ocrx_word' id='word_1_454' title='bbox 1337 1889 1480 1923; x_wconf 81' lang='lat' dir='ltr'><em>novitas</em></span> 
     </span>
     <span class='ocr_line' id='line_1_39' title="bbox 143 1935 1478 1978; baseline -0.001 -8"><span class='ocrx_word' id='word_1_455' title='bbox 143 1940 216 1970; x_wconf 82' lang='lat' dir='ltr'><em>est?</em></span> <span class='ocrx_word' id='word_1_456' title='bbox 253 1935 346 1970; x_wconf 88' lang='lat' dir='ltr'><strong>Plin.</strong></span> <span class='ocrx_word' id='word_1_457' title='bbox 373 1947 408 1970; x_wconf 91' lang='lat' dir='ltr'><em>n.</em></span> <span class='ocrx_word' id='word_1_458' title='bbox 429 1935 464 1970; x_wconf 88' lang='lat' dir='ltr'><em>h.</em></span> <span class='ocrx_word' id='word_1_459' title='bbox 490 1935 610 1969; x_wconf 89' lang='lat' dir='ltr'><strong>XXIII</strong></span> <span class='ocrx_word' id='word_1_460' title='bbox 639 1940 667 1978; x_wconf 86' lang='lat'><em>1,</em></span> <span class='ocrx_word' id='word_1_461' title='bbox 689 1939 744 1970; x_wconf 88' lang='lat'><em>20.</em></span> <span class='ocrx_word' id='word_1_462' title='bbox 780 1956 822 1960; x_wconf 81' lang='lat'><em>—-</em></span> <span class='ocrx_word' id='word_1_463' title='bbox 855 1938 910 1970; x_wconf 85' lang='lat'><em>29.</em></span> <span class='ocrx_word' id='word_1_464' title='bbox 943 1945 1005 1968; x_wconf 72' lang='lat' dir='ltr'><em>ant</em></span> <span class='ocrx_word' id='word_1_465' title='bbox 1037 1945 1165 1969; x_wconf 75' lang='lat' dir='ltr'><em>novam</em></span> <span class='ocrx_word' id='word_1_466' title='bbox 1191 1938 1256 1969; x_wconf 89' lang='lat' dir='ltr'><em>aut</em></span> <span class='ocrx_word' id='word_1_467' title='bbox 1279 1935 1408 1969; x_wconf 83' lang='lat' dir='ltr'><em>istam?</em></span> <span class='ocrx_word' id='word_1_468' title='bbox 1435 1955 1478 1959; x_wconf 92' lang='lat'>—</span> 
     </span>
     <span class='ocr_line' id='line_1_40' title="bbox 143 1980 1479 2027; baseline -0.001 -10"><span class='ocrx_word' id='word_1_469' title='bbox 143 1987 198 2017; x_wconf 74' lang='lat'><em>34.</em></span> <span class='ocrx_word' id='word_1_470' title='bbox 237 1983 342 2027; x_wconf 81' lang='lat' dir='ltr'><em>quasi</em></span> <span class='ocrx_word' id='word_1_471' title='bbox 374 1981 399 2016; x_wconf 89' lang='lat' dir='ltr'>C</span> <span class='ocrx_word' id='word_1_472' title='bbox 431 1993 560 2026; x_wconf 87' lang='lat' dir='ltr'><em>quaeso</em></span> <span class='ocrx_word' id='word_1_473' title='bbox 585 1982 676 2016; x_wconf 90' lang='lat' dir='ltr'><strong>Ven.</strong></span> <span class='ocrx_word' id='word_1_474' title='bbox 699 1985 716 2015; x_wconf 90' lang='lat'><em>1</em></span> <span class='ocrx_word' id='word_1_475' title='bbox 757 2003 799 2007; x_wconf 90' lang='lat'><strong>—</strong></span> <span class='ocrx_word' id='word_1_476' title='bbox 838 1981 875 2016; x_wconf 91' lang='lat' dir='ltr'><em>P.</em></span> <span class='ocrx_word' id='word_1_477' title='bbox 903 1984 981 2016; x_wconf 91' lang='lat'><strong>300.</strong></span> <span class='ocrx_word' id='word_1_478' title='bbox 1009 1984 1063 2014; x_wconf 84' lang='lat'><em>19.</em></span> <span class='ocrx_word' id='word_1_479' title='bbox 1101 1985 1143 2015; x_wconf 91' lang='lat' dir='ltr'><em>ut</em></span> <span class='ocrx_word' id='word_1_480' title='bbox 1166 1981 1208 2015; x_wconf 90' lang='lat' dir='ltr'><em>de</em></span> <span class='ocrx_word' id='word_1_481' title='bbox 1240 1991 1310 2015; x_wconf 90' lang='lat' dir='ltr'><em>om.</em></span> <span class='ocrx_word' id='word_1_482' title='bbox 1336 1980 1407 2015; x_wconf 87' lang='lat' dir='ltr'><strong>FO</strong></span> <span class='ocrx_word' id='word_1_483' title='bbox 1432 2002 1479 2006; x_wconf 97' lang='lat'><strong>—</strong></span> 
     </span>
     <span class='ocr_line' id='line_1_41' title="bbox 143 2026 1478 2072; baseline -0.001 -9"><span class='ocrx_word' id='word_1_484' title='bbox 143 2033 198 2063; x_wconf 87' lang='lat'><em>30.</em></span> <span class='ocrx_word' id='word_1_485' title='bbox 225 2033 374 2064; x_wconf 85' lang='lat' dir='ltr'><em>conatus</em></span> <span class='ocrx_word' id='word_1_486' title='bbox 394 2028 419 2062; x_wconf 91' lang='lat' dir='ltr'>C</span> <span class='ocrx_word' id='word_1_487' title='bbox 439 2032 653 2064; x_wconf 84' lang='lat' dir='ltr'><em>commotus?</em></span> <span class='ocrx_word' id='word_1_488' title='bbox 678 2027 811 2063; x_wconf 81' lang='lat' dir='ltr'><strong>Eberh.</strong></span> <span class='ocrx_word' id='word_1_489' title='bbox 830 2029 938 2072; x_wconf 79' lang='lat' dir='ltr'><em>pat-er</em></span> <span class='ocrx_word' id='word_1_490' title='bbox 963 2028 1184 2062; x_wconf 81' lang='lat' dir='ltr'><em>concitatus?</em></span> <span class='ocrx_word' id='word_1_491' title='bbox 1208 2026 1341 2061; x_wconf 81' lang='lat' dir='ltr'><strong>Eberh.</strong></span> <span class='ocrx_word' id='word_1_492' title='bbox 1362 2027 1478 2069; x_wconf 82' lang='lat' dir='ltr'><em>filius;</em></span> 
     </span>
     <span class='ocr_line' id='line_1_42' title="bbox 145 2073 1477 2120; baseline -0.002 -10"><span class='ocrx_word' id='word_1_493' title='bbox 145 2086 207 2109; x_wconf 81' lang='lat' dir='ltr'><em>an:</em></span> <span class='ocrx_word' id='word_1_494' title='bbox 240 2087 357 2120; x_wconf 84' lang='lat' dir='ltr'><em>paene</em></span> <span class='ocrx_word' id='word_1_495' title='bbox 387 2078 559 2110; x_wconf 79' lang='lat' dir='ltr'><em>conatus?</em></span> <span class='ocrx_word' id='word_1_496' title='bbox 599 2095 641 2101; x_wconf 94' lang='lat'>—</span> <span class='ocrx_word' id='word_1_497' title='bbox 679 2079 733 2109; x_wconf 90' lang='lat'><em>31.</em></span> <span class='ocrx_word' id='word_1_498' title='bbox 772 2077 846 2109; x_wconf 90' lang='lat' dir='ltr'><em>iam</em></span> <span class='ocrx_word' id='word_1_499' title='bbox 878 2086 947 2109; x_wconf 88' lang='lat' dir='ltr'><em>om.</em></span> <span class='ocrx_word' id='word_1_500' title='bbox 973 2073 1313 2118; x_wconf 78' lang='lat' dir='ltr'><strong>Ven.1(‘?)Lamb.</strong></span> <span class='ocrx_word' id='word_1_501' title='bbox 1347 2094 1389 2098; x_wconf 97' lang='lat'><strong>—</strong></span> <span class='ocrx_word' id='word_1_502' title='bbox 1422 2077 1477 2108; x_wconf 88' lang='lat'><em>33.</em></span> 
     </span>
     <span class='ocr_line' id='line_1_43' title="bbox 142 2119 1478 2166; baseline -0.002 -10"><span class='ocrx_word' id='word_1_503' title='bbox 142 2123 262 2157; x_wconf 81' lang='lat' dir='ltr'><em>Attice</em></span> <span class='ocrx_word' id='word_1_504' title='bbox 286 2121 361 2155; x_wconf 87' lang='grc' dir='ltr'>ΒΝ</span> <span class='ocrx_word' id='word_1_505' title='bbox 388 2142 430 2146; x_wconf 95' lang='grc'><em>--</em></span> <span class='ocrx_word' id='word_1_506' title='bbox 457 2124 512 2155; x_wconf 85' lang='grc'>37.</span> <span class='ocrx_word' id='word_1_507' title='bbox 539 2122 759 2166; x_wconf 73' lang='lat' dir='ltr'><em>disceptatur</em></span> <span class='ocrx_word' id='word_1_508' title='bbox 783 2121 814 2154; x_wconf 90' lang='lat' dir='ltr'>D</span> <span class='ocrx_word' id='word_1_509' title='bbox 842 2143 883 2146; x_wconf 96' lang='lat'><strong>—</strong></span> <span class='ocrx_word' id='word_1_510' title='bbox 909 2121 947 2155; x_wconf 87' lang='lat' dir='ltr'><em>P.</em></span> <span class='ocrx_word' id='word_1_511' title='bbox 976 2124 1054 2155; x_wconf 89' lang='lat'><strong>301.</strong></span> <span class='ocrx_word' id='word_1_512' title='bbox 1082 2123 1135 2154; x_wconf 86' lang='lat'><em>14.</em></span> <span class='ocrx_word' id='word_1_513' title='bbox 1161 2120 1312 2155; x_wconf 84' lang='lat' dir='ltr'><em>mercule</em></span> <span class='ocrx_word' id='word_1_514' title='bbox 1336 2119 1407 2153; x_wconf 87' lang='lat' dir='ltr'><strong>FB</strong></span> <span class='ocrx_word' id='word_1_515' title='bbox 1433 2141 1478 2146; x_wconf 91' lang='lat'>—</span> 
     </span>
     <span class='ocr_line' id='line_1_44' title="bbox 145 2166 1477 2213; baseline -0.002 -10"><span class='ocrx_word' id='word_1_516' title='bbox 145 2173 198 2203; x_wconf 89' lang='lat'><em>19.</em></span> <span class='ocrx_word' id='word_1_517' title='bbox 225 2169 331 2213; x_wconf 87' lang='lat' dir='ltr'><em>quasi</em></span> <span class='ocrx_word' id='word_1_518' title='bbox 356 2167 532 2202; x_wconf 52' lang='lat' dir='ltr'><em>lVeidner</em></span> <span class='ocrx_word' id='word_1_519' title='bbox 560 2189 600 2193; x_wconf 87' lang='lat'><em>-—</em></span> <span class='ocrx_word' id='word_1_520' title='bbox 628 2171 683 2202; x_wconf 87' lang='lat'><em>24.</em></span> <span class='ocrx_word' id='word_1_521' title='bbox 713 2169 895 2213; x_wconf 88' lang='lat' dir='ltr'><em>quandam</em></span> <span class='ocrx_word' id='word_1_522' title='bbox 919 2167 1074 2209; x_wconf 81' lang='lat' dir='ltr'><em>formam</em></span> <span class='ocrx_word' id='word_1_523' title='bbox 1097 2166 1219 2199; x_wconf 87' lang='lat' dir='ltr'><em>BDN</em></span> <span class='ocrx_word' id='word_1_524' title='bbox 1246 2185 1289 2191; x_wconf 85' lang='lat'><em>-</em></span> <span class='ocrx_word' id='word_1_525' title='bbox 1316 2171 1370 2200; x_wconf 88' lang='grc'>26.</span> <span class='ocrx_word' id='word_1_526' title='bbox 1397 2177 1477 2201; x_wconf 83' lang='lat' dir='ltr'><em>ora-</em></span> 
     </span>
     <span class='ocr_line' id='line_1_45' title="bbox 143 2212 1479 2257; baseline -0.002 -6"><span class='ocrx_word' id='word_1_527' title='bbox 143 2217 248 2251; x_wconf 83' lang='lat' dir='ltr'><em>toriis</em></span> <span class='ocrx_word' id='word_1_528' title='bbox 271 2215 412 2249; x_wconf 75' lang='lat' dir='ltr'><strong>Manut.</strong></span> <span class='ocrx_word' id='word_1_529' title='bbox 439 2235 484 2240; x_wconf 89' lang='lat'>—</span> <span class='ocrx_word' id='word_1_530' title='bbox 510 2218 565 2249; x_wconf 85' lang='lat'><em>28.</em></span> <span class='ocrx_word' id='word_1_531' title='bbox 591 2219 624 2249; x_wconf 85' lang='lat' dir='ltr'><em>te</em></span> <span class='ocrx_word' id='word_1_532' title='bbox 650 2226 720 2250; x_wconf 89' lang='lat' dir='ltr'><em>om.</em></span> <span class='ocrx_word' id='word_1_533' title='bbox 746 2214 824 2248; x_wconf 90' lang='grc' dir='ltr'>ΒΝ</span> <span class='ocrx_word' id='word_1_534' title='bbox 856 2234 899 2239; x_wconf 91' lang='grc'>-</span> <span class='ocrx_word' id='word_1_535' title='bbox 934 2214 973 2248; x_wconf 92' lang='lat' dir='ltr'><em>P.</em></span> <span class='ocrx_word' id='word_1_536' title='bbox 1000 2216 1078 2247; x_wconf 87' lang='lat'><strong>302.</strong></span> <span class='ocrx_word' id='word_1_537' title='bbox 1107 2217 1136 2248; x_wconf 81' lang='grc'>7.</span> <span class='ocrx_word' id='word_1_538' title='bbox 1163 2213 1333 2257; x_wconf 83' lang='lat' dir='ltr'><em>quoniam</em></span> <span class='ocrx_word' id='word_1_539' title='bbox 1358 2212 1384 2247; x_wconf 92' lang='lat' dir='ltr'>C</span> <span class='ocrx_word' id='word_1_540' title='bbox 1411 2224 1479 2257; x_wconf 89' lang='lat' dir='ltr'><em>quo</em></span> 
     </span>
     <span class='ocr_line' id='line_1_46' title="bbox 142 2258 1478 2307; baseline -0.001 -11"><span class='ocrx_word' id='word_1_541' title='bbox 142 2262 292 2296; x_wconf 89' lang='lat' dir='ltr'><em>Ascens.</em></span> <span class='ocrx_word' id='word_1_542' title='bbox 319 2266 339 2296; x_wconf 89' lang='lat'><strong>2</strong></span> <span class='ocrx_word' id='word_1_543' title='bbox 366 2272 434 2307; x_wconf 90' lang='lat' dir='ltr'><em>quo</em></span> <span class='ocrx_word' id='word_1_544' title='bbox 458 2263 533 2296; x_wconf 83' lang='lat' dir='ltr'><em>iam</em></span> <span class='ocrx_word' id='word_1_545' title='bbox 557 2261 655 2295; x_wconf 81' lang='lat' dir='ltr'>Jahn</span> <span class='ocrx_word' id='word_1_546' title='bbox 681 2281 724 2285; x_wconf 92' lang='lat'><strong>—</strong></span> <span class='ocrx_word' id='word_1_547' title='bbox 756 2265 787 2296; x_wconf 92' lang='lat'><em>8.</em></span> <span class='ocrx_word' id='word_1_548' title='bbox 815 2261 965 2296; x_wconf 84' lang='lat' dir='ltr'><em>laudare</em></span> <span class='ocrx_word' id='word_1_549' title='bbox 989 2259 1059 2293; x_wconf 91' lang='lat' dir='ltr'><strong>FB</strong></span> <span class='ocrx_word' id='word_1_550' title='bbox 1075 2258 1152 2293; x_wconf 90' lang='grc' dir='ltr'>ΟΝ</span> <span class='ocrx_word' id='word_1_551' title='bbox 1176 2280 1222 2284; x_wconf 91' lang='grc'>-</span> <span class='ocrx_word' id='word_1_552' title='bbox 1249 2262 1302 2294; x_wconf 93' lang='grc'>10.</span> <span class='ocrx_word' id='word_1_553' title='bbox 1328 2261 1428 2294; x_wconf 74' lang='lat' dir='ltr'><em>venis</em></span> <span class='ocrx_word' id='word_1_554' title='bbox 1452 2258 1478 2293; x_wconf 92' lang='lat' dir='ltr'>C</span> 
     </span>
     <span class='ocr_line' id='line_1_47' title="bbox 144 2306 1465 2354; baseline -0.004 -10"><span class='ocrx_word' id='word_1_555' title='bbox 144 2310 244 2344; x_wconf 70' lang='lat' dir='ltr'><em>venio</em></span> <span class='ocrx_word' id='word_1_556' title='bbox 270 2310 312 2354; x_wconf 78' lang='lat'>(‘?)</span> <span class='ocrx_word' id='word_1_557' title='bbox 332 2308 359 2342; x_wconf 89' lang='lat' dir='ltr'><strong>F</strong></span> <span class='ocrx_word' id='word_1_558' title='bbox 380 2308 470 2343; x_wconf 89' lang='lat' dir='ltr'><strong>Ven.</strong></span> <span class='ocrx_word' id='word_1_559' title='bbox 494 2312 511 2341; x_wconf 89' lang='lat'><em>1</em></span> <span class='ocrx_word' id='word_1_560' title='bbox 552 2328 594 2333; x_wconf 75' lang='lat'><em>-—</em></span> <span class='ocrx_word' id='word_1_561' title='bbox 633 2310 688 2342; x_wconf 90' lang='lat'><em>24.</em></span> <span class='ocrx_word' id='word_1_562' title='bbox 727 2309 898 2352; x_wconf 75' lang='lat' dir='ltr'><em>depulisti</em></span> <span class='ocrx_word' id='word_1_563' title='bbox 923 2306 947 2341; x_wconf 95' lang='lat' dir='ltr'>C</span> <span class='ocrx_word' id='word_1_564' title='bbox 978 2307 1153 2351; x_wconf 80' lang='lat' dir='ltr'><em>pepulisti</em></span> <span class='ocrx_word' id='word_1_565' title='bbox 1182 2306 1265 2340; x_wconf 89' lang='lat' dir='ltr'><strong>Asc.</strong></span> <span class='ocrx_word' id='word_1_566' title='bbox 1293 2310 1312 2340; x_wconf 90' lang='lat'><strong>2</strong></span> <span class='ocrx_word' id='word_1_567' title='bbox 1346 2325 1389 2331; x_wconf 93' lang='lat'>—</span> <span class='ocrx_word' id='word_1_568' title='bbox 1422 2309 1465 2340; x_wconf 89' lang='lat'><strong>32</strong></span> 
     </span>
    </p>
   </div>
  </div>
 </body>
</html>
