1643 2526
72 733 104 758 10

71 1025 103 1051 15

71 1317 105 1341 20

71 1608 105 1633 25

581 96 681 131 CAP.
709 100 763 131 24.
815 100 834 138 g
860 98 1009 131 80—86.
1379 95 1466 136 409

124 204 283 244 eorum,
316 205 497 244 quorum
528 191 617 232 vita
647 191 905 244 laudabitur,
936 190 1107 232 silentio
1139 191 1364 245 praeteriri
1397 191 1464 231 de-

123 249 256 302 bebit,
287 249 323 289 si
355 250 480 290 modo
514 250 615 303 quid
644 249 724 290 erit
755 249 945 290 animum
978 249 1283 291 advertendum
1316 252 1389 290 aut
1419 249 1465 289 111

123 307 217 361 ipso
251 321 403 362 genere
430 308 580 349 mortis
607 311 681 348 aut
705 307 751 348 in
775 307 828 348 iis
853 307 993 361 rebus,
1025 322 1132 361 quae
1158 310 1258 362 post
1283 311 1466 348 mortem

124 368 249 406 erunt
281 372 543 407 consecutae.

242 422 286 464 C.
318 424 476 479 Accepi
504 425 589 465 ista
614 424 823 478 didicique
849 424 1036 465 breviter
1060 439 1147 465 non
1174 424 1312 465 solum
1340 439 1464 478 quem

124 482 177 523 ad
207 483 381 523 modum
412 484 629 524 laudarem
661 483 854 537 alterum,
887 483 959 523 sed
991 483 1121 524 etiam
1148 497 1274 536 quem
1301 483 1353 523 ad
1379 497 1465 524 mo-

123 541 223 581 dum
256 541 450 596 eniterer,
480 545 528 582 ut
558 556 729 596 possem
760 541 850 582 iure
882 541 973 595 ipse
1005 541 1181 582 laudari.
1231 541 1463 582 Videamus

122 599 256 653 igitur
283 600 478 654 deinceps
498 600 542 641 in
567 599 778 641 sententia
804 599 980 641 dicenda
1006 614 1135 653 quam
1160 600 1273 640 viam
1294 604 1335 641 et
1357 614 1464 653 quae

122 661 349 712 praecepta
376 662 609 699 teneamus.
659 658 704 699 P.
730 658 811 699 Est
835 658 970 713 igitur
994 658 1041 698 in
1066 658 1339 699 deliberando
1366 658 1464 699 finis

123 716 307 771 nbilitas,
350 717 402 757 ad
446 732 571 770 quem
613 717 674 758 ita
717 716 959 758 referuntur
1010 717 1153 757 omnia
1195 717 1240 757 in
1284 717 1463 758 consilio

123 774 260 815 dando
295 776 587 829 sententiaque
621 775 808 828 dicenda,
840 779 888 816 ut
913 775 988 816 illa
1013 775 1152 829 prima
1179 775 1264 816 sint
1298 775 1463 816 suasori

124 836 198 874 aut
230 833 463 874 dissuasori
494 834 691 888 videnda,
729 834 830 887 quid
868 837 941 874 aut
979 834 1117 888 possit
1148 833 1240 874 fieri
1273 837 1347 874 aut
1377 848 1466 874 11011

122 891 261 945 possit
293 895 336 932 et
365 892 466 946 quid
499 896 571 933 aut
602 907 774 933 necesse
808 892 863 932 sit
895 895 968 932 aut
1000 906 1086 932 non
1117 907 1299 933 11666336.
1350 891 1465 933 Nam

124 952 179 1004 et,
210 950 245 990 si
272 950 373 1003 quid
399 950 511 991 effici
536 966 623 991 non
648 954 804 1005 potest,
835 950 1085 991 deliberatio
1113 950 1294 1003 tollitur,
1321 965 1465 1004 quam-

122 1008 186 1049 vis
219 1009 276 1049 sit
308 1008 431 1062 utile3
462 1012 516 1063 et,
548 1009 584 1050 si
617 1009 717 1062 quid
748 1024 919 1050 necesse
949 1012 1014 1049 est
1044 1033 1092 1038 —
1121 1023 1293 1050 11666336
1321 1012 1464 1050 autem

122 1067 166 1107 id
198 1069 275 1121 est,
310 1067 399 1108 sine
432 1081 515 1120 quo
549 1067 655 1107 salvi
686 1067 862 1108 liberive
896 1082 986 1108 esse
1018 1082 1104 1108 non
1135 1082 1363 1122 possumus
1402 1092 1465 1121 ——,

122 1125 165 1165 id
191 1128 256 1166 est
280 1125 455 1179 reliquis
482 1128 524 1166 61
554 1125 854 1166 honestatibus
879 1126 925 1166 in
951 1125 1065 1166 civili
1092 1126 1257 1167 ratione
1285 1129 1327 1166 61
1354 1140 1465 1167 6011]-

122 1183 260 1224 modis
287 1184 639 1237 anteponendum.
691 1182 798 1225 Cum
830 1187 973 1225 autem
999 1184 1219 1238 quaeritur
1245 1184 1346 1238 quid
1371 1184 1463 1225 fieri
1491 1194 1535 1225 84

122 1242 272 1296 possit,
308 1242 536 1282 videndum
568 1242 697 1283 etiam
730 1246 794 1283 est
827 1258 953 1297 quam
984 1243 1108 1284 facile
1140 1243 1288 1297 possit.
1350 1242 1463 1283 Nam

125 1314 233 1354 quae
263 1299 532 1354 perdifficilia
564 1304 676 1354 sunt,
706 1301 878 1354 perinde
910 1301 1105 1341 habenda
1137 1316 1262 1354 saepe
1289 1304 1390 1342 sunt
1416 1316 1463 1342 ac

126 1358 162 1399 si
199 1358 312 1399 effici
347 1373 435 1398 non
473 1358 652 1412 possint.
713 1359 772 1399 Et
809 1374 905 1400 61111]
943 1360 992 1399 de
1029 1359 1283 1400 necessitate
1322 1360 1465 1400 adten-

126 1417 291 1470 demus,
334 1416 465 1457 etiam
503 1417 538 1457 si
575 1431 663 1457 non
704 1417 991 1458 necessarium
1035 1417 1194 1471 aliquid
1238 1418 1465 1469 videbitur,

125 1474 353 1515 videndum
395 1478 540 1516 tamen
583 1475 664 1516 erit
707 1491 834 1530 quam
875 1476 930 1516 sit
972 1476 1016 1516 id
1056 1490 1271 1531 magnum.
1343 1475 1465 1524 Quod

127 1533 240 1574 enim
269 1533 492 1588 permagni
522 1533 714 1587 interest,
743 1549 821 1588 pro
847 1534 1086 1575 necessario
1114 1549 1238 1589 saepe
1269 1534 1464 1575 habetur.

124 1591 313 1644 Ita[que]
348 1606 444 1632 cum
469 1595 637 1633 constet
663 1607 795 1647 genus
821 1593 902 1634 hoc
929 1608 1153 1634 causarum
1185 1607 1235 1633 ex
1267 1593 1464 1633 suasione
1491 1603 1534 1634 85

125 1652 168 1690 et
206 1649 489 1704 dissuasione,
533 1651 698 1691 suasori
737 1651 992 1705 proponitur
1034 1651 1213 1705 simplex
1254 1651 1384 1691 ratio:
1429 1651 1465 1691 si

126 1709 203 1759 [etl
237 1708 342 1748 utile
380 1711 445 1749 est
477 1711 519 1749 et
557 1709 647 1750 fieri
684 1713 847 1764 potest,
883 1710 978 1764 fiat3
1021 1709 1255 1750 dissuasori
1293 1709 1464 1763 duplex:

125 1780 223 1819 una,
247 1766 283 1806 si
308 1781 395 1806 non
419 1767 524 1807 utile
551 1770 628 1821 est,
652 1782 705 1808 ne
727 1768 820 1823 fiat,
852 1768 998 1821 altera,
1025 1768 1061 1809 si
1086 1768 1178 1809 fieri
1197 1782 1284 1809 non
1309 1771 1465 1822 potest,

125 1838 178 1864 ne
211 1824 480 1878 suscipiatur.
543 1824 612 1866 Sic
651 1826 815 1867 suasori
852 1829 1080 1879 utrumque
1120 1827 1356 1867 docendum
1388 1829 1465 1880 est,

1480 402 1537 442 ‘24

1491 470 1534 500 83

74 1899 108 1924 30
128 1882 361 1922 dissuasori
393 1883 576 1924 alterum
606 1883 821 1925 infirmare
855 1887 922 1925 sat
953 1887 1028 1925 est.
1091 1883 1229 1933 Quare
1263 1884 1465 1938 quoniam
1491 1895 1534 1925 86

126 1940 173 1980 in
202 1940 269 1980 his
306 1944 500 1981 versatur
538 1956 661 1982 omne
699 1942 924 1983 consilium
962 1943 1146 1997 duobus,
1189 1943 1239 1983 de
1277 1943 1465 1983 utilitate

128 2001 226 2039 ante
253 1998 454 2052 dicamus,
480 2013 586 2052 quae
612 2000 657 2040 in
682 2001 967 2042 discernendis
993 2001 1117 2042 bonis
1144 2001 1351 2054 malisque
1378 2016 1466 2042 ver-

129 2059 259 2097 satur.
309 2056 527 2098 Bonorum
554 2061 696 2099 autem
727 2059 885 2113 partim
912 2059 1151 2101 necessaria
1178 2062 1278 2100 sunt
1303 2062 1351 2100 ut
1377 2059 1465 2099 vita

127 2114 334 2168 pudicitia
363 2114 554 2169 libertas,
584 2120 631 2157 ut
658 2117 783 2158 liberi
808 2117 1011 2172 coniuges
1039 2118 1230 2173 germani
1255 2120 1467 2171 parentes,

76 2189 110 2214 35
128 2172 286 2226 partim
316 2187 404 2213 non
433 2175 713 2229 necessaria[3
757 2190 939 2229 quorum
971 2176 1054 2216 alia
1086 2179 1185 2217 sunt
1216 2191 1291 2230 per
1324 2190 1367 2216 se
1399 2189 1465 2215 ex—

128 2230 311 2283 petenda
341 2233 389 2270 ut
421 2245 487 2284 ea,
523 2246 630 2284 quae
668 2233 751 2274 sita
782 2237 882 2274 sunt
911 2234 958 2274 in
989 2234 1142 2275 officiis
1176 2237 1301 2287 atque
1334 2233 1464 2273 virtu-

129 2288 258 2342 tibus,
290 2288 385 2342 alia,
417 2289 528 2343 quod
557 2290 715 2343 aliquid
741 2293 952 2332 commodi
985 2292 1189 2345 efficiunt,
1220 2294 1268 2331 ut
1295 2305 1395 2343 opes
1422 2293 1464 2330 et
