1643 2526
112 368 157 400 84

119 800 170 841 19

114 868 158 899 85

113 1647 159 1678 86

115 2053 159 2084 87

181 88 238 129 20
573 125 577 129 ,
695 87 758 122 DE
787 86 1014 123 ORATORE

181 197 226 224 se
257 182 448 236 aequalis
475 185 518 224 et
548 182 683 238 paris3
713 182 790 237 ita,
824 182 896 237 qui
928 185 1041 224 esset
1072 182 1288 238 eloquens,
1321 197 1418 224 eum
1442 183 1525 225 vir-

181 243 296 282 tutes
329 255 475 282 omnes
512 240 669 281 habere
707 243 836 294 atque
870 255 961 282 esse
995 240 1242 294 sapientem.
1305 239 1388 282 Sed
1418 242 1524 284 haec

182 302 274 340 erat
315 299 488 353 spinosa
529 299 735 352 quaedam
783 302 826 339 et
870 299 991 340 exilis
1034 299 1171 340 oratio
1214 299 1425 354 longeque
1471 300 1523 341 ab

182 357 343 398 nostris
383 356 577 398 sensibus
617 357 888 398 abhorrebat.
951 355 1211 398 Charmadas
1249 372 1349 398 vero
1387 358 1523 399 multo

182 415 355 456 uberius
389 415 548 456 eisdem
579 415 629 456 de
661 416 787 456 rebus
819 415 1089 470 loquebatur,
1118 429 1206 456 non
1232 430 1314 469 quo
1342 416 1525 470 aperiret
1543 433 1559 459 5

183 473 441 515 sententiam
474 488 595 514 suam
631 498 680 503 —
714 473 784 515 hic
823 474 936 514 enim
974 487 1066 515 mos
1099 476 1191 514 erat
1221 474 1387 527 patrius
1419 474 1525 516 Aca-

184 532 347 573 demiae
386 531 601 573 adversari
643 546 809 586 semper
847 532 1044 573 omnibus
1082 531 1127 572 in
1164 531 1419 586 disputando
1452 550 1525 588 ——3

184 590 259 632 sed
285 604 382 631 cum
406 604 602 631 maxume
630 593 774 630 tamen
799 589 880 631 hoc
907 590 1190 645 significabat,
1221 604 1305 644 eos,
1334 590 1406 644 qui
1431 590 1524 632 rhe-

183 651 299 689 tores
330 648 654 689 nominarentur
679 651 722 689 et
749 647 820 702 qui
848 648 1012 689 dicendi
1043 651 1270 702 praecepta
1295 649 1525 703 traderent,

183 706 292 747 nihil
322 706 447 760 plane
479 709 622 747 tenere
653 720 790 759 neque
828 721 953 760 posse
986 721 1241 761 quemquam
1272 706 1524 748 facultatem
1544 725 1578 750 10

185 765 354 819 assequi
387 764 570 818 dicendi,
605 763 689 805 nisi
728 764 801 818 qui
831 764 1186 818 philosophorum
1216 765 1390 805 inventa
1421 765 1524 806 didi-

185 823 324 864 cisset.
367 822 660 876 Disputabant
685 825 835 863 contra
854 822 1001 863 diserti
1020 823 1216 864 homines
1237 822 1523 864 Athenienses

185 884 228 921 et
258 881 303 920 in
333 895 377 921 re
408 881 581 934 publica
613 880 836 933 causisque
868 881 1038 934 versati,
1068 881 1114 921 in
1145 880 1239 934 quis
1272 884 1363 922 erat
1394 881 1524 922 etiam

183 938 221 980 is
260 939 333 992 qui
369 953 505 993 nuper
542 939 703 979 Romae
740 939 840 993 fuit,
877 938 1152 980 Menedemus
1191 939 1346 993 hospes
1391 954 1520 981 meus.

186 996 267 1045 Qui
300 1012 397 1038 cum
429 997 588 1038 diceret
619 1011 710 1037 esse
745 997 957 1050 quandam
988 997 1271 1050 prudentiam,
1303 1011 1409 1051 quae
1435 1012 1524 1039 ver·
1545 1016 1577 1042 15

185 1057 352 1096 saretur
399 1055 444 1095 in
492 1055 797 1109 perspiciendis
847 1055 1086 1096 rationibus
1131 1055 1525 1097 constituendarum

185 1116 228 1154 et
265 1113 547 1168 regendarum
585 1127 726 1154 rerum
762 1113 1049 1167 publicarum,
1089 1113 1355 1154 excitabatur
1395 1114 1523 1155 homo

184 1174 408 1225 promptus
451 1174 578 1224 atque
619 1171 733 1211 omni
773 1171 991 1212 abundans
1030 1172 1223 1212 doctrina
1263 1175 1305 1212 et
1342 1173 1524 1225 quadam

184 1229 425 1270 incredibili
457 1229 663 1270 varietate
701 1243 843 1270 rerum
877 1233 1003 1283 atque
1036 1229 1167 1283 copia.
1230 1228 1378 1271 Omnis
1411 1230 1524 1271 enim

184 1287 320 1341 partis
357 1286 472 1328 illius
509 1287 644 1341 ipsius
680 1288 931 1341 prudentiae
968 1288 1171 1342 petendas
1209 1302 1300 1328 esse
1333 1303 1358 1329 a
1387 1288 1522 1342 philo·
1543 1308 1577 1332 20

186 1345 337 1399 sophia
369 1346 549 1386 docebat
580 1360 716 1399 neque
749 1360 809 1400 ea,
841 1360 948 1399 quae
981 1348 1270 1387 statuerentur
1300 1346 1346 1386 in
1376 1361 1421 1387 re
1452 1362 1526 1400 pu-

185 1404 297 1445 blica
329 1404 378 1444 de
411 1404 474 1444 dis
506 1403 835 1458 immortalibus,
867 1405 916 1445 de
943 1404 1167 1458 disciplina
1197 1404 1443 1459 iuventutis,
1474 1405 1524 1445 de

183 1462 363 1516 iustitia,
395 1462 444 1502 de
475 1462 696 1516 patientia,
726 1462 776 1503 de
808 1463 1103 1516 temperantia,
1145 1463 1194 1503 de
1226 1463 1352 1503 modo
1384 1477 1525 1503 rerum

186 1520 377 1561 omnium
409 1523 647 1574 ceteraque,
688 1520 777 1561 sine
810 1520 963 1573 quibus
997 1521 1192 1561 civitates
1225 1523 1299 1561 aut
1326 1535 1416 1561 esse
1449 1523 1523 1562 aut

184 1578 291 1618 bene
323 1581 513 1618 moratae
546 1592 637 1619 esse
668 1592 756 1618 non
786 1581 973 1632 possent,
1004 1593 1184 1631 usquam
1214 1578 1259 1618 in
1286 1592 1433 1619 eorum
1463 1579 1524 1619 in·
1544 1597 1576 1624 25

185 1636 320 1677 veniri
345 1635 513 1676 libellis.
564 1635 685 1684 Quod
711 1635 746 1676 si
773 1638 937 1676 tantam
962 1635 1049 1677 vim
1075 1651 1216 1677 rerum
1242 1636 1523 1678 maximarum

185 1696 276 1734 arte
309 1708 385 1734 sua
416 1693 618 1734 rhetorici
650 1693 713 1734 illi
747 1693 941 1734 doctores
976 1694 1370 1749 complecterentur,
1402 1709 1524 1748 quae-

184 1752 309 1793 rebat
329 1766 404 1793 cur
425 1752 474 1792 de
499 1751 730 1806 prooemiis
759 1755 802 1792 et
828 1752 877 1792 de
904 1752 1084 1806 epilogis
1112 1755 1154 1793 et
1180 1753 1229 1793 de
1255 1752 1381 1793 huius
1409 1753 1523 1794 modi

184 1809 309 1864 nugis
344 1834 399 1839 —
431 1810 491 1851 sic
523 1810 636 1850 enim
668 1809 911 1863 appellabat
944 1835 997 1839 -
1029 1810 1176 1851 referti
1208 1814 1351 1851 essent
1375 1825 1522 1852 eorum

184 1868 296 1922 libri,
327 1868 376 1909 de
403 1868 650 1909 civitatibus
678 1867 965 1921 instituendis,
996 1868 1045 1909 de
1079 1869 1311 1910 scribendis
1343 1869 1523 1924 legibus,
1541 1886 1576 1912 30

184 1926 235 1966 de
269 1926 502 1980 aequitate,
533 1926 582 1967 de
613 1926 798 1980 iustitia,
832 1926 881 1967 de
913 1926 1012 1980 fide,
1051 1926 1099 1967 de
1131 1926 1377 1981 frangendis
1410 1927 1523 1981 cupi-

185 1984 410 2038 ditatibus,
449 1984 499 2025 de
540 1984 854 2026 conformandis
892 1984 1113 2025 hominum
1150 1985 1340 2026 moribus
1378 1985 1523 2026 littera

185 2042 303 2083 nulla
326 2042 372 2082 in
398 2056 545 2083 eorum
577 2042 698 2083 libris
725 2042 998 2083 inveniretur.
1047 2042 1147 2097 Ipsa
1171 2057 1270 2084 vero
1296 2046 1523 2097 praecepta

186 2100 247 2141 sic
278 2100 454 2141 illudere
487 2101 670 2154 solebat,
706 2103 755 2141 ut
793 2100 1033 2141 ostenderet
1070 2115 1157 2142 non
1189 2101 1315 2142 modo
1347 2115 1418 2142 eos
1451 2115 1520 2142 ex-

185 2161 326 2212 pertes
359 2172 450 2199 esse
487 2158 602 2199 illius
633 2159 903 2212 prudentiae,
940 2172 1065 2211 quam
1104 2159 1187 2199 sibi
1225 2158 1522 2213 adsciscerent,
1541 2175 1574 2202 35

186 2217 260 2257 sed
290 2230 342 2257 ne
373 2216 483 2257 hanc
516 2217 685 2270 quidem
725 2216 862 2270 ipsam
893 2216 1057 2258 dicendi
1087 2217 1297 2258 rationem
1329 2231 1377 2258 ac
1408 2217 1521 2258 viam
1619 2219 1626 2225 ”

184 2288 323 2316 nosse.
386 2273 525 2329 Caput
563 2274 677 2316 enim
716 2289 806 2316 esse
839 2275 1129 2316 arbitrabatur
1162 2275 1363 2330 oratoris,
1400 2278 1448 2316 ut
1479 2278 1521 2316 et
