1643 2526
132 86 216 128 108
641 85 704 119 DE
731 83 958 119 ORATORE

133 180 210 223 Sin
242 180 298 222 sit
328 180 365 222 is
398 180 471 235 qui
502 183 546 222 et
577 179 771 221 doctrina
798 177 938 231 [mihi]
971 177 1208 219 liberaliter
1242 177 1470 219 institutus

133 243 175 280 et
207 239 350 293 aliquo
380 239 468 280 iam
504 239 696 280 imbutus
730 251 811 278 usu
843 239 886 278 et
918 236 1022 277 satis
1055 236 1142 278 acri
1172 236 1346 291 ingenio
1379 250 1470 277 esse

132 298 345 352 videatur,
386 298 489 339 illuc
530 312 628 338 eum
667 296 850 350 rapiam,
891 295 967 335 ubi
1002 309 1090 336 non
1127 294 1293 336 seclusa
1329 294 1472 348 aliqua

134 357 256 398 acula
286 359 502 411 teneatur,
541 355 615 397 sed
650 355 761 396 unde
792 353 1037 395 universum
1068 353 1227 394 fiumen
1258 355 1471 408 erumpat3

135 415 208 468 qui
238 414 303 455 illi
336 415 455 455 sedes
488 417 530 455 et
562 413 684 469 quasi
721 412 937 453 domicilia
975 411 1164 453 omnium
1202 414 1472 466 argumento-
1490 426 1507 453 5

134 488 228 514 rum
266 475 575 514 commonstret
614 475 657 513 et
693 486 743 512 63
778 470 965 511 breviter
1006 469 1208 511 inlustret
1247 469 1472 523 verbisque

66 531 321 575 163definiat.
382 531 492 580 Quid
530 530 643 572 enim
681 532 746 570 est
780 529 826 569 in
865 543 947 582 quo
990 528 1165 569 haereat
1210 528 1282 582 qui
1319 527 1474 568 viderit

136 604 277 644 omne,
319 590 432 643 quod
470 592 663 630 sumatur
693 588 739 629 in
771 587 962 628 oratione
995 590 1068 627 aut
1099 586 1367 641 probandum
1399 589 1475 627 aut

134 648 425 702 refellendum,
455 650 530 689 aut
561 662 612 688 ex
644 661 720 688 sua
753 645 863 687 sumi
893 645 936 686 vi
968 648 1094 699 atque
1124 648 1280 686 natura
1305 647 1380 686 aut
1405 644 1474 685 ad-

136 706 247 748 sumi
278 706 412 747 foris?
461 706 528 747 Ex
560 720 636 746 sua
666 704 726 759 vi,
764 718 893 758 quom
931 706 1005 745 aut
1040 718 1108 744 res
1146 717 1253 757 quae
1291 703 1349 744 sit
1378 705 1527 745 totam

137 767 367 818 quaeratur
405 767 479 805 aut
515 779 615 818 pars
653 763 742 804 eius
781 765 855 803 aut
885 762 1141 803 vocabulum
1173 761 1287 816 quod
1316 761 1475 802 habeat

137 827 211 864 aut
254 822 473 877 quippiam
512 837 603 863 rem
644 821 765 862 illam
806 820 918 874 quod
961 820 1166 875 attingat3
1210 819 1473 861 extrinsecus

137 884 292 935 autem,
333 896 430 922 cum
462 895 523 935 ea,
555 894 662 934 quae
694 881 793 919 sunt
825 878 930 919 foris
960 892 1097 932 neque
1129 878 1306 919 haerent
1336 878 1383 919 in
1412 878 1475 919 rei

67 942 300 993 164natura,
331 939 604 993 colliguntur.
668 936 713 978 81
744 951 811 978 res
842 940 937 977 tota
969 937 1198 991 quaeritur,
1229 936 1474 977 definitione

135 997 335 1038 universa
368 997 468 1049 [Vis]
502 996 752 1051 explicanda
780 998 844 1036 est
872 995 948 1037 sic:
982 994 1027 1036 Si
1059 995 1261 1036 maiestas
1294 998 1358 1036 est
1390 1010 1475 1036 am·
1496 1009 1529 1036 15

137 1056 305 1110 plitudo
339 1070 387 1097 ac
419 1055 607 1110 dignitas
640 1053 840 1108 civitatis,
869 1053 907 1094 is
934 1068 1027 1094 eam
1058 1053 1226 1108 minuit,
1258 1053 1330 1107 qui
1362 1067 1476 1094 exer-

138 1114 272 1156 citum
303 1113 501 1154 hostibus
534 1113 683 1167 populi
707 1112 893 1153 Romani
924 1111 1113 1166 tradidit,
1142 1126 1230 1153 non
1262 1112 1334 1165 qui
1367 1126 1475 1166 eum,

69 1173 210 1226 165qui
240 1172 285 1213 id
314 1172 499 1226 fecisset,
528 1170 677 1225 populi
707 1169 892 1211 Romani
923 1170 1130 1224 potestati
1161 1170 1348 1211 tradidit.
1400 1168 1477 1211 Sin

135 1245 248 1285 pars,
278 1230 510 1284 partitione
542 1230 624 1271 hoc
655 1229 799 1270 modo:
840 1228 931 1269 Aut
962 1228 1129 1269 senatui
1159 1229 1394 1282 parendum
1425 1229 1475 1269 de

138 1289 274 1330 salute
306 1289 368 1329 rei
398 1288 595 1342 publicae
626 1287 710 1328 fuit
742 1290 816 1328 aut
849 1287 963 1328 aliud
995 1286 1220 1328 consilium
1250 1286 1476 1327 instituen-
1494 1303 1529 1329 20

137 1348 237 1388 dum
275 1350 349 1388 aut
388 1361 465 1387 sua
504 1349 655 1401 sponte
690 1345 950 1400 faciendum3
994 1345 1109 1386 aliud
1147 1345 1373 1386 consilium
1410 1359 1477 1386 311-

136 1406 329 1460 perbum,
361 1420 485 1446 suum
518 1405 748 1459 adrogans3
779 1404 985 1445 utendum
1014 1403 1150 1459 igitur
1180 1403 1264 1444 fuit
1296 1403 1475 1444 consilio

138 1466 323 1505 senatus.
386 1462 432 1504 81
470 1478 521 1504 ex
557 1462 787 1516 vocabulo,
825 1465 875 1503 ut
913 1460 1070 1503 Carbo:
1116 1460 1186 1502 861
1224 1461 1373 1502 consul
1411 1464 1477 1502 est

68 1522 210 1576 issssqui
247 1522 434 1564 consulit
469 1521 652 1576 patriae,
696 1521 797 1574 quid
834 1520 949 1561 aliud
985 1519 1088 1561 fecit
1125 1519 1349 1574 Opimius?
1401 1518 1477 1561 Sin

66 1906 124 1948 40

138 1581 190 1621 ab
224 1594 273 1621 eo
307 1580 420 1633 quod
451 1594 542 1620 rem
574 1579 769 1634 attingit,
805 1579 948 1632 plures
988 1581 1087 1619 sunt
1126 1580 1475 1633 argumentorum
1495 1593 1530 1620 25

138 1639 258 1680 sedes
291 1652 338 1679 ac
369 1638 465 1678 loci.
514 1636 627 1678 Nam
653 1640 695 1678 et
721 1637 949 1678 coniuncta
974 1651 1225 1689 quaeremus
1252 1640 1295 1677 et
1321 1650 1477 1691 genera

138 1700 181 1738 et
213 1696 348 1750 partis
382 1696 608 1751 generibus
642 1695 855 1736 subiectas
889 1697 931 1735 et
963 1694 1262 1735 similitudines
1289 1697 1332 1735 et
1357 1694 1478 1736 dissi-

140 1754 403 1795 militudines
430 1757 473 1795 et
499 1753 714 1795 contraria
739 1756 781 1794 et
807 1753 1111 1807 consequentia
1131 1755 1172 1794 et
1194 1755 1478 1794 consentanea

139 1816 181 1854 et
208 1813 329 1866 quasi
360 1812 680 1866 praecurrentia
712 1815 754 1852 et
782 1811 1067 1866 repugnantia
1093 1813 1135 1852 et
1161 1825 1309 1852 causas
1335 1826 1476 1852 rerum

137 1870 448 1926 vestigabimus
475 1873 518 1911 et
544 1885 593 1911 ea
619 1884 726 1924 quae
753 1884 803 1911 ex
829 1869 967 1911 causis
1001 1872 1095 1910 orta
1126 1869 1212 1910 sint
1243 1872 1286 1910 et
1314 1869 1477 1911 maiora
1495 1886 1532 1912 so

137 1929 258 1984 paria
283 1929 449 1970 minora
476 1943 740 1982 quaeremus.
788 1928 855 1969 Ex
881 1927 1119 1969 coniunctis
1146 1928 1206 1969 sic
1226 1931 1479 1982 argumenta

70 1976 368 2029 167ducuntur:
402 1987 447 2028 81
471 1987 624 2041 pietati
651 2001 817 2027 summa
841 1986 1068 2027 tribuenda
1092 1986 1186 2027 laus
1212 1989 1289 2040 est,
1314 1986 1477 2027 debetis

139 2046 318 2099 moveri,
362 2059 490 2098 quom
529 2045 575 2094 Q.
607 2044 830 2086 Metellum
870 2047 959 2085 tam
995 2044 1064 2098 pie
1101 2044 1248 2099 lugere
1285 2044 1477 2086 videatis.

138 2104 206 2145 Ex
245 2118 397 2159 genere
435 2106 595 2144 autem:
642 2102 687 2144 81
725 2103 1003 2157 magistratus
1037 2102 1083 2143 in
1112 2102 1261 2157 populi
1292 2102 1478 2145 Romani

139 2177 230 2204 esse
261 2164 476 2216 potestate
509 2162 684 2216 debent,
715 2161 816 2216 quid
846 2160 1100 2202 Norbanum
1133 2176 1324 2216 accusas,
1356 2160 1475 2202 cuius
1495 2176 1532 2202 35

70 2221 385 2264 168tribunatus
416 2220 629 2261 voluntati
660 2219 804 2274 paruit
836 2219 1052 2260 civitatis?
1084 2219 1151 2260 Ex
1181 2222 1303 2274 parte
1335 2222 1477 2260 autem

139 2294 188 2321 ea
214 2293 321 2334 quae
347 2281 412 2320 est
438 2277 631 2319 subiecta
658 2277 820 2333 generi:
853 2276 899 2318 81
926 2291 1071 2318 omnes
1099 2277 1171 2332 qui
1196 2277 1258 2319 rei
1281 2277 1478 2332 publicae
