1643 2526
475 114 575 151 CAP.
603 117 752 150 30-31.
791 117 810 157 ς
838 118 1034 150 104-111.
1339 113 1420 154 341

83 226 182 253 non
214 214 419 266 queant,
450 210 524 252 ita
555 210 860 263 moriuntur,
890 212 945 250 ut
977 223 1147 250 eorum
1180 223 1297 251 ossa
1327 212 1426 251 ter-

84 285 187 311 ram
228 284 327 311 11011
363 272 601 324 tangant,
643 269 717 310 ita
753 268 1016 310 iactantur
1056 267 1329 323 fluctibus,
1371 270 1426 308 ut

83 343 352 383 numquam
396 328 679 382 alluantur3
726 327 800 368 ita
842 329 1102 381 postremo
1148 326 1426 380 eiciuntur,

85 390 139 428 ut
169 401 227 428 ne
260 387 318 428 ad
350 401 469 428 saxa
500 386 699 440 quidem
731 385 920 427 mortui
958 385 1344 439 conquiescant,
1381 387 1425 426 et

50 462 66 487 5
86 460 192 499 quae
231 448 450 500 secuntur,
493 447 592 486 sunt
630 444 743 485 0111111
783 443 927 485 01111113
958 443 1018 485 310
1049 446 1098 484 ut
1140 443 1424 485 adulescentis

83 518 170 544 non
206 507 296 544 tam
326 518 371 544 re
403 506 445 544 et
482 502 730 544 maturitate
769 517 897 556 quam
934 516 1008 556 spe
1046 505 1089 542 et
1127 501 1424 556 expectatione

84 562 258 603 laudati.
307 561 376 602 Ab
408 561 488 603 hac
520 561 650 602 etiam
680 561 821 602 indole
847 561 933 602 iam
964 560 1039 601 illa
1070 563 1256 601 matura:
1288 559 1425 601 Uxor

86 620 279 676 generi,
309 634 527 662 noverca
556 619 681 673 filii,
709 619 856 660 filiae
887 619 1076 674 paelex.
1120 617 1210 660 Nec
1230 632 1330 659 vero
1356 618 1495 660 hic108

86 681 177 720 erat
207 693 316 720 unus
350 679 476 719 ardor
505 679 551 719 in
579 678 718 732 nobis,
749 681 797 719 ut
827 678 909 719 hoc
942 677 1068 718 modo
1103 677 1246 718 omnia
1272 677 1428 718 dicere-

34 755 66 780 10
86 752 193 778 mus.
241 736 343 791 Ipsa
367 737 480 778 enim
505 737 580 778 illa
607 738 701 791 [pro
721 736 897 788 Roscio]
923 735 1122 777 iuvenilis
1145 735 1428 777 redundantia

85 795 222 836 multa
245 795 377 836 habet
402 798 635 849 attenuata,
668 795 875 848 quaedam
900 794 1030 835 etiam
1054 794 1183 848 paulo
1208 794 1429 848 hilariora,

85 857 134 895 ut
152 868 230 908 pro
249 853 426 908 Habito,
450 847 528 908 pro
549 853 746 895 Cornelio
774 853 1096 907 compluresque
1123 852 1242 893 aliae.
1286 851 1426 893 Nemo

86 912 199 954 0111111
243 915 388 953 orator
431 915 521 953 tam
564 911 700 953 multa
739 925 792 952 ne
829 911 875 952 in
914 910 1076 952 Graeco
1120 911 1292 965 quidem
1337 910 1426 951 otio

87 970 275 1025 scripsit,
313 985 441 1024 quam
471 970 608 1011 multa
639 972 738 1011 sunt
768 972 934 1024 nostra,
971 984 1103 1023 eaque
1140 969 1251 1010 hanc
1287 969 1427 1023 ipsam

35 1048 68 1073 15
86 1029 247 1070 habent
291 1043 417 1082 quam
466 1029 602 1083 probo
652 1028 914 1070 varietatem.
987 1028 1057 1068 An
1100 1041 1180 1083 ego
1224 1027 1428 1081 Homero,

86 1087 241 1142 Ennio,
276 1087 452 1141 reliquis
483 1087 622 1141 poetis
655 1090 698 1128 et
729 1086 913 1127 maxime
945 1086 1121 1141 tragicis
1154 1086 1428 1127 concederem

86 1149 135 1187 ut
159 1160 212 1187 110
244 1145 442 1187 011111111113
473 1145 578 1186 10013
611 1145 758 1186 eadem
789 1144 1063 1186 contentione
1095 1147 1318 1185 uterentur
1345 1158 1430 1185 cre-

85 1205 249 1258 broque
279 1206 508 1258 mutarent,
536 1217 624 1244 non
653 1217 888 1257 numquam
919 1203 1050 1244 etiam
1082 1203 1134 1244 ad
1165 1202 1429 1244 cotidianum

89 1277 222 1318 genus
272 1262 480 1304 sermonis
530 1262 795 1303 accederent:
844 1262 936 1316 ipse
978 1276 1213 1315 numquam
1257 1261 1310 1302 ab
1353 1260 1430 1302 illa

37 1341 70 1366 20
91 1320 298 1362 acerrima
346 1321 619 1362 contentione
669 1319 956 1361 discederem?
1008 1318 1089 1361 Sed
1134 1319 1235 1374 quid
1277 1322 1427 1373 poetas

89 1379 232 1420 divino
257 1379 430 1433 ingenio
456 1377 656 1433 profero?
688 1377 934 1419 Histriones
966 1392 1037 1419 eos
1063 1377 1247 1419 vidimus
1274 1377 1429 1431 quibus

87 1438 196 1478 nihil
226 1440 372 1492 posset
402 1437 448 1477 in
480 1450 556 1477 suo
590 1451 742 1491 genere
774 1451 864 1477 esse
896 1436 1200 1490 praestantius,
1240 1436 1312 1490 qui
1342 1449 1431 1476 non

90 1496 229 1537 solum
264 1495 311 1536 in
348 1494 643 1536 dissimillimis
681 1494 875 1549 personis
914 1495 1018 1535 satis
1055 1494 1289 1548 faciebant,
1332 1508 1429 1535 cum

89 1558 234 1596 tamen
269 1554 316 1594 in
354 1553 442 1594 suis
479 1556 768 1608 versarentur,
806 1553 878 1594 sed
916 1556 958 1594 et
990 1553 1241 1594 comoedum
1270 1552 1317 1592 in
1347 1555 1430 1593 tra-

37 1627 70 1653 25
92 1612 254 1668 goediis
286 1614 330 1653 et
359 1612 613 1667 tragoedum
647 1611 693 1652 in
730 1611 960 1653 comoediis
999 1611 1227 1652 admodum
1262 1611 1429 1665 placere

90 1671 290 1712 vidimus:
322 1684 402 1726 ego
432 1684 521 1711 non
552 1669 796 1711 elaborem?
833 1668 941 1711 Cum
967 1669 1060 1711 dico
1087 1684 1167 1723 me,
1198 1672 1253 1723 te,
1284 1669 1500 1723 Brute,110

91 1729 204 1779 dico3
253 1743 353 1770 nam
389 1728 435 1769 in
471 1743 539 1769 me
577 1728 747 1782 quidem
789 1728 877 1769 iam
918 1728 1083 1782 pridem
1126 1728 1325 1769 effectum
1365 1730 1432 1768 est

1441 1004 1495 1045 31

1434 1073 1496 1103 109

93 1787 205 1841 quod
247 1787 442 1828 futurum
484 1786 585 1841 fuit,
633 1789 682 1828 tu
725 1790 868 1827 autem
914 1787 1063 1827 eodem
1112 1786 1239 1827 modo
1291 1785 1430 1826 omnis

93 1859 242 1887 causas
275 1845 405 1899 ages?
438 1848 512 1886 aut
539 1845 713 1898 aliquod
739 1859 963 1886 causarum
991 1859 1124 1900 genus
1155 1843 1430 1898 repudiabis?

39 1920 73 1945 30
93 1906 167 1944 aut
203 1903 249 1943 in
284 1903 419 1944 isdem
457 1903 596 1944 causis
638 1906 893 1957 perpetuum
930 1906 973 1944 et
1010 1903 1190 1943 eundem
1231 1902 1431 1956 spiritum

93 1962 182 2002 sine
214 1961 302 2002 ulla
333 1961 666 2002 commutatione
702 1961 947 2002 obtinebis?
996 1960 1308 2002 Demosthenes
1341 1960 1431 2014 qui-

92 2020 200 2074 dem,
231 2019 350 2060 cuius
374 2033 510 2073 nuper
533 2019 646 2060 inter
670 2019 879 2074 imagines
906 2021 1003 2060 tuas
1024 2033 1072 2060 ac
1098 2022 1282 2071 tuorum,
1316 2018 1430 2072 quod

92 2092 188 2119 eum
214 2077 338 2119 credo
365 2091 542 2132 amares,
567 2092 663 2119 cum
690 2078 743 2118 ad
767 2080 810 2118 te
834 2077 881 2118 in
899 2077 1188 2119 Tusculanum
1206 2076 1431 2129 venissem,

90 2136 323 2191 imaginem
343 2149 394 2176 ex
413 2149 508 2176 aere
527 2135 626 2189 vidi,
649 2135 711 2176 m‘l
731 2135 884 2189 Lysiae
910 2136 1150 2177 subtilitate
1174 2135 1297 2188 cedit,
1321 2134 1431 2175 nihil

38 2210 72 2236 35
93 2194 273 2249 argutiis
306 2196 350 2234 et
384 2193 576 2234 acumine
607 2193 827 2248 Hyperidi,
856 2194 918 2234 nil
949 2194 1123 2235 levitate
1152 2192 1356 2234 Aeschini
1388 2194 1430 2232 et

92 2253 314 2306 splendore
339 2251 578 2293 verborum.
627 2251 789 2293 Multae
815 2255 916 2293 sunt
941 2252 1031 2293 eius
1062 2255 1180 2293 totae
1214 2250 1497 2291 orationes111

92 2310 286 2364 subtiles,
315 2313 364 2351 ut
396 2312 545 2351 contra
575 2308 804 2364 Leptinen,
843 2310 1005 2352 multae
1037 2313 1154 2351 totae
1188 2322 1349 2364 graves,
1381 2309 1430 2347 ut
