1643 2526
162 101 249 142 410
520 99 837 135 PARTITIONES
864 99 1140 135 ORATORIAE

93 208 135 238 87
167 196 344 251 copiae]
406 196 570 237 Eorum
602 197 777 250 autems,
809 210 915 249 quae
945 198 1121 249 propter
1147 209 1191 236 se
1217 198 1502 251 expetuntur,]

163 255 322 309 partim
353 254 579 295 honestate
617 253 711 307 ipsa
740 253 898 308 partim
930 253 1231 295 commoditate
1263 254 1407 308 aliqua
1437 269 1504 295 ex-

163 316 385 367 petuntur,
434 312 659 353 honestate
704 326 770 366 ea,
816 326 922 365 quae
965 311 1294 366 proficiscuntur
1337 313 1390 353 ab
1433 312 1501 354 his

163 371 416 424 virtutibus,
460 370 509 411 de
548 369 701 424 quibus
739 370 868 424 paulo
906 373 1003 411 ante
1038 372 1138 422 [est]
1172 370 1351 425 dictum,
1395 385 1502 425 quae

165 433 263 470 sunt
295 428 527 470 laudabilia
557 428 652 483 ipsa
676 443 752 482 per
778 443 886 482 sese,
919 428 1222 469 commoditate
1255 432 1398 470 autem
1429 429 1502 470 ali-

165 502 265 542 qua,
302 501 409 540 quae
442 490 541 528 sunt
572 487 617 527 in
649 487 839 541 corporis
872 490 946 527 aut
977 487 1022 527 in
1053 487 1248 528 fortunae
1279 487 1404 528 bonis
1436 502 1503 528 ex-

162 547 356 600 petenda.
391 545 582 594 Quorum
604 545 687 586 alia
707 548 806 586 sunt
821 545 942 599 quasi
963 545 1144 598 quadam
1162 560 1256 586 cum
1277 545 1502 587 honestate

164 605 408 654 coniuncta,
441 607 488 644 ut
519 603 676 658 honos,
705 606 753 644 ut
786 603 939 658 gloria,
983 603 1067 644 alia
1098 604 1280 658 diversa,
1311 607 1360 644 ut
1390 603 1501 645 vires

163 662 301 704 forma
338 662 555 716 valetudo,
592 665 640 702 ut
675 662 880 702 nobilitas
918 661 1091 702 divitiae
1129 662 1360 703 clientelae.
1421 662 1502 703 Est

165 721 294 762 etiam
316 721 523 775 quaedam
549 720 671 773 quasi
697 720 896 761 materies
923 720 1116 761 subiecta
1140 720 1369 775 honestati,
1395 735 1502 774 quae

164 780 347 821 maxime
380 780 599 833 spectatur
630 778 675 818 in
701 778 913 819 amicitiis.
963 778 1192 819 Amicitiae
1225 781 1367 819 autem
1399 779 1503 820 cari-

164 841 252 878 tate
297 840 339 878 et
390 851 532 878 amore
584 839 825 877 cernuntur.
895 835 1008 877 Nam
1052 851 1147 877 cum
1192 837 1365 877 deorum
1408 840 1503 878 tum

162 899 389 950 parentum
426 895 674 949 patriaeque
713 895 851 935 cultus
885 908 1115 948 eorumque
1152 894 1392 949 hominum,
1430 895 1503 949 qui

164 958 237 995 aut
277 954 486 1008 sapientia
524 957 599 994 aut
637 953 789 1007 opibus
828 953 1057 1006 excellunt,
1100 953 1151 993 ad
1189 953 1411 994 caritatem
1442 968 1503 994 re-

163 1012 265 1053 ferri
298 1013 447 1053 solent.
509 1010 724 1066 Coniuges
767 1014 908 1052 autem
949 1014 991 1052 et
1028 1011 1151 1052 liberi
1191 1014 1233 1052 et
1267 1012 1421 1053 fratres
1460 1014 1502 1052 et

165 1071 255 1125 alii,
293 1085 397 1124 quos
435 1085 537 1111 usus
575 1070 929 1123 familiaritasque
968 1070 1206 1124 coniunxit,
1244 1084 1501 1124 quamquam

164 1129 293 1170 etiam
326 1129 504 1170 caritate
535 1129 641 1182 ipsa,
671 1131 815 1169 tamen
840 1143 983 1168 amore
1009 1128 1191 1168 maxime
1218 1129 1501 1169 continentur.

163 1187 214 1228 In
239 1187 306 1227 his
337 1187 471 1241 igitur
499 1187 625 1227 rebus
653 1201 748 1227 611111
774 1187 887 1227 bona
913 1186 1012 1240 sint,
1043 1186 1165 1227 facile
1192 1189 1257 1226 est
1281 1186 1502 1228 intellectu

93 1256 135 1285 811
165 1260 270 1299 quae
311 1246 396 1285 sint
435 1245 658 1286 contraria.
722 1244 843 1292 Quod
881 1245 916 1285 si
956 1259 1120 1298 semper
1159 1244 1321 1298 optima
1357 1248 1501 1285 tenere

163 1318 403 1358 possemus,
444 1303 558 1343 haud
597 1317 714 1357 sane,
753 1303 953 1356 quoniam
992 1303 1160 1355 quidem
1199 1317 1247 1343 ea
1277 1303 1503 1356 perspicua

165 1366 276 1416 sunt,
302 1361 480 1403 consilio
502 1362 686 1402 multum.
706 1375 937 1415 egeremus.
988 1360 1070 1401 Sed
1099 1360 1198 1414 quia
1223 1361 1503 1415 temporibus,

165 1435 271 1475 quae
292 1420 378 1461 vim
404 1420 565 1460 liabent
591 1419 833 1474 maximam,
857 1433 1059 1473 persaepe
1087 1419 1238 1473 evenit,
1263 1422 1311 1459 ut
1335 1419 1501 1460 utilitas

165 1494 261 1520 611111
292 1478 518 1519 honestate
551 1481 697 1531 certet,
737 1492 964 1531 earumque
995 1492 1137 1518 rerum
1170 1477 1386 1518 contentio
1418 1477 1503 1531 ple-

164 1551 342 1590 rumque
375 1537 702 1577 deliberationes
735 1536 879 1590 efficit,
912 1550 964 1576 ne
991 1539 1065 1576 aut
1091 1538 1302 1589 oportuna
1325 1537 1502 1589 propter

165 1596 419 1650 dignitatem
441 1599 513 1635 aut
539 1595 719 1635 honesta
743 1597 919 1648 propter
943 1594 1176 1634 utilitatem
1195 1594 1503 1647 relinquantur,

165 1654 216 1694 ad
242 1653 351 1694 hanc
377 1653 674 1694 difficultatem
694 1652 984 1706 explicandam
1010 1655 1238 1706 praecepta
1255 1652 1500 1692 referamus.

93 1722 136 1751 90
162 1711 221 1752 Et
259 1711 459 1765 quoniam
496 1725 584 1751 non
621 1710 673 1751 ad
709 1710 933 1750 veritatem
971 1710 1127 1763 solum,
1171 1710 1244 1750 sed
1281 1709 1411 1750 etiam
1450 1710 1502 1750 ad

166 1769 387 1823 opiniones
407 1783 567 1822 eorum,
587 1768 659 1822 qui
680 1768 868 1821 audiunt,
888 1768 1247 1809 accommodanda
1266 1771 1330 1809 est
1353 1768 1502 1822 oratio,

163 1828 243 1868 1106
276 1828 461 1881 primum
491 1827 805 1881 intellegamus,
841 1826 1063 1866 hominum
1095 1841 1186 1867 esse
1219 1826 1301 1867 duo
1335 1840 1502 1881 genera,

165 1886 348 1926 alterum
384 1886 605 1926 indoctum
642 1888 684 1925 et
719 1887 905 1939 agreste,
944 1884 1056 1938 quod
1093 1883 1303 1925 anteferat
1335 1899 1501 1938 semper

93 640 149 679 Ξῖ)

93 708 136 738 88

1523 739 1555 763 10

1522 1029 1554 1055 15

1521 1320 1555 1346 20

1522 1611 1554 1635 25

1520 1901 1553 1926 30

163 1944 398 1984 utilitatem
440 1943 677 1997 honestati,
707 1941 901 1990 {alterum
944 1942 1178 1983 humanum
1222 1945 1264 1983 et
1306 1942 1539 2010 politum&

165 2002 278 2055 quod
322 2002 448 2042 rebus
494 2002 691 2042 omnibus
734 2001 989 2056 dignitatem
1033 1988 1315 2055 anteponat]
1350 2000 1501 2054 Itaque

163 2060 262 2101 huic
295 2059 440 2114 generi
478 2060 569 2100 laus
610 2060 746 2100 honos
780 2059 917 2114 gloria
947 2059 1051 2099 fides
1083 2058 1250 2100 iustitia
1281 2058 1501 2111 omnisque

163 2118 313 2172 virtus,
342 2118 428 2158 illis
457 2120 600 2158 autem
627 2117 771 2158 alteris
799 2120 999 2170 quaestus
1034 2118 1368 2158 emolumentum
1392 2116 1503 2157 fruc-

164 2179 318 2230 tusque
337 2176 602 2230 proponitur.
646 2175 790 2229 Atque
811 2175 940 2216 etiam
961 2176 1171 2230 voluptas,
1191 2189 1297 2228 quae
1317 2174 1500 2216 maxime
1519 2191 1553 2216 35

163 2238 228 2275 est
254 2234 428 2275 inimica
453 2234 603 2275 virtuti
628 2234 814 2286 bonique
839 2236 1038 2274 naturam
1063 2233 1275 2274 fallaciter
1293 2232 1500 2273 imitando

164 2293 389 2347 adulterat,
422 2307 548 2346 quam
579 2291 898 2332 inmanissimus
932 2291 1110 2344 quisque
1137 2290 1339 2332 acerrime
1366 2290 1504 2344 sequi-
