1643 2526
518 100 618 135 CAP.
646 102 794 135 24—25.
845 103 864 141 ἓ
893 101 1041 134 78-85.
1362 98 1448 140 335

223 196 341 251 Ergo
372 195 444 236 ille
477 195 617 237 tenuis
650 197 809 249 orator,
837 194 964 236 modo
995 193 1051 235 sit
1076 193 1262 248 elegans,
1292 207 1370 235 nec
1402 194 1448 235 in

106 254 311 296 faciendis
349 253 489 295 verbis
528 253 609 294 erit
650 253 786 294 audax
822 255 865 294 et
901 253 947 294 in
991 252 1296 293 transferendis
1334 266 1448 293 vere-

109 313 268 355 cundus
301 315 344 353 et
374 327 527 366 parcus
560 315 602 353 et
631 311 677 352 in
707 311 858 366 priscis
891 310 1150 364 reliquisque
1183 311 1446 351 ornamentis

109 375 152 413 et
176 371 404 412 verborum
430 374 472 412 et
499 370 805 411 sententiarum
831 369 1073 424 demissior3
1103 369 1331 410 tralatione
1363 369 1447 410 for-

74 448 89 472 5
109 433 223 471 tasse
249 429 449 483 crebrior,
480 443 564 482 qua
590 428 935 482 frequentissime
967 441 1106 469 sermo
1140 427 1278 469 omnis
1310 427 1447 468 utitur

107 503 194 529 non
219 488 345 529 modo
369 488 643 542 urbanorum,
670 487 741 528 sed
762 486 892 528 etiam
911 486 1186 528 rusticorum:
1220 486 1256 527 si
1277 486 1446 539 quidem

108 550 172 587 est
210 561 357 587 eorum
395 560 644 601 gemmare
682 545 831 599 vites,
875 545 1025 586 sitire
1070 558 1239 599 agros,
1281 544 1445 585 laetas

108 619 216 646 esse
250 607 470 660 segetes,
510 603 773 645 luxuriosa
810 603 1075 644 frumenta.
1138 602 1259 643 Nihil
1290 602 1444 644 horum

106 678 258 717 parum
284 664 497 717 audacter,
523 663 595 703 sed
620 665 693 703 aut
721 662 858 703 simile
886 664 950 703 est
974 661 1038 702 1111
1065 661 1175 702 unde
1201 661 1447 716 transferas,

56 741 88 765 10
109 724 182 762 aut
215 722 250 762 si
282 736 348 762 res
381 736 505 762 suum
535 721 700 762 nullum
737 720 868 762 habet
897 735 1072 774 nomen,
1109 720 1286 761 docendi
1318 734 1447 761 causa

108 783 338 834 sumptum,
376 794 463 820 non
494 779 665 820 ludendi
696 779 874 820 videtur.
935 778 1030 820 Hoc
1063 780 1313 819 ornamento
1345 778 1448 819 libe-

106 838 194 879 rius
232 838 360 892 paulo
399 853 526 891 quam
567 837 718 879 ceteris
760 839 904 878 utetur
942 837 1013 878 hic
1055 836 1306 877 summissus
1316 870 1327 890 ,
1368 851 1446 877 nec

106 900 196 937 tam
228 897 405 937 licenter
437 899 599 950 tamen,
639 911 766 949 quam
799 895 834 936 si
866 909 1019 950 genere
1059 895 1224 936 dicendi
1255 897 1448 935 uteretur

1471 614 1514 645 82

107 955 389 1009 amplissimo,
430 954 576 1008 itaque
622 954 728 995 illud
766 954 1032 1008 indecorum,
1072 953 1186 1007 quod
1227 953 1349 1007 quale
1391 953 1447 994 sit
1461 954 1517 995 25

55 1032 87 1058 15
107 1028 157 1054 ex
196 1014 348 1054 decoro
387 1013 511 1053 debet
548 1012 761 1067 intellegi,
803 1012 872 1053 hic
913 1026 1080 1066 quoque
1120 1014 1312 1066 apparet,
1351 1026 1446 1053 cum

108 1072 283 1112 verbum
328 1071 500 1125 aliquod
544 1071 672 1112 altius
714 1070 969 1112 transfertur
1006 1070 1132 1124 idque
1169 1070 1215 1110 in
1253 1069 1446 1111 oratione

106 1129 259 1170 humili
284 1130 459 1183 ponitur
485 1130 598 1183 quod
622 1129 735 1170 idem
760 1129 806 1169 in
827 1129 910 1170 alia
930 1129 1107 1169 deceret.
1151 1128 1277 1169 Illam
1303 1131 1446 1169 autem

1473 1139 1516 1170 83

107 1188 451 1242 concinnitatem,
471 1202 578 1241 quae
599 1188 827 1228 verborum
854 1186 1194 1229 conlocationem
1218 1186 1447 1228 inluminat
1500 1206 1507 1209 ·

106 1246 159 1287 iis
197 1246 431 1287 luminibus
469 1261 576 1300 quae
616 1245 767 1287 Graeci
805 1246 927 1299 quasi
966 1245 1132 1299 aliquos
1172 1247 1318 1300 gestus
1359 1260 1448 1286 ora-

54 1321 86 1345 20
106 1304 236 1345 tionis
282 1306 474 1358 σχήματα
513 1304 747 1358 appellant,
790 1305 904 1358 quod
941 1304 1054 1345 idem
1091 1304 1268 1344 verbum
1308 1303 1360 1344 ab
1393 1303 1446 1344 iis

107 1363 238 1404 etiam
269 1363 314 1403 in
346 1363 654 1404 sententiarum
688 1365 937 1403 ornamenta
968 1361 1238 1416 transfertur,
1273 1361 1447 1402 adhibet

108 1421 279 1475 quidem
310 1421 379 1462 hic
412 1421 596 1474 subtilis,
637 1435 763 1474 quem
792 1420 878 1461 nisi
911 1420 1024 1474 quod
1057 1420 1196 1461 solum
1228 1420 1447 1473 ceteroqui

107 1482 220 1520 recte
248 1479 421 1533 quidam
446 1482 600 1520 vocant
626 1478 834 1533 Atticum,
866 1479 939 1520 sed
969 1479 1097 1532 paulo
1129 1477 1317 1532 parcius3
1348 1492 1448 1519 nam

108 1538 168 1579 sic
200 1541 248 1578 ut
273 1538 317 1578 in
350 1538 570 1591 epularum
603 1540 810 1591 apparatu
843 1551 867 1577 a
898 1536 1217 1591 magnificentia
1248 1537 1446 1577 recedens

55 1613 86 1637 25
106 1610 194 1636 non
220 1610 264 1637 se
289 1611 465 1650 parcum
492 1596 630 1636 solum
657 1595 878 1636 sedetiam
899 1595 1138 1649 elegantem
1162 1594 1296 1635 videri
1322 1594 1448 1649 volet,

107 1654 237 1708 eliget
275 1655 431 1708 quibus
470 1657 634 1708 utatur,
679 1656 779 1694 simt
811 1653 923 1694 enim
954 1653 1156 1707 pleraque
1189 1656 1289 1707 apta
1319 1652 1446 1693 huius

106 1712 240 1766 ipsius
268 1712 464 1766 oratoris,
496 1713 544 1753 de
572 1726 655 1765 quo
682 1713 846 1766 loquor,
876 1711 1173 1765 parsimoniae.
1223 1710 1337 1752 Nam
1361 1711 1448 1766 illa,

109 1771 158 1811 de
191 1770 346 1824 quibus
379 1774 477 1811 ante
510 1770 609 1823 dixi,
640 1770 738 1812 huic
772 1773 897 1811 acuto
930 1770 1134 1824 fugienda
1165 1772 1283 1810 sunt:
1327 1769 1448 1823 paria

107 1829 282 1883 paribus
322 1829 457 1869 relata
497 1831 539 1869 et
578 1828 775 1869 similiter
813 1828 1013 1870 conclusa
1051 1828 1282 1881 eodemque
1319 1831 1446 1881 pacto

55 1904 89 1929 30
109 1887 304 1928 cadentia
329 1889 371 1928 et
394 1886 694 1927 immutatione
727 1887 896 1928 litterae
923 1886 1046 1939 quasi
1073 1886 1290 1939 quaesitae
1323 1900 1449 1926 venu-

108 1948 254 1998 states,
283 1959 336 1985 ne
363 1945 582 1985 elaborata
608 1944 872 1986 concinnitas
906 1947 948 1985 et
974 1944 1186 1998 quoddam
1218 1944 1447 1997 aucupium

107 2003 403 2044 delectationis
444 2003 671 2044 manifesto
714 2002 1023 2056 deprehensum
1061 2005 1282 2056 appareat3
1325 2002 1448 2043 item-

108 2076 187 2115 que
209 2061 245 2102 si
265 2075 372 2114 quae
391 2061 618 2102 verborum
643 2061 892 2102 iterationes
919 2061 1238 2102 contentionem
1258 2060 1447 2114 aliquam

108 2123 150 2161 et
175 2120 405 2160 clamorem
436 2119 664 2173 requirent,
696 2122 819 2160 erunt
845 2119 897 2160 ab
923 2119 1003 2160 hac
1030 2118 1329 2160 summissione
1357 2133 1447 2158 ora-

54 2178 238 2220 3513101118
272 2177 451 2231 alienae,
484 2177 634 2218 ceteris
663 2178 903 2231 promiscue
934 2177 1095 2231 poterit
1120 2177 1196 2232 uti,
1228 2176 1447 2217 continua-

107 2236 268 2277 tionem
306 2236 533 2277 verborum
570 2235 695 2276 modo
736 2235 897 2277 relaxet
938 2238 979 2276 et
1018 2235 1178 2276 dividat
1215 2237 1444 2286 utaturque

106 2294 245 2335 verbis
279 2308 407 2349 quam
439 2292 752 2348 usitatissimis,
788 2293 1092 2335 tralationibus
1126 2307 1254 2348 quam
1286 2291 1446 2332 mollis-

1473 1664 1518 1695 84

1472 2012 1516 2043 85
