1643 2526
139 526 183 557 46

145 959 197 999 15

141 1027 185 1058 47

142 1459 186 1490 48

140 1924 185 1956 49

140 2215 185 2246 50

207 130 293 171 326
779 128 972 164 ORATOR

209 225 332 279 quale
362 225 431 280 sit,
461 224 566 266 recti
592 224 795 279 pravique
820 224 1034 278 partibus3
1066 223 1221 277 quibus
1247 225 1296 264 ut
1321 222 1385 263 uti
1410 222 1548 277 possit

210 286 366 337 orator,
401 297 489 324 non
518 283 589 323 ille
620 282 809 338 vulgaris
843 282 916 324 sed
946 281 1016 324 hic
1048 281 1270 336 excellens,
1308 296 1332 322 a
1362 280 1547 335 propriis

207 341 402 396 personis
433 344 477 383 et
507 341 774 395 temporibus
807 355 985 395 semper,
1016 339 1053 381 si
1083 343 1239 394 potest,
1270 341 1422 381 avocat
1453 353 1548 381 con-

208 399 478 453 troversiam,
510 399 639 440 latius
672 399 786 440 enim
812 399 861 440 de
895 413 1048 454 genere
1081 413 1208 452 quam
1239 398 1290 439 de
1321 400 1442 452 parte
1467 397 1549 438 dis-

209 461 379 512 ceptare
409 458 523 512 licet,
554 461 603 499 ut
633 458 747 512 quod
778 458 823 498 in
854 457 1053 498 universo
1086 456 1143 498 sit
1174 456 1405 511 probatum
1434 455 1479 496 id
1502 455 1548 496 in
1585 471 1601 496 5

209 519 330 570 parte
352 516 408 557 sit
427 516 600 571 probari
619 530 808 571 necesse3
840 540 894 545 —-
920 515 1025 557 haec
1044 514 1178 570 igitur
1199 514 1392 568 quaestio
1413 529 1437 555 a
1455 528 1549 568 pro-

210 574 315 628 priis
347 575 541 629 personis
580 578 622 616 et
658 574 924 628 temporibus
958 574 1010 615 ad
1041 573 1228 615 universi
1260 572 1426 628 generis
1460 586 1550 613 ora-

211 633 374 674 tionem
405 634 603 674 traducta
635 633 874 687 appellatur
908 630 1039 681 θέσις.
1100 632 1151 673 111
1181 631 1262 672 1166
1292 630 1549 672 Aristoteles

211 691 494 733 adulescentis
537 705 624 732 non
668 692 719 732 ad
762 690 1117 745 philosophorum
1160 704 1323 732 morem
1365 689 1551 730 tenuiter

211 749 456 804 disserendi,
481 750 554 791 sed
574 750 626 790 ad
641 749 807 803 copiam
821 749 1041 790 rhetorum
1061 748 1106 789 in
1125 751 1348 802 utramque
1371 750 1550 802 partem,
1570 763 1603 788 10

211 811 259 848 ut
291 808 483 849 ornatius
516 811 558 848 et
588 808 760 848 uberius
793 807 875 848 dici
912 807 1067 861 possit,
1106 806 1311 860 exercuit,
1352 806 1549 859 idemque
1642 803 1643 807 ¹

210 866 328 907 locos
370 891 419 895 -—
462 866 521 907 sic
561 866 673 906 enim
714 866 902 919 appellat
938 890 996 895 —
1034 865 1156 919 quasi
1200 867 1550 920 argumentorum

210 927 336 965 notas
375 924 571 978 tradidit,
607 924 717 965 unde
757 924 894 965 omnis
925 924 971 964 in
1001 927 1227 976 utramque
1264 926 1431 977 partem
1467 925 1551 963 tra-

211 983 384 1023 heretur
416 983 565 1024 oratio.
627 982 775 1024 Faciet
805 982 941 1037 igitur
972 982 1041 1023 hic
1072 985 1219 1023 noster
1246 1005 1300 1011 —
1325 995 1413 1022 non
1437 980 1550 1021 enim

212 1041 542 1082 declamatorem
580 1041 765 1094 aliquem
807 1041 856 1081 de
893 1040 993 1081 ludo
1033 1043 1106 1081 aut
1137 1040 1331 1080 rabulam
1363 1040 1412 1081 de
1444 1039 1551 1093 foro,
1572 1054 1603 1080 15

213 1099 285 1140 sed
318 1099 614 1141 doctissimum
646 1102 688 1140 et
719 1098 1079 1153 perfectissimum
1112 1098 1354 1151 quaerimus
1388 1122 1454 1151 --,
1490 1100 1551 1151 ut,

213 1158 415 1210 quoniam
446 1157 530 1198 1061
562 1157 667 1198 certi
699 1157 938 1211 tradimtur,
968 1159 1189 1211 percurrat
1221 1156 1372 1210 omnis,
1403 1158 1551 1196 utatur

213 1215 342 1269 aptis,
386 1215 623 1270 generatim
666 1215 797 1270 dicat,
841 1229 891 1256 ex
935 1229 1018 1269 quo
1062 1218 1260 1255 emanent
1303 1214 1434 1255 etiam
1477 1214 1550 1267 qui

213 1288 458 1315 communes
498 1274 766 1328 appellantur
802 1273 897 1314 1061.
960 1272 1050 1314 Ν66
1081 1287 1180 1314 vero
1219 1275 1364 1313 utetur
1393 1272 1552 1326 impru-

213 1332 360 1373 denter
391 1332 470 1373 hac
503 1332 638 1386 copia,
670 1332 743 1373 sed
775 1332 918 1372 omnia
950 1331 1158 1386 expendet
1189 1333 1232 1371 et
1265 1331 1434 1385 seliget,
1463 1344 1552 1371 non
1571 1347 1605 1372 20

213 1390 326 1431 enim
364 1405 531 1445 semper
567 1405 644 1432 1166
681 1390 727 1430 111
765 1390 962 1431 omnibus
1001 1389 1139 1430 causis
1172 1403 1222 1429 ex
1253 1389 1388 1430 isdem
1429 1402 1551 1443 argu-

213 1452 454 1490 mentorum
486 1451 703 1490 momenta
741 1452 851 1489 sunt.
913 1448 1124 1489 Iudicium
1160 1447 1293 1502 igitur
1331 1446 1551 1489 adhibebit

211 1522 289 1548 nec
332 1507 520 1548 inveniet
561 1508 699 1548 solum
744 1507 844 1561 quid
889 1506 1002 1547 dicat
1046 1506 1118 1547 sed
1162 1505 1291 1546 etiam
1332 1505 1549 1559 expendet.

212 1565 335 1606 Nihil
373 1566 485 1606 enim
523 1569 587 1606 est
618 1565 801 1606 feracius
833 1565 1036 1619 ingeniis,
1074 1564 1127 1605 iis
1158 1563 1411 1618 praesertim
1443 1577 1550 1616 quae

213 1623 449 1677 disciplinis
488 1623 656 1664 exculta
694 1626 803 1664 sunt.
868 1622 949 1664 Sed
983 1626 1031 1663 ut
1068 1625 1233 1677 segetes
1271 1621 1475 1662 fecundae
1508 1624 1550 1662 et
1570 1637 1603 1663 25

212 1682 362 1722 uberes
400 1696 487 1722 non
525 1681 663 1722 solum
699 1681 845 1735 fruges
882 1696 1029 1721 verum
1066 1680 1219 1721 herbas
1259 1680 1389 1720 etiam
1421 1679 1550 1720 effun-

213 1740 318 1780 dunt
343 1739 661 1780 inimicissimas
687 1739 897 1793 frugibus,
929 1739 989 1780 sio
1014 1738 1227 1779 interdum
1257 1752 1307 1779 ex
1333 1737 1417 1778 illis
1443 1737 1549 1778 locis

213 1800 286 1838 aut
324 1797 434 1838 lew‘a
472 1797 677 1851 quaedam
716 1800 789 1838 aut
827 1796 966 1838 causis
995 1797 1146 1840 ,aliena
1190 1798 1263 1837 aut
1302 1810 1390 1836 non
1426 1795 1550 1837 utilia

214 1855 460 1910 gignuntur.
523 1855 713 1903 Quorum
751 1855 803 1896 ab
843 1854 1026 1895 oratoris
1062 1855 1219 1896 iudicio
1256 1854 1434 1896 dilectus
1466 1853 1549 1894 nisi

212 1928 393 1968 magnus
427 1913 711 1967 adhibebitur,
746 1927 930 1967 quonam
962 1913 1088 1954 modo
1119 1913 1191 1953 ille
1222 1912 1268 1953 in
1298 1912 1423 1953 bonis
1455 1912 1551 1953 hae·
1570 1928 1604 1953 30

211 1972 324 2012 rebit
361 1974 403 2012 et
441 1971 657 2013 habitabit
695 1972 782 2012 suis
828 1974 902 2012 aut
945 1971 1110 2012 molliet
1154 1972 1259 2012 dura
1303 1974 1377 2012 aut
1415 1970 1551 2011 occul-

211 2030 323 2070 tabit
362 2044 468 2083 quae
506 2030 610 2071 dilui
652 2044 740 2070 non
778 2032 981 2084 poterunt
1023 2033 1150 2083 atque
1195 2029 1367 2071 omnino
1413 2028 1551 2083 oppri-

211 2090 316 2142 met,
357 2088 393 2129 si
425 2088 590 2142 licebit,
623 2091 696 2129 aut
729 2088 910 2129 abducet
943 2087 1107 2128 animos
1139 2090 1213 2128 aut
1246 2087 1360 2128 aliud
1392 2087 1551 2140 afferet,

212 2146 326 2199 quod
358 2146 605 2200 oppositum
636 2146 901 2200 probabilius
941 2145 997 2187 sit
1033 2160 1159 2199 quam
1196 2145 1302 2187 illud
1334 2145 1447 2198 quod
1479 2144 1550 2185 ob-

212 2204 374 2245 stabit?
430 2204 523 2245 Iam
565 2218 664 2245 vero
704 2219 752 2245 ea
795 2218 903 2258 quae
946 2204 1157 2245 invenerit
1201 2218 1284 2257 qua
1327 2203 1550 2258 diligentia
1569 2217 1603 2244 35

211 2262 482 2304 conlocabit?
515 2262 716 2316 quoniam
746 2262 789 2303 id
821 2262 1052 2304 secundum
1084 2264 1175 2303 erat
1201 2262 1251 2302 de
1276 2261 1426 2302 tribus.
1470 2260 1550 2301 Ve-
1642 2258 1643 2262 ¹

211 2320 371 2362 stibula
406 2320 609 2361 nimirum
645 2320 826 2362 honesta
865 2320 1088 2374 aditusque
1127 2320 1179 2361 ad
1213 2334 1385 2361 causam
1421 2318 1550 2360 faciet
