1643 2526
199 107 285 149 322
772 105 966 141 ORATOR

201 202 441 244 choandum
467 204 509 242 et
535 201 681 242 eadem
712 200 957 255 eloquentia
986 199 1304 242 informandum
1336 213 1463 253 quam
1493 199 1539 240 in

131 262 186 303 10
199 261 318 302 nullo
361 259 564 315 cognovit
601 259 826 300 Antonius.
886 258 1093 313 Magnum
1137 273 1244 312 opus
1284 257 1457 300 omnino
1496 260 1538 299 et

131 680 177 710 34

132 1496 176 1527 35

134 2045 185 2085 11

132 2113 176 2144 36

201 320 398 373 arduum,
441 318 592 372 Brute,
635 332 857 372 conamur,
901 318 974 358 sed
1015 317 1124 357 nihil
1167 316 1338 358 difficile
1376 315 1538 357 amanti

200 381 316 432 puto.
377 376 490 418 Amo
523 379 665 417 autem
698 379 740 417 et
772 390 938 430 semper
971 375 1110 416 amavi
1145 374 1366 430 ingenium
1397 374 1539 415 studia

201 450 340 476 mores
372 438 483 476 tuos.
544 435 752 476 Incendor
788 448 916 489 porro
955 433 1109 475 cotidie
1146 433 1284 488 magis
1314 447 1403 474 non
1433 433 1538 474 desi-
1574 450 1590 475 5

201 494 317 535 derio
345 494 496 548 solum,
522 508 604 548 quo
632 493 803 546 quidem
829 492 1043 546 conficior,
1075 506 1328 546 congressus
1353 493 1539 545 nostros,

202 552 553 594 consuetudinem
584 551 735 606 victus,
767 551 1037 593 doctissimos
1071 564 1286 591 sermones
1318 549 1537 603 requirens

201 613 312 665 tuos,
338 611 411 651 sed
430 610 559 651 etiam
580 609 821 650 admirabili
845 609 961 650 fama
985 609 1195 650 virtutum
1213 608 1539 662 incredibilium,

204 684 309 722 quae
354 668 492 723 specie
537 668 726 722 dispares
769 667 995 722 prudentia
1039 667 1365 722 coniunguntur.
1428 665 1539 714 Quid

203 727 316 768 enim
355 731 443 768 tam
482 727 645 767 distans
684 741 811 779 quam
849 742 874 767 a
912 725 1137 767 severitate
1175 725 1383 766 comitas?
1434 724 1538 772 Quis
1559 743 1593 767 10

203 789 347 827 tamen
372 800 561 839 unquam
587 788 628 825 te
649 788 722 825 aut
744 784 932 825 sanctior
957 787 1021 824 est
1046 784 1220 825 habitus
1248 786 1321 824 aut
1347 783 1539 824 dulcior?

203 843 313 892 Quid
345 847 435 884 tam
467 843 638 884 difficile
677 857 804 896 quam
842 843 887 883 in
923 842 1207 896 plurimorum
1239 841 1539 883 controversiis

203 902 482 943 diiudicandis
521 902 574 942 ab
613 901 810 942 omnibus
855 900 1004 955 diligi?
1060 899 1342 954 Consequeris
1385 902 1543 954 tamen,

202 964 251 1001 ut
282 974 354 1001 eos
384 960 502 1014 ipsos
536 974 640 1013 quos
679 962 828 1000 contra
866 962 1030 1000 statuas
1069 973 1225 1012 aequos
1262 958 1539 1013 placatosque

204 1018 408 1059 dimittas.
470 1018 621 1072 Itaque
659 1018 792 1059 efficis
830 1020 895 1071 ut,
939 1032 1034 1058 cum
1072 1017 1234 1071 gratiae
1273 1031 1400 1058 causa
1429 1016 1591 1059 nihil15
1642 1061 1643 1065 ,

203 1077 348 1131 facias,
381 1076 524 1117 omnia
555 1079 698 1117 tamen
730 1076 816 1117 sint
850 1079 973 1130 grata
999 1090 1104 1140 quae
1136 1075 1253 1116 facis.
1302 1075 1421 1130 Ergo
1454 1089 1540 1116 om-

202 1135 329 1175 nibus
360 1135 486 1176 terris
519 1149 604 1175 una
636 1134 775 1175 Gallia
813 1134 1029 1175 communi
1059 1148 1145 1174 non
1178 1133 1297 1174 ardet
1326 1133 1540 1188 incendio·

203 1193 248 1233 in
275 1208 358 1246 qua
382 1193 571 1233 frueris
560 1208 652 1247 ipse
682 1196 735 1247 te,
767 1207 862 1234 cum
893 1192 938 1232 111
963 1192 1113 1233 Italiae
1144 1192 1236 1233 luce
1270 1191 1539 1246 cognosceris

203 1251 468 1305 versarisque
500 1251 546 1291 in
578 1251 837 1305 optimorum
864 1251 1020 1292 civium
1046 1251 1111 1291 vel
1142 1250 1246 1291 flore
1277 1250 1344 1291 vel
1374 1250 1539 1291 robore.

203 1309 295 1350 Iam
328 1313 535 1364 quantum
570 1310 678 1350 illud
715 1313 797 1363 est,
838 1310 951 1362 quod
981 1309 1027 1349 in
1058 1309 1268 1349 maxumis
1301 1308 1540 1362 occupatio-
1559 1325 1593 1350 20

203 1368 330 1408 nibus
372 1382 591 1421 nunquam
633 1367 885 1408 intermittis
924 1367 1065 1408 studia
1102 1366 1338 1420 doctrinae,
1375 1381 1540 1420 semper

204 1430 278 1467 aut
307 1426 398 1480 ipse
431 1426 582 1468 scribis
614 1426 774 1479 aliquid
807 1429 880 1467 aut
911 1440 979 1466 me
1010 1440 1136 1466 vocas
1169 1425 1221 1466 ad
1252 1425 1539 1466 scribendum!

204 1485 353 1538 Itaque
385 1484 467 1526 hoc
500 1500 594 1525 sum
626 1499 854 1539 aggressus
887 1484 1034 1525 statim
1067 1484 1226 1525 Catone
1260 1483 1457 1524 absoluto
1486 1507 1535 1513 —

204 1557 329 1596 quem
359 1543 501 1597 ipsum
531 1557 749 1596 nunquam
781 1543 1022 1597 attigissem
1052 1545 1247 1595 tempora
1277 1541 1433 1582 timens
1463 1541 1541 1582 ini-

204 1601 314 1642 mica
356 1601 525 1655 virtuti,
567 1601 651 1641 nisi
694 1601 775 1642 tibi
818 1601 1011 1641 hortanti
1052 1604 1094 1641 et
1129 1600 1245 1640 illius
1289 1600 1538 1640 memoriam
1558 1617 1591 1641 25

204 1659 309 1700 mihi
353 1674 494 1700 caram
539 1659 742 1700 excitanti
785 1673 873 1699 non
913 1673 1060 1712 parere
1103 1658 1222 1698 nefas
1267 1673 1357 1699 esse
1402 1658 1540 1698 duxis-

205 1732 293 1758 sem
326 1741 399 1771 —,
443 1717 515 1758 sed
551 1717 759 1758 testificor
796 1731 863 1757 me
900 1732 924 1757 a
955 1720 1151 1771 rogatum
1193 1719 1234 1756 et
1272 1720 1540 1757 recusantem

203 1776 307 1816 haec
353 1775 535 1816 scribere
580 1790 671 1816 esse
716 1789 877 1816 ausum.
938 1774 1049 1815 Volo
1094 1774 1206 1814 enim
1249 1774 1354 1814 mihi
1397 1778 1539 1816 tecum

205 1848 427 1874 commune
468 1848 558 1874 esse
592 1834 770 1887 crimen,
805 1836 871 1886 ut,
909 1832 944 1873 si
977 1832 1185 1873 sustinere
1217 1835 1383 1873 tantam
1415 1847 1540 1886 quae-

204 1892 388 1933 stionem
418 1906 505 1932 non
535 1895 728 1945 potuero,
758 1891 907 1932 iniusti
933 1891 1072 1931 oneris
1097 1890 1289 1945 impositi
1314 1893 1390 1931 tua
1416 1891 1539 1945 culpa
1557 1907 1592 1932 30

205 1951 273 2004 sit,
305 1965 399 1991 mea
429 1950 608 2005 recepti,
638 1950 685 1990 111
717 1964 799 2003 quo
832 1952 975 1990 tamen
1006 1949 1151 1990 iudicii
1183 1949 1321 1990 nostri
1353 1963 1538 1990 errorem

202 2009 295 2050 laus
328 2009 407 2049 tibi
440 2009 528 2049 dati
559 2008 745 2049 muneris
778 2007 1082 2061 compensabit.

322 2065 403 2107 Sed
434 2067 480 2107 in
518 2067 633 2108 omni
668 2082 711 2108 re
751 2066 1049 2107 difficillimum
1087 2068 1151 2107 est
1189 2065 1390 2119 formam,
1426 2065 1539 2118 quod

203 2126 421 2180 χαρακτὴρ
455 2124 614 2166 Graece
647 2125 815 2178 dicitur,
846 2138 1052 2178 exponere
1086 2124 1250 2178 optimi,
1280 2123 1393 2178 quod
1424 2123 1538 2164 aliud

204 2184 299 2225 aliis
331 2183 498 2224 videtur
531 2183 751 2237 optimum.
813 2182 952 2223 Ennio
987 2183 1184 2236 delector,
1221 2182 1282 2222 ait
1314 2181 1538 2235 quispiam,
1556 2195 1589 2222 35

204 2243 318 2296 quod
348 2256 435 2283 non
466 2242 645 2282 discedit
677 2257 701 2282 a
733 2241 947 2282 communi
978 2255 1095 2282 more
1127 2241 1371 2294 verborum3
1407 2238 1537 2281 Pacu-

202 2301 286 2356 vio,
313 2300 453 2355 inquit
479 2300 603 2341 alius:
637 2314 781 2341 omnes
809 2300 919 2354 apud
944 2299 1056 2341 hunc
1083 2299 1222 2340 ornati
1248 2297 1536 2351 elaboratique
