1643 2526
173 120 254 160 128
680 118 742 153 DE
771 117 996 154 ORATORE

169 230 268 256 nam
288 215 332 256 id
351 214 542 269 proxime
564 213 782 267 quaeritur
803 238 858 243 —
877 212 1144 268 turpitudine
1170 216 1213 254 et
1238 212 1508 254 deformitate

171 274 353 327 quadam
385 272 639 314 continetur.
699 272 817 314 Haec
848 272 962 313 enim
992 271 1186 312 ridentur
1221 271 1288 312 vel
1320 271 1413 312 sola
1441 271 1508 312 vel

171 332 354 373 maxime
388 345 495 384 quae
527 333 681 372 notant
713 333 756 371 et
787 330 961 385 signant
986 329 1296 384 turpitudinem
1322 329 1508 383 aliquam

170 405 259 431 non
289 390 484 444 turpiter.
545 388 628 429 Est
653 391 809 443 autem,
838 391 887 429 ut
914 389 966 429 ad
996 388 1103 428 illud
1128 388 1304 429 tertium
1329 388 1510 442 veniam,

172 451 238 489 est
263 448 387 502 plane
409 447 591 489 oratoris
613 461 780 488 movere
806 447 952 501 risum,
976 447 1044 487 vel
1064 447 1176 500 quod
1200 446 1296 500 ipsa
1313 445 1508 487 hilaritas

171 506 505 547 benivolentiam
537 505 737 546 conciliat
769 505 820 559 ei,
849 520 925 559 per
957 519 1083 558 quem
1114 504 1299 546 excitata
1330 507 1407 559 est,
1443 504 1511 545 vel

173 565 286 619 quod
317 564 581 605 admirantur
613 578 758 604 omnes
792 578 988 617 acumen,
1024 578 1108 604 uno
1149 577 1273 617 saepe
1304 562 1350 603 in
1380 563 1509 604 verbo

171 623 380 677 positum,
419 622 603 663 maxime
640 622 957 675 respondentis,
995 635 1082 662 11011
1121 635 1340 674 nunquam
1380 620 1511 661 etiam

171 680 433 735 lacessentis,
458 680 525 721 vel
546 680 657 734 quod
677 680 838 734 frangit
858 680 1157 733 adversarium,
1184 680 1296 732 quod
1320 679 1511 733 impedit,

174 740 287 793 quod
325 739 481 793 elevat,
524 738 636 792 quod
674 738 876 789 deterret,
920 738 1033 792 quod
1069 738 1245 789 refutat,
1288 738 1355 778 vel
1397 737 1510 791 quod

173 798 315 851 ipsum
343 800 556 838 oratorem
575 796 760 850 politum
786 811 876 837 esse
902 796 1118 837 hominem
1146 795 1372 850 significat,
1397 795 1511 848 quod

174 856 387 896 eruditum
396 889 406 909 ,
445 855 554 908 quod
588 855 816 908 urbanum,
847 855 1030 895 maxime
1063 854 1175 907 quod
1206 854 1438 900 tristitiam*
1462 868 1510 895 ac

174 914 445 955 severitatem
482 913 655 967 mitigat
693 927 741 954 ac
778 913 941 953 relaxat
979 913 1231 966 odiosasque
1268 926 1335 953 res
1374 926 1512 966 saepe,

176 987 279 1026 quas
326 971 590 1026 argumentis
635 970 738 1011 dilui
780 985 868 1011 non
907 971 1032 1012 facile
1076 973 1158 1025 est,
1199 970 1294 1011 ioco
1338 970 1510 1024 risuque

105 1030 383 1072 237dissolvit.
434 1029 650 1078 Quatenus
683 1032 826 1070 autem
859 1029 945 1070 sint
969 1029 1148 1070 ridicula
1172 1028 1396 1069 tractanda
1422 1042 1512 1069 ora—

175 1089 261 1130 tori
292 1103 497 1142 perquam
529 1088 756 1142 diligenter
780 1087 1008 1128 videndum
1035 1090 1112 1135 est,
1145 1087 1257 1152 quod
1287 1087 1332 1127 in
1358 1089 1510 1151 quarto

1531 755 1563 779 10

1531 1046 1564 1071 15

176 1147 270 1188 loco
305 1146 532 1200 quaerendi
562 1160 854 1200 posueimamus
903 1144 1015 1186 Nam
1041 1160 1117 1186 nec
1149 1145 1331 1199 insignis
1357 1145 1513 1210 impro-
1544 1195 1548 1198 ²

176 1205 290 1246 bitas
333 1208 374 1245 et
419 1204 574 1245 scelere
616 1204 764 1245 iuncta
806 1218 883 1245 nec
926 1219 1073 1244 rursus
1116 1203 1288 1244 miseria
1328 1202 1511 1257 insignis

178 1264 342 1319 agitata
373 1263 552 1317 iidetur3
588 1262 849 1303 facinerosos
883 1262 1039 1327 [enim]
1064 1262 1224 1302 maiore
1257 1261 1439 1314 quadam
1469 1260 1512 1302 vi

179 1337 306 1386 quam
337 1321 505 1362 ridiculi
537 1320 749 1361 vuhierari
780 1320 948 1374 volunt,
984 1320 1162 1361 miseros
1194 1319 1317 1360 illudi
1346 1319 1513 1373 nolunt,

175 1380 259 1420 nisi
292 1394 335 1420 se
367 1380 478 1420 forte
508 1379 683 1420 iactant.
715 1354 997 1419 Parcendum
1028 1381 1169 1419 autem
1195 1378 1377 1418 maxime
1411 1353 1513 1430 [est]²

107 1462 162 1503 50
180 1438 349 1479 caritati
369 1437 605 1489 hominum,
623 1451 676 1478 ne
695 1440 852 1477 temere
873 1437 918 1477 111
938 1451 1009 1477 eos
1036 1437 1151 1478 dicas
1172 1436 1245 1489 qui
1265 1436 1513 1491 diliguntur.

107 1476 296 1561 238Haec
328 1496 462 1550 igitur
494 1471 732 1536 adhilienda
764 1498 829 1536 est
859 1495 1045 1549 primum
1082 1495 1127 1535 in
1162 1494 1342 1535 iocando
1374 1494 1514 1534 mode-

178 1555 300 1595 ratio.
363 1554 514 1607 Itaque
547 1568 597 1594 ea
626 1552 828 1594 facillime
860 1554 1076 1607 luduntur,
1108 1567 1213 1606 quae
1244 1566 1380 1605 neque
1414 1551 1510 1592 odio

177 1626 334 1667 magno
366 1626 502 1665 neque
535 1611 826 1652 misericordia
856 1611 1042 1652 maxima
1066 1587 1195 1665 iligna
1221 1612 1331 1650 sunt.
1376 1608 1512 1657 Quam

179 1671 232 1711 ob
265 1685 356 1711 rem
392 1670 590 1710 materies
631 1669 767 1710 omnis
805 1669 1082 1710 ridiculorum
1114 1671 1179 1709 est
1214 1668 1261 1708 in
1296 1667 1350 1708 iis
1381 1668 1513 1722 vitiis,

179 1743 286 1782 quae
330 1731 430 1769 sunt
471 1728 517 1768 in
559 1727 647 1768 Vita
690 1726 913 1767 hominum
958 1741 1094 1780 neque
1139 1740 1334 1767 carorum
1375 1740 1512 1780 neque

179 1786 527 1828 calamitosorum
557 1799 692 1839 neque
725 1799 890 1839 eorum,
928 1785 1000 1838 qui
1039 1785 1092 1825 ob
1130 1784 1295 1825 facinus
1334 1784 1387 1825 ad
1418 1799 1513 1838 sup-

177 1845 353 1899 plicium
374 1843 565 1898 rapiendi
578 1843 814 1898 videntur[3
835 1858 965 1897 eaque
986 1843 1094 1883 belle
1116 1842 1271 1897 agitari
1285 1842 1512 1893 videntur-l.

1532 1337 1566 1362 20

1532 1627 1566 1652 25

108 1903 259 1944 239Est
291 1903 420 1943 etiam
446 1901 731 1943 deformitatis
758 1904 801 1942 et
826 1901 1015 1955 corporis
1040 1901 1244 1942 vitiorum
1270 1900 1375 1941 satis
1400 1900 1514 1941 bella
1531 1917 1566 1943 30

177 1961 376 2002 materies
410 1961 462 2001 ad
491 1960 737 2015 iocandum,
774 1959 846 2000 sed
884 1959 1125 2012 quaerimus
1156 1959 1286 2013 idem,
1324 1958 1437 2012 quod
1467 1958 1514 1999 in

179 2019 330 2061 ceteris
362 2019 488 2059 rebus
521 2019 703 2060 maxime
736 2017 1021 2072 quaerendum
1059 2020 1142 2071 est,
1180 2020 1400 2070 quatenus.
1461 2016 1513 2057 111

180 2091 263 2131 quo
288 2091 375 2118 non
403 2077 566 2129 [modo]
593 2076 698 2117 illud
724 2075 996 2130 praecipitur,
1020 2090 1072 2116 118
1100 2075 1200 2129 quid
1223 2075 1397 2129 insulse,
1428 2074 1513 2128 sed,

179 2135 347 2176 etiamsi
376 2135 511 2188 [quid]
538 2134 790 2189 perridicule
820 2133 973 2188 possis,
1003 2134 1224 2175 vitandum
1255 2135 1320 2174 est
1351 2133 1512 2173 oratori

179 2197 422 2247 utrumque,
446 2207 499 2233 ne
526 2196 599 2234 aut
626 2192 814 2234 scurrilis
834 2192 953 2233 iocus
975 2192 1032 2232 sit
1052 2195 1125 2232 aut
1144 2191 1352 2233 mimicus.
1397 2189 1511 2238 Quae
1531 2207 1564 2233 35

180 2252 299 2294 cuius
337 2251 452 2292 modi
491 2251 577 2292 sint
614 2250 782 2292 facilius
819 2250 906 2291 iam
940 2250 1257 2305 intellegemus,
1294 2262 1422 2303 quom
1459 2249 1512 2289 ad

178 2310 273 2365 ipsa
302 2309 581 2351 ridiculorum
613 2323 767 2365 genera
797 2308 1047 2350 venerimus.
