1643 2526
70 724 102 749 10

70 1015 102 1041 15

71 1308 104 1333 20

73 1599 105 1626 25

73 1892 107 1917 30

77 2183 107 2208 35

377 87 521 121 LIBER
544 87 590 123 11.
639 86 739 124 CAP.
766 90 915 122 52—53.
954 91 973 129 ξ
1000 90 1196 122 208—214.
1373 87 1454 128 121

119 197 295 238 ponere,
320 182 577 238 omninoque
602 182 908 237 perficiendum
934 185 999 223 est
1024 207 1079 212 —
1107 181 1310 236 quoniam
1334 181 1458 236 pleri-

121 255 201 295 que
235 243 334 282 sunt
365 241 499 282 invidi
530 241 797 295 maximeque
829 241 910 282 1100
942 243 1008 282 est
1046 255 1270 282 commune
1302 240 1457 282 vitium

121 303 164 341 et
194 302 466 355 perpetuum,
501 299 716 341 invidetur
752 302 896 340 autem
931 299 1170 354 praestanti
1201 299 1456 353 florentique

120 358 317 399 fortunae
350 382 419 412 ——,
449 361 498 399 ut
528 358 632 399 haee
665 358 808 412 opinio
835 358 1054 399 minuatur
1079 361 1122 399 et
1146 358 1223 399 illa
1248 357 1457 399 excellens

122 416 321 471 opinione
357 416 532 458 fortuna
565 431 661 458 cum
698 416 918 457 laboribus
956 419 1000 458 et
1031 416 1213 458 miseriis
1244 416 1458 471 permixta

123 476 251 527 [esse]
284 475 489 516 videatur.
549 475 643 516 Iam
673 475 966 516 misericordia
996 478 1210 529 movetur,
1247 475 1284 516 si
1314 474 1351 516 is
1385 474 1527 528 qui-211

121 533 241 575 audit
266 533 417 575 adduci
435 536 592 588 potest,
615 536 665 574 ut
688 533 776 588 illa,
801 548 908 587 quae
934 533 984 574 de
1011 533 1146 574 altero
1173 534 1460 587 deplorentur,

122 592 174 633 ad
217 607 315 633 suas
361 607 429 633 res
473 595 664 646 revocet,
707 606 812 646 quas
857 595 931 633 aut
974 592 1122 633 tulerit
1166 592 1340 633 acerbas
1385 595 1459 632 aut

122 650 285 704 timeat,
310 653 358 691 ut
381 650 553 691 intuens
580 650 712 691 alium
733 651 880 692 crebro
903 650 954 691 ad
975 665 1018 691 se
1038 650 1180 705 ipsum
1199 653 1460 705 revortatur3

122 711 164 750 et
196 723 293 750 cum
324 709 483 763 singuli
515 723 637 750 casus
675 724 818 750 rerum
854 709 1138 750 humanarum
1176 709 1363 764 graviter
1395 723 1460 750 ac-

122 767 351 821 cipiuntur,
370 767 406 808 si
427 768 625 809 dicuntur
646 768 850 822 dolenter,
875 771 967 808 tum
988 767 1161 808 adflicta
1180 770 1223 808 et
1242 770 1460 821 prostrata

121 826 257 867 Virtus
298 840 494 867 maxume
533 826 731 867 luctuosa
768 829 851 881 est,
891 829 951 880 et,
990 829 1040 867 ut
1076 826 1152 866 illa
1189 826 1324 867 altera
1359 840 1458 880 pars

123 884 351 938 orationis,
395 898 502 938 quae
545 885 775 938 probitatis
820 884 1189 926 commendatione
1233 884 1336 925 boni
1378 884 1459 924 viri

123 943 248 983 debet
268 942 465 1008 ‘speciem
495 943 625 997 tueri,
661 943 787 997 lenis,
824 946 872 983 ut
905 957 1029 997 saepe
1061 943 1148 983 iam
1186 942 1291 997 dixi,
1330 945 1458 996 atque

123 1001 368 1055 summissa,
412 1001 472 1042 810
515 1001 637 1056 haec,
682 1016 788 1056 quae
833 1001 1064 1066 suscipitur
1107 1001 1160 1042 ab
1200 976 1368 1041 oratore
1407 1000 1460 1041 ad

123 1035 447 1101 commutaiidos
487 1059 652 1101 animos
689 1063 816 1113 atque
856 1061 971 1100 omni
1012 1060 1177 1100 ratione
1215 1059 1461 1124 flectendos,

121 1117 288 1159 intenta
319 1132 367 1159 ac
399 1117 625 1158 vehemens
658 1132 749 1159 esse
783 1118 920 1159 debet.
972 1117 1054 1159 Sed
1085 1121 1151 1159 est
1182 1117 1426 1171 quaedam
1414 1132 1461 1158 in

121 1176 189 1217 1118
222 1176 387 1217 duobus
421 1177 666 1231 generibus,
702 1191 884 1230 (1110111111
922 1177 1105 1217 alteium
1142 1176 1235 1217 lene
1277 1177 1460 1217 alterum

122 1235 349 1276 vehemens
391 1249 482 1276 esse
524 1210 740 1289 volunius,
784 1235 970 1276 difficilis
1015 1235 1067 1276 ad
1111 1234 1460 1290 distinguendum

1474 1095 1529 1136 53

1464 1160 1529 1193 2‘12

126 1293 373 1334 similitudo,
434 1292 547 1334 Nam
580 1296 622 1334 et
654 1307 705 1333 ex
734 1293 809 1334 illa
839 1293 1035 1358 lenitate,
1067 1307 1151 1347 qua
1183 1293 1461 1334 conciliamur

122 1351 176 1392 iis
211 1351 282 1405 qui
315 1351 505 1405 audiunt,
537 1351 589 1392 ad
618 1351 729 1392 hanc
760 1351 847 1392 vim
880 1352 1143 1405 acerrimam,
1174 1366 1258 1405 qua
1289 1351 1461 1392 eosdem

125 1409 377 1463 excitamus,
413 1385 566 1450 infliiat
605 1412 775 1463 oportet
812 1409 990 1463 aliquid,
1029 1413 1071 1450 et
1108 1424 1159 1450 ex
1189 1409 1270 1450 hac
1300 1409 1343 1450 vi
1374 1423 1462 1450 non

123 1482 357 1521 numquam
412 1467 545 1508 animi
601 1467 762 1521 aliquid
816 1468 1094 1508 inflandumst
1148 1467 1213 1508 illi
1268 1467 1462 1522 lenitati,

123 1541 260 1581 neque
292 1529 358 1567 est
388 1526 476 1566 ulla
513 1526 790 1580 temperatior
828 1526 965 1567 oratio
1004 1541 1132 1580 quam
1167 1526 1260 1577 illa,
1296 1525 1342 1566 in
1379 1540 1462 1579 qua

127 1584 334 1639 asperitas
367 1584 655 1625 contentionis
689 1584 871 1625 oratoris
903 1584 1038 1639 ipsius
1064 1584 1332 1625 humanitate
1365 1598 1462 1625 con-

126 1643 257 1697 ditur,
293 1642 488 1684 remissio
528 1646 671 1684 autem
708 1643 898 1684 lenitatis
938 1643 1122 1697 quadam
1165 1642 1377 1698 gravitate
1419 1645 1462 1683 et

126 1701 399 1743 contentione
418 1701 625 1742 firmatur.
668 1701 719 1741 In
738 1704 921 1755 utroque
947 1704 1091 1742 autem
1118 1715 1269 1756 genere
1296 1700 1531 1742 dicendi213

126 1762 169 1801 et
199 1759 292 1814 illo,
322 1759 368 1800 in
400 1774 483 1813 quo
514 1760 578 1800 vis
611 1763 739 1813 atque
772 1760 989 1801 contentio
1022 1759 1258 1813 quaeritur,
1295 1762 1336 1800 et
1367 1759 1463 1813 hoc,

127 1818 241 1872 quod
273 1818 325 1858 ad
354 1818 490 1859 vitam
521 1821 564 1858 et
595 1832 734 1859 mores
772 1818 1137 1872 accommodatur,
1174 1821 1216 1858 et
1253 1817 1464 1871 principia

127 1876 249 1917 tarda
282 1877 418 1927 [sunt]
452 1879 494 1916 et
532 1876 670 1917 exitus
709 1879 853 1917 tamen
890 1876 1017 1930 spissi
1056 1879 1098 1917 et
1134 1875 1333 1930 producti
1371 1890 1462 1916 esse

127 1934 294 1975 debent.
355 1933 469 1974 Nam
497 1948 634 1989 neque
667 1935 947 1975 adsiliendum
979 1934 1127 1975 statim
1159 1937 1224 1975 est
1250 1935 1302 1975 ad
1329 1948 1462 1989 genus

125 1993 232 2033 illud
270 1992 475 2033 orationis
511 2017 559 2022 —-
595 1993 716 2034 abest
754 1993 867 2034 enim
904 1996 1046 2033 totum
1085 2008 1109 2033 a
1146 2007 1274 2034 causa
1311 1995 1354 2033 et
1390 1992 1464 2033 ho-

126 2051 262 2091 mines
292 2050 411 2104 prius
442 2050 548 2091 illud
577 2051 718 2105 ipsum
750 2051 862 2105 quod
887 2051 1107 2105 proprium
1134 2051 1200 2091 8111
1224 2050 1372 2092 iudicii
1398 2053 1463 2091 est

128 2109 272 2149 audire
294 2108 533 2149 desiderant
556 2133 605 2138 —
621 2124 698 2150 neo
719 2124 814 2150 cum
833 2109 879 2149 in
899 2123 992 2150 eam
1011 2109 1222 2150 rationem
1240 2109 1461 2163 ingressus

129 2167 200 2221 sis,
231 2166 424 2208 celeriter
455 2166 753 2208 discedendum
784 2171 861 2208 est.
908 2166 1009 2208 Non
1040 2167 1166 2222 enim,
1196 2167 1308 2208 sicut
1340 2176 1532 2221 argu-214

127 2228 331 2279 mentum,
357 2224 484 2266 simul
504 2228 632 2279 atque
650 2226 841 2279 positum
866 2228 942 2280 est,
968 2226 1171 2280 arripitur
1197 2226 1462 2278 alterumque

128 2286 170 2324 et
202 2283 378 2324 tertium
408 2283 618 2338 poscitur,
648 2284 753 2325 item
785 2284 1121 2326 misericordiam
1153 2287 1227 2325 aut
1257 2282 1462 2323 invidiam
