1643 2526
176 107 202 146 2
210 109 229 147 l
236 107 261 147 6
686 106 749 140 DE
777 105 1000 141 ORATORE

177 204 243 242 est
281 201 560 255 periucunda,
606 216 703 242 cum
744 201 950 242 orationis
990 214 1080 241 non
1122 200 1394 241 contentione
1440 200 1513 241 sed

178 274 370 301 sermone
402 262 630 315 tractatur,
668 259 817 300 deinde
856 258 1067 299 dubitatio
1076 292 1087 312 ,
1122 261 1215 299 tum
1253 258 1511 312 distributio,

177 321 270 358 tum
302 318 509 359 correctio
543 318 608 358 vel
641 320 737 358 ante
768 317 834 358 vel
866 320 964 371 post
990 331 1118 371 quam
1143 316 1298 358 dixeris
1323 317 1390 358 vel
1417 331 1511 358 cum

108 376 338 429 2o4aliquid
370 392 394 417 a
425 379 467 417 te
498 376 593 430 ipso
620 376 789 429 reicias,
820 374 1105 429 praemunitio
1133 375 1262 416 etiam
1288 377 1354 416 6313
1380 375 1432 416 ad
1456 375 1510 429 id,

178 435 291 488 quod
323 434 583 489 adgrediare,
613 437 656 475 et
688 433 883 474 traiectio
915 433 960 473 in
987 433 1135 487 alium,
1168 432 1510 487 communicatio,
1529 451 1545 476 5

179 507 285 546 quae
327 496 392 533 est
434 493 555 546 quasi
596 507 691 534 cum
728 492 781 532 iis
819 491 942 545 ipsis,
981 491 1091 545 apud
1129 506 1235 545 quos
1275 491 1407 545 dicas,
1446 491 1512 531 de-

177 551 393 605 liberatio,
425 565 593 591 morum
625 565 673 592 ac
704 550 816 591 vitae
848 549 1035 590 imitatio
1062 549 1127 590 vel
1158 549 1203 589 in
1228 550 1419 603 personis
1446 549 1512 589 vel

179 610 269 650 sine
299 609 399 662 illis,
430 623 634 664 magnum
667 609 878 662 quoddam
911 611 1212 648 ornamentum
1238 607 1442 648 orationis
1471 610 1513 647 et

180 671 327 721 aptum
348 668 399 708 ad
420 668 584 708 animos
605 666 892 708 conciliandos
912 666 979 707 vel
999 667 1193 720 maxime,
1219 681 1343 720 saepe
1369 669 1512 706 autem

109 726 309 766 205etiam
342 726 393 766 ad
420 725 765 779 commovendos,
794 738 1073 779 personarum
1098 724 1199 765 ficta
1224 724 1413 765 inductio
1445 723 1512 764 vel
1534 741 1568 766 ιο

180 784 482 838 gravissimum
501 784 645 824 lumen
660 782 860 837 augendi,
881 782 1121 836 descriptio,
1137 782 1292 823 erroris
1311 781 1515 835 inductio,

180 842 232 883 ad
262 842 527 882 hilaritatem
558 841 763 895 inpulsio,
800 841 1145 894 anteoccupati03
1183 844 1277 881 tum
1308 841 1389 881 duo
1427 840 1516 894 illa,

180 915 287 953 quae
308 900 489 940 maxime
511 903 695 952 movent,
722 898 956 939 similitudo
978 902 1019 939 et
1046 899 1305 953 exemplum,
1332 898 1514 953 digestio

179 958 468 1012 interpellatio
514 958 732 999 contentio
782 957 1005 998 reticentia
1055 956 1385 1011 commendatio3
1434 971 1516 997 vox

181 1017 387 1070 quaedam
419 1016 554 1057 libera
586 1019 712 1069 atque
745 1015 874 1056 etiam
907 1015 1127 1056 effrenatio
1155 1015 1336 1070 augendi
1369 1029 1568 1068 causa315

180 1075 399 1116 iracundia
439 1074 683 1128 obiurgatio
720 1073 948 1128 promissio
991 1073 1231 1127 deprecatio
1274 1073 1514 1115 obsecratio

182 1133 408 1174 declinatio
453 1133 593 1173 brevis
638 1147 661 1173 a
702 1131 943 1186 proposito,
986 1146 1073 1172 non
1116 1135 1163 1172 ut
1207 1132 1399 1186 superior
1440 1132 1516 1172 illa

182 1191 408 1246 digressio,
457 1190 657 1245 purgatio
708 1190 950 1231 conciliatio
994 1190 1125 1230 laesio
1172 1190 1335 1244 optatio
1387 1193 1514 1243 atque

115 1274 169 1314 54
183 1249 408 1290 execratio.
475 1249 554 1289 His
598 1248 685 1289 fere
728 1248 961 1289 luminibus
1002 1248 1235 1289 inlustrant
1279 1248 1517 1289 orationem

113 1302 429 1373 '206sententiaa
475 1306 690 1347 Orationis
724 1310 866 1347 autem
896 1306 1031 1360 ipsius
1064 1309 1269 1360 tanquam
1302 1320 1517 1347 armorum
1537 1322 1570 1346 20

184 1369 249 1407 est
279 1366 346 1406 vel
379 1366 430 1406 ad
468 1380 592 1406 usum
625 1365 899 1406 comminatio
939 1368 980 1405 et
1019 1364 1140 1418 quasi
1176 1364 1329 1419 petitio
1367 1364 1434 1405 vel
1465 1365 1517 1405 ad

182 1427 451 1465 venustatem
469 1424 563 1477 ipsa
583 1423 796 1464 tractatio.
841 1422 953 1463 Nam
974 1426 1015 1463 et
1037 1423 1269 1477 geminatio
1290 1423 1518 1463 verborum

182 1483 313 1523 habet
344 1482 558 1522 interdum
589 1482 692 1535 vim,
724 1482 912 1535 leporem
944 1481 1065 1534 alias3
1105 1484 1147 1522 et
1177 1481 1352 1535 paulum
1383 1481 1518 1521 'mmu-

184 1545 325 1581 tatum
350 1541 528 1581 verbum
555 1543 681 1594 atque
708 1540 916 1580 deflexum
943 1542 984 1580 et
1011 1539 1199 1579 eiusdem
1224 1539 1343 1579 verbi
1370 1539 1519 1579 crebra

183 1602 277 1639 tum
309 1614 333 1639 a
363 1599 502 1652 primo
535 1598 748 1651 repetitio,
778 1601 871 1638 tum
895 1597 940 1637 111
966 1600 1202 1637 extremum
1228 1596 1448 1637 conversio
1476 1600 1518 1637 et
1539 1613 1571 1637 25

183 1657 229 1697 in
261 1657 406 1696 eadem
437 1656 567 1696 verba
596 1656 782 1709 impetus
815 1658 857 1696 et
889 1655 1109 1696 concursio
1153 1658 1194 1695 et
1227 1654 1442 1695 adiunctio
1476 1657 1518 1695 et

185 1714 431 1769 progressio
465 1717 507 1754 et
540 1714 727 1754 eiusdem
758 1713 876 1753 verbi
915 1713 1103 1753 crebrius
1140 1712 1272 1766 positi
1310 1712 1518 1766 quaedam

184 1772 403 1813 distinctio
448 1774 490 1812 et
533 1771 748 1812 revocatio
791 1770 910 1811 verbi
953 1774 995 1810 et
1037 1771 1128 1824 illa,
1172 1785 1278 1824 quae
1322 1770 1519 1811 similiter

186 1830 384 1871 desinunt
416 1832 489 1870 aut
522 1844 628 1883 quae
667 1829 822 1870 cadunt
860 1828 1056 1869 similiter
1094 1831 1167 1869 aut
1205 1843 1311 1882 quae
1343 1828 1518 1882 paribus

116 1889 305 1943 207paria
337 1888 579 1928 referuntur
612 1890 684 1927 aut
717 1901 824 1940 quae
857 1889 957 1927 sunt
988 1886 1100 1927 inter
1132 1901 1175 1927 se
1209 1886 1376 1927 similia.
1437 1886 1519 1927 Est
1538 1903 1573 1928 30

187 1947 316 1988 etiam
362 1945 554 2001 gradatio
600 1946 804 1998 quaedam
848 1947 891 1985 et
935 1945 1157 1985 convorsio
1202 1948 1244 1985 et
1293 1945 1520 1985 verborum

186 2005 394 2046 concinna
436 2003 667 2058 tragressio
712 2006 754 2043 613
798 2002 1057 2044 contrarium
1101 2006 1143 2043 et
1181 2002 1437 2043 dissolutum
1478 2005 1520 2043 et

187 2062 413 2104 declinatio
447 2065 488 2102 et
513 2061 784 2115 reprehensio
810 2064 852 2101 et
877 2061 1128 2101 exclamatio
1156 2064 1198 2101 et
1223 2060 1451 2101 inminutio
1478 2063 1521 2101 et

187 2121 300 2175 quod
336 2121 382 2161 111
418 2120 564 2160 multis
603 2119 772 2160 casibus
810 2118 983 2173 ponitur
1021 2122 1063 2159 et
1101 2119 1214 2172 quod
1252 2119 1300 2159 de
1340 2118 1519 2173 singulis

187 2180 313 2220 rebus
356 2178 588 2232 propositis
633 2178 807 2218 ductum
849 2176 1030 2217 refertur
1073 2177 1125 2217 ad
1170 2176 1338 2231 singula
1382 2179 1424 2216 et
1467 2176 1519 2216 ad
1539 2192 1573 2217 35

188 2237 457 2292 propositum
490 2235 682 2276 subiecta
713 2235 822 2276 ratio
856 2238 897 2275 et
928 2235 1032 2275 item
1069 2235 1114 2275 in
1150 2234 1391 2275 distributis
1425 2248 1520 2288 sup—

187 2296 331 2350 posita
362 2294 472 2336 ratio
505 2297 548 2334 et
577 2293 801 2348 permissio
840 2296 882 2334 et
912 2307 1081 2334 rursum
1119 2292 1202 2334 alia
1233 2291 1445 2333 dubitatio
1477 2294 1521 2332 et
