1643 2526
502 87 781 124 ADNOTATIO
808 88 1009 125 CRITICA.
1329 91 1427 127 LXV

87 198 142 229 36.
163 195 281 230 eodem
299 194 330 228 A
355 215 403 220 —
421 195 649 230 concluditur
667 193 846 239 Pluygers
881 215 916 220 —
943 195 983 229 P.
999 198 1078 230 349.
1098 200 1126 231 1.
1153 197 1193 231 in
1213 206 1282 231 om.
1304 195 1427 238 Quint.

86 241 138 275 IX
159 245 190 284 1,
211 245 255 276 38
281 261 326 267 —
352 245 383 276 3.
405 252 485 277 cum
504 246 589 276 sunt
607 241 639 274 A
657 241 781 276 multis
799 241 915 276 ‘modis
934 241 961 275 L
982 243 1019 276 et
1038 241 1162 284 Quint.
1183 263 1229 269 —
1255 247 1286 277 4.
1307 254 1429 278 susum

85 287 301 332 AFOveff,
334 299 424 322 corr.
452 288 480 321 P
506 290 601 331 (394,
622 288 681 332 35)
713 309 754 312 —
788 289 866 323 itur
896 292 928 323 et
954 289 1094 324 reditur
1125 290 1234 334 Kays.
1267 295 1429 335 retroque

87 336 224 370 dicitur
249 333 429 369 Vollbehr
453 336 547 379 (394,
569 336 629 378 35)
655 354 698 360 —-
726 338 758 369 8.
791 336 986 379 questionis
1009 335 1069 370 vel
1095 338 1313 381 quaestionis
1339 336 1364 371 C
1392 339 1429 371 et

87 381 211 423 Quint.
231 383 494 426 conquestionis
513 381 587 416 Erl.
602 380 632 414 Ε
654 401 696 406 -
720 385 773 416 12.
793 386 922 416 utatur
941 381 968 415 L
983 382 1030 427 (f)
1056 401 1093 408 -
1110 388 1246 428 putant
1264 383 1291 417 L
1305 383 1363 428 (E)
1384 404 1427 409 —

89 433 143 463 16.
162 429 237 463 nisi
256 440 363 473 quam
376 433 441 463 aut
461 429 487 463 L
509 429 583 463 nisi
596 432 661 463 aut
679 427 698 461 f
713 429 787 462 nisi
807 427 839 462 A
853 427 975 470 Quint.
998 450 1038 455 -
1065 434 1117 464 19.
1136 431 1239 465 modo
1258 441 1326 465 om.
1342 430 1369 464 L
1384 426 1427 455 -”

86 478 141 510 20.
162 476 383 510 multimodis
402 475 434 509 A
455 495 498 500 —-
520 476 667 510 eandem
685 474 718 508 A
737 495 781 500 —
800 479 843 509 ut
862 476 888 509 L
917 496 958 500 —
979 487 1091 511 unam
1110 488 1181 512 rem
1200 477 1233 511 A
1257 489 1370 512 unam
1388 479 1429 512 in

85 533 159 557 rem
184 522 211 555 L
236 523 277 556 in
302 534 379 557 una
403 533 441 557 re
467 521 589 563 Quint.
617 542 658 546 —
690 525 745 556 21.
778 526 810 556 et
834 522 980 557 haereat
1004 523 1035 555 A
1063 543 1105 548 —
1132 525 1172 558 iu
1197 525 1315 559 eadem
1340 523 1372 558 A
1397 528 1429 559 et

85 570 126 603 in
145 570 293 604 eandem
318 568 345 602 L
372 589 415 594 —
442 573 739 612 commoreturque
757 568 790 602 A
815 589 861 593 —
885 571 1096 604 sententiam
1120 570 1148 603 L
1175 591 1217 596 ——
1244 582 1346 616 saepe
1373 599 1380 605 .
1397 598 1426 605 ..

86 616 227 660 aliquid
253 626 322 650 om.
349 615 382 649 A
407 616 445 649 et
471 615 592 657 Quint.
620 614 740 648 AMb
775 635 817 640 —
851 619 905 650 22.
938 617 1059 651 redeat
1083 616 1115 650 A
1141 638 1185 642 —
1211 621 1266 652 25.
1293 619 1428 653 dixerit

87 662 210 704 Quint.
238 683 281 688 ——
308 666 362 697 27.
391 664 496 707 quasi
522 663 559 696 et
584 663 654 697 sibi
678 664 754 706 ipse
780 672 850 696 om.
876 662 909 696 A
932 683 979 688 *-
1005 666 1060 699 28,
1081 665 1170 708 quid
1194 664 1222 698 L
1237 664 1360 706 Quint.
1384 685 1426 689 —

87 713 142 744 30.
181 720 223 744 ac
248 709 276 743 L
306 713 347 744 ut
371 709 404 743 A
436 714 468 744 et
499 708 623 750 Quint.
662 729 705 734 —
744 712 799 743 37.
834 713 945 753 putat
975 709 1008 743 A
1037 712 1163 745 uideat
1187 711 1214 744 L
1249 710 1370 753 Quint.
1398 711 1426 744 B

84 757 257 791 uideatur
283 755 406 798 Quint.
426 755 509 789 AM
535 775 579 781 —-
605 755 643 789 P.
671 759 750 790 350.
779 760 809 790 1.
837 761 878 791 ut
902 761 1030 791 utatur
1056 756 1178 799 Quint.
1198 758 1231 791 A
1255 763 1382 793 utatur
1401 757 1427 792 C

87 823 129 828 —
157 806 188 837 3.
216 803 349 838 audeat
369 804 509 847 quidem
528 805 634 838 irasc.
660 804 692 836 A
720 823 763 827 —
791 806 821 837 6.
847 807 889 838 ut
915 803 979 838 alt.
1001 814 1070 837 om.
1091 804 1124 838 A
1148 825 1194 830 —
1221 809 1251 839 7.
1279 806 1376 840 dicat
1396 804 1429 838 A

87 870 129 875 -—-
158 853 212 884 17.
239 861 313 885 non
337 850 471 884 moueb.
497 849 525 883 L
564 870 606 874 ——
646 853 700 883 20.
726 860 886 884 mearum
913 850 1062 885 laudum
1086 851 1113 884 L
1151 871 1198 876 —
1235 856 1290 886 21.
1323 855 1428 886 tanta

85 901 230 932 senatus
255 897 282 930 L
321 917 364 921 —
402 899 456 930 27.
490 897 708 940 profiteatur
731 896 764 929 A
789 897 966 940 profitear
989 897 1017 930 L
1042 898 1233 942 profiterer
1264 897 1350 933 Ern.
1383 919 1426 923 -—

86 948 142 978 28.
163 948 357 988 praecepta
382 944 526 978 dicendi
556 943 589 976 A
618 945 716 984 (cum
743 941 836 986 sign.
862 944 1017 988 transp.)
1049 964 1092 969 —
1126 949 1181 979 30.
1214 946 1301 989 quid
1325 945 1358 978 A
1383 964 1427 970 —-

86 995 142 1025 31.
168 991 397 1035 reprehendet
421 989 439 1022 f
462 1010 503 1014 —
531 990 713 1024 dubitabit
731 990 825 1034 quod
849 989 881 1023 A
909 1010 949 1014 —
977 994 1032 1025 33.
1055 993 1200 1035 pacatis
1219 993 1323 1026 rebus
1347 991 1426 1026 Pid.

86 1058 130 1062 ——
157 1040 212 1071 35.
240 1038 545 1081 prescriptionum
570 1036 587 1069 f
616 1056 659 1061 —-
692 1035 730 1070 P.
757 1040 834 1070 351.
863 1040 894 1070 2.
926 1037 1094 1081 domflor.
1122 1038 1155 1071 A
1186 1058 1228 1062 —
1263 1043 1292 1072 6.
1320 1039 1428 1073 iuuat

85 1095 244 1119 euersam
262 1083 295 1116 A
319 1085 527 1118 uniuersam
546 1083 574 1116 L
599 1084 706 1118 iuuat
730 1084 940 1118 uniuersam
966 1083 1040 1118 Erl.
1063 1083 1212 1128 optime.
1263 1085 1359 1119 Nam
1385 1086 1428 1119 ut

86 1130 211 1165 omnia
241 1130 296 1164 ita
328 1129 579 1173 eloquentiam
614 1129 842 1173 reipublicae
878 1129 1066 1173 praesidio
1103 1131 1426 1175 emolumentoque

86 1188 166 1213 esse
185 1177 344 1211 Romani
367 1177 573 1211 voluerunt.
601 1179 632 1219 9,
654 1180 691 1217 93
719 1176 766 1210 de
785 1176 858 1211 inv.
879 1176 896 1210 I
917 1180 948 1211 5.
974 1198 1021 1202 —
1047 1182 1079 1212 8.
1104 1189 1205 1213 nosse
1224 1177 1251 1211 L
1279 1180 1349 1222 (30,
1365 1182 1426 1219 343

86 1228 142 1267 88,
163 1228 223 1266 283
250 1227 329 1267 217,
351 1228 411 1266 373
439 1228 517 1266 340,
541 1224 598 1267 16)
631 1243 674 1247 —
707 1226 738 1257 9.
765 1228 815 1258 est
840 1234 910 1258 om.
938 1223 966 1257 L
999 1245 1042 1249 —-
1078 1229 1131 1259 12.
1158 1229 1190 1260 et
1208 1229 1249 1260 ut
1273 1225 1305 1259 A
1330 1230 1371 1261 ut
1389 1226 1428 1260 hi
1491 1228 1499 1231 ”

84 1271 112 1304 L
137 1276 179 1306 ut
203 1272 233 1305 ii
258 1284 284 1304 ω
316 1291 361 1296 -
395 1275 449 1305 13.
480 1271 552 1314 ipsi
577 1281 648 1304 om.
674 1270 707 1303 A
738 1291 781 1295 -
816 1273 870 1305 14.
903 1275 936 1305 et
962 1272 1180 1306 discentibus
1204 1271 1267 1305 Af
1290 1273 1426 1307 discen-

86 1319 181 1353 tibus
200 1322 233 1352 et
250 1317 278 1350 L
299 1317 383 1351 add.
403 1318 442 1351 id
461 1321 510 1351 est
529 1318 699 1351 studiosis
716 1321 758 1351 ut
776 1316 808 1350 A
827 1337 871 1342 —
895 1321 948 1352 16.
968 1328 1004 1352 se
1023 1318 1050 1351 L
1070 1339 1117 1342 —
1144 1323 1197 1353 19.
1218 1323 1381 1353 nostrum
1400 1319 1427 1352 L

88 1385 130 1389 -
157 1369 283 1399 contra
308 1368 412 1408 atque
432 1374 496 1398 nos
521 1374 591 1397 om.
612 1363 638 1396 L
655 1364 712 1406 (f),
739 1363 824 1398 add.
849 1364 976 1398 melius
995 1365 1116 1399 docere
1141 1367 1226 1409 post
1251 1370 1377 1400 contra
1395 1365 1428 1398 f2

86 1431 131 1437 —
157 1415 211 1445 21.
234 1421 424 1455 possumus
442 1410 569 1444 melius
588 1411 710 1445 docere
730 1410 748 1442 f
769 1430 813 1435 —
840 1413 895 1444 22.
916 1415 954 1445 at
972 1411 1004 1444 A
1018 1411 1037 1444 f
1046 1411 1092 1444 P³
1117 1413 1165 1446 ad
1185 1411 1210 1446 C
1230 1433 1276 1437 -—
1302 1413 1428 1447 melius

87 1459 207 1493 docere
232 1457 259 1490 L
283 1467 373 1492 corr.
393 1456 438 1490 P3
470 1477 512 1482 —-
537 1459 593 1491 24.
620 1457 922 1491 commemorando
947 1457 974 1490 L
1002 1478 1043 1482 —
1071 1461 1125 1491 25.
1154 1462 1219 1492 aut
1244 1460 1427 1494 audiendo

85 1504 196 1547 Reid,
233 1503 296 1547 qui
326 1503 426 1537 idem
458 1502 606 1537 omnino
638 1502 732 1537 illud
764 1503 964 1537 delendum
997 1514 1077 1537 esse
1103 1505 1323 1549 suspicatur.
1374 1505 1428 1539 Ae

86 1554 213 1586 tamen
237 1551 458 1586 audiendove
482 1549 621 1584 malim.
649 1570 692 1575 —
718 1561 783 1585 cur
802 1561 876 1584 non
895 1549 920 1584 C
946 1562 1011 1585 cur
1029 1551 1147 1585 cums
1169 1571 1210 1576 —
1238 1553 1395 1587 docendo
1414 1551 1433 1585 f

86 1598 237 1633 dicendo
263 1597 288 1632 C
315 1618 358 1622 —
385 1601 440 1632 26.
466 1598 498 1632 si
523 1596 596 1631 Erl.
622 1596 668 1630 Ρ2
695 1607 765 1631 om.
793 1595 818 1630 C
845 1617 888 1621 —
909 1608 1032 1640 posses
1056 1597 1083 1631 L
1109 1618 1155 1622 —
1178 1599 1305 1633 melius
1329 1598 1357 1632 L
1385 1619 1426 1623 —

88 1651 142 1680 28.
179 1649 222 1680 ut
246 1648 295 1679 est
328 1656 397 1679 om.
427 1644 459 1678 A
496 1664 540 1668 —
579 1648 634 1678 30.
673 1645 875 1688 eloquentia
905 1643 932 1677 L
971 1665 1013 1668 -—
1053 1648 1109 1679 31.
1148 1656 1189 1679 ea
1221 1655 1291 1680 om.
1318 1645 1344 1680 L
1386 1665 1427 1670 —

87 1696 141 1726 33.
174 1692 425 1726 dissimulatur
456 1691 540 1725 Ern.
580 1710 622 1715 —
662 1694 717 1726 37.
756 1691 844 1735 quid
870 1689 895 1724 C
927 1692 991 1735 qui
1015 1691 1099 1726 Ern.
1139 1711 1182 1716 —
1220 1691 1259 1725 P.
1289 1696 1367 1726 352.
1397 1696 1426 1726 1.

86 1750 166 1774 cum
191 1743 223 1773 et
250 1738 275 1771 L
303 1758 347 1763 —-
374 1739 475 1772 domo
507 1748 577 1772 om.
603 1737 630 1770 L
663 1758 706 1762 -
740 1742 770 1771 2.
804 1748 902 1772 mare
927 1737 954 1770 L
985 1758 1032 1762 —
1063 1742 1095 1772 5.
1129 1739 1285 1773 medicis.
1313 1739 1373 1773 sed
1397 1738 1430 1772 A

87 1806 130 1811 —
158 1789 189 1820 6.
215 1789 293 1819 erat
317 1796 381 1819 cur
405 1795 475 1818 om.
502 1784 534 1817 A
562 1805 604 1808 —
641 1788 695 1818 11.
722 1785 844 1819 demet.
870 1784 958 1828 L(f)
992 1805 1035 1808 —
1071 1788 1124 1819 12.
1151 1787 1245 1820 sicut
1270 1790 1302 1820 et
1326 1785 1359 1819 A
1386 1806 1427 1810 —

89 1835 142 1867 14.
168 1836 210 1867 ut
228 1832 261 1865 A
285 1832 345 1872 sed
364 1831 391 1864 L
417 1836 455 1866 at
476 1830 637 1865 Schenkl
662 1851 705 1856 —-
735 1834 788 1865 17.
810 1832 1139 1875 peruaqatissimus
1159 1831 1186 1865 L
1211 1852 1256 1857 —
1283 1835 1338 1866 20.
1367 1832 1430 1876 qui

86 1878 240 1921 Madvig
266 1898 310 1903 —
337 1882 392 1912 21.
419 1879 483 1913 hoc
501 1889 595 1912 ame
620 1877 647 1910 L
675 1898 716 1903 —
744 1881 800 1912 32.
826 1878 995 1912 maoeimis
1021 1888 1090 1911 om.
1117 1878 1145 1911 L
1172 1898 1215 1902 —
1240 1879 1371 1921 forens.
1391 1889 1427 1913 n.

85 1926 190 1961 rebus
214 1925 242 1958 L
275 1945 318 1951 -—
353 1929 407 1959 33.
439 1929 472 1959 et
496 1926 651 1960 externis
678 1935 748 1958 om.
774 1923 802 1957 L
829 1945 871 1949 —
898 1925 1059 1959 inclusae
1085 1928 1117 1959 et
1140 1923 1173 1958 A
1198 1926 1305 1960 etiam
1330 1924 1358 1958 L
1388 1946 1426 1950 —

87 1976 142 2006 35.
168 1976 209 2006 ut
228 1975 293 2006 aut
317 1971 345 2005 L
372 1992 415 1996 —
441 1971 479 2006 P.
501 1974 578 2006 353.
601 1976 632 2005 5.
658 1972 784 2015 utfiat
810 1970 843 2004 A
867 1975 918 2005 est
937 1972 1031 2006 enim
1056 1970 1084 2004 L
1110 1991 1153 1996 -—
1178 1982 1242 2006 nec
1261 1973 1301 2007 id
1325 1971 1353 2005 L
1369 1971 1428 2015 (E)

88 2039 131 2044 -—
158 2023 189 2053 6.
215 2020 276 2061 fiet
299 2018 326 2051 L
354 2038 397 2043 —-
427 2022 478 2052 13.
513 2022 587 2053 tam
619 2019 704 2052 min.
730 2019 816 2053 haec
841 2017 868 2051 L
896 2037 938 2041 —
969 2020 1020 2051 14.
1054 2018 1251 2060 formulam
1275 2018 1308 2052 A
1337 2019 1430 2053 hanc

85 2067 187 2100 uiam
212 2065 240 2099 L
285 2085 319 2090 -
362 2068 416 2098 18.
447 2075 620 2110 qrauesue
645 2064 673 2097 L
711 2085 755 2089 —
796 2068 849 2098 19.
881 2065 1078 2099 inconditis
1101 2065 1218 2100 verbis
1242 2064 1270 2098 L
1302 2086 1346 2090 -
1373 2068 1428 2100 20.

87 2113 274 2155 offendunt
298 2111 354 2145 fE
387 2131 431 2136 —
466 2115 522 2146 22.
555 2113 644 2156 quin
669 2111 695 2146 C
721 2113 783 2156 qui
810 2124 836 2145 ω
870 2131 914 2135 -
946 2114 1001 2146 23.
1038 2111 1171 2156 Theop.
1198 2113 1307 2146 etiam
1331 2111 1359 2145 L
1385 2131 1429 2137 —

87 2163 142 2193 25.
169 2159 302 2202 fecerat
322 2169 392 2192 om.
413 2157 441 2191 L
461 2179 505 2183 -
529 2162 594 2193 aut
613 2158 640 2191 L
660 2159 760 2193 haud
779 2157 811 2191 f3
831 2168 901 2192 om.
922 2156 955 2191 A
976 2178 1017 2182 —
1039 2161 1094 2193 29.
1114 2162 1200 2193 sunt
1219 2158 1291 2193 Erl.
1312 2158 1369 2192 Es
1385 2178 1429 2183 —

88 2209 143 2240 30.
169 2217 260 2250 quae
278 2207 330 2240 sic
437 2206 484 2240 sit
510 2204 581 2240 del.
602 2204 704 2238 Bake
731 2225 775 2229 -
803 2209 858 2238 32.
883 2215 1013 2239 uocum
1033 2203 1058 2239 C
1084 2206 1263 2240 vocalium
1287 2205 1428 2239 Manut.

88 2273 124 2278 ——
157 2252 195 2287 P.
217 2255 296 2286 354.
319 2255 348 2287 7.
374 2262 478 2296 saepe
502 2251 535 2285 A
558 2252 662 2286 semel
686 2251 713 2284 L
740 2272 783 2276 --
812 2254 842 2286 9.
869 2252 972 2286 semel
996 2252 1082 2295 post
1106 2262 1171 2286 nos
1196 2251 1320 2294 Bergk
1345 2251 1431 2294 post

86 2304 118 2334 et
144 2298 227 2333 add.
254 2297 474 2341 Heerdegen
499 2318 543 2323 ——
572 2303 625 2333 13.
658 2299 845 2334 uocabulis
869 2297 902 2331 A
927 2318 970 2323 —
1000 2301 1052 2331 14.
1086 2302 1187 2333 etuas
1211 2298 1243 2331 A
1267 2299 1377 2332 uiuas
1402 2296 1429 2329 L

156 2363 225 2389 CIC.
245 2364 268 2389 1.
289 2365 311 2389 2.
1123 2366 1142 2390 Θ
