1643 2526
374 77 517 112 LIBER
541 77 601 113 ΠΙ.
652 76 752 113 CAP.
779 80 928 112 35—36.
968 80 987 118 g
1015 79 1211 111 140—145.
1384 76 1469 118 199

126 188 264 228 neque
295 166 565 215 inscientiam
596 173 731 227 illius,
769 172 837 214 cui
867 186 936 213 res
967 186 1055 213 non
1086 174 1303 227 suppetat,
1340 172 1470 213 verba

127 247 215 273 non
253 232 410 287 desint,
447 246 538 273 esse
576 231 848 284 laudandam3
894 245 1075 284 quorum
1114 231 1149 271 si
1188 230 1371 271 alterum
1414 230 1470 271 sit

129 291 375 345 optandum,
400 290 547 331 malim
566 290 762 344 equidem
780 289 1031 330 indisertam
1049 289 1322 343 prudentiam
1342 303 1470 343 quam

129 349 361 390 stultitiam
391 349 632 404 loquacem3
664 348 699 389 si
726 347 966 402 quaerimus
994 348 1095 402 quid
1126 362 1259 389 unum
1291 347 1540 388 excellat143

94 418 181 448 sex
219 407 435 462 omnibus,
479 408 605 448 docto
645 406 806 448 oratori
846 406 989 460 palma
1027 406 1225 461 dandast3
1271 420 1397 460 quem
1434 405 1471 446 si

128 466 352 521 patiuntur
390 466 569 507 eundem
607 480 698 506 esse
735 464 1058 519 philosophum,
1097 465 1267 505 sublata
1305 467 1472 505 contro-

128 524 267 566 versia
304 527 380 565 est.
443 522 519 565 Sin
556 538 628 565 eos
667 523 906 578 diiungent,
948 523 1029 564 hoc
1071 526 1196 564 erunt
1235 522 1472 576 inferiores,

130 583 243 638 quod
267 582 313 623 in
339 585 507 624 oratore
539 582 730 636 perfecto
761 582 874 623 inest
904 581 1078 622 illorum
1111 581 1248 622 omnis
1282 581 1472 634 scientia,

128 641 174 682 in
198 641 555 696 philosophorum
581 644 724 682 autem
745 640 990 696 cognitione
1015 654 1104 681 non
1129 639 1333 681 continuo
1358 639 1472 679 inest

78 712 110 737 10
131 700 391 754 eloquentia,
412 714 518 753 quae
540 713 784 753 quanquam
805 699 1112 740 condemnatur
1133 699 1185 739 ab
1207 698 1281 753 eis,
1299 712 1472 739 necesse

131 761 196 799 est
221 761 366 799 tamen
392 758 578 812 aliquem
605 757 823 799 cumulum
847 757 1021 798 illorum
1048 756 1212 798 artibus
1240 756 1388 797 afferre
1415 755 1474 797 vi-

131 817 290 858 deatur.
339 816 457 857 Haec
484 831 580 857 cum
600 814 778 857 Crassus
806 816 994 870 dixisset,
1018 830 1248 870 parumper
1275 817 1353 867 [et]
1380 814 1472 868 ipse

132 874 338 916 conticuit
373 877 433 927 [et
465 874 616 916 ceteris
649 874 868 915 silentium
899 874 1013 926 fuit}

248 933 357 974 Tum
384 932 530 975 Cotta:
563 932 785 987 Equidem,
815 932 968 987 inquit,
994 930 1159 985 Crasse,
1183 945 1271 972 non
1295 944 1473 985 possum
1487 906 1543 947 36

80 1004 112 1029 15
133 992 271 1046 queri,
309 991 421 1046 quod
459 991 565 1032 mihi
601 991 768 1032 videare
807 991 922 1031 aliud
960 990 1159 1045 quiddam
1198 993 1240 1030 et
1276 989 1320 1030 id
1360 974 1544 1044 quod144

131 1065 220 1091 non
250 1049 486 1104 susceperis
519 1049 778 1103 disputasse,
820 1049 917 1103 plus
957 1048 1071 1089 enim
1108 1048 1329 1101 aliquanto
1363 1050 1475 1088 attu-

131 1109 234 1163 listi,
260 1123 388 1162 quam
408 1107 489 1148 tibi
510 1111 601 1148 erat
621 1107 833 1148 tributum
853 1122 877 1147 a
895 1107 1021 1147 nobis
1050 1108 1117 1158 [ac
1138 1106 1474 1159 denuntiatum];

134 1168 206 1208 sed
245 1169 358 1207 certe
395 1168 444 1206 ut
476 1180 549 1207 eae
580 1169 724 1220 partes
756 1165 930 1206 fuerunt
961 1168 1079 1217 tuae,
1118 1165 1167 1205 de
1205 1164 1506 1209 inlustranda,

134 1225 326 1267 oratione
353 1227 401 1265 ut
427 1224 600 1278 diceres,
631 1226 673 1265 et
701 1238 793 1265 eras
813 1223 904 1278 ipse
923 1223 1011 1264 iam
1028 1223 1249 1278 ingressus
1276 1225 1402 1276 atque
1429 1221 1476 1262 in

81 1296 114 1321 20
135 1286 338 1338 quattuor
368 1282 504 1336 partis
544 1297 713 1323 omnem
745 1281 952 1323 orationis
984 1282 1154 1322 laudem
1186 1281 1475 1334 discripseras,

135 1357 230 1383 cum
269 1342 318 1382 de
357 1341 521 1381 duabus
561 1340 710 1394 primis
750 1340 875 1381 nobis
917 1339 1087 1393 quidem
1129 1339 1252 1393 satis,
1297 1339 1388 1393 sed,
1427 1341 1475 1379 ut

133 1401 225 1455 ipse
260 1399 465 1451 [dicebas]
476 1432 486 1453 ,
524 1398 717 1439 celeriter
749 1398 982 1453 exigueque
1016 1397 1213 1451 dixisses,
1251 1397 1354 1437 duas
1393 1396 1475 1436 tibi

134 1459 321 1511 reliquas
365 1457 544 1511 feceras,
594 1471 719 1510 quem
764 1456 817 1496 ad
859 1456 1033 1496 modum
1079 1455 1265 1509 primum
1315 1457 1476 1508 ornate,

136 1516 284 1558 deinde
312 1515 440 1556 etiam
466 1517 563 1569 apte
590 1515 842 1555 diceremus:
870 1528 953 1567 quo
981 1528 1078 1555 cum
1102 1514 1322 1568 ingressus
1349 1521 1545 1566 esses,145

83 1586 116 1612 25
135 1577 310 1629 repente
341 1576 384 1615 te
418 1574 538 1627 quasi
577 1573 749 1626 quidam
790 1575 931 1613 aestus
976 1572 1122 1626 ingeni
1166 1571 1230 1612 tui
1269 1570 1420 1625 procul
1452 1585 1476 1611 a

135 1636 251 1675 terra
282 1632 471 1686 abripuit
503 1634 630 1686 atque
661 1631 707 1671 in
738 1631 872 1671 altum
905 1645 930 1671 a
962 1632 1193 1684 conspectu
1223 1643 1357 1683 paene
1391 1643 1476 1669 om-

135 1692 256 1732 nium
287 1690 508 1731 abstraxit.
571 1688 750 1730 Omnem
789 1689 903 1730 enim
933 1703 1076 1729 rerum
1109 1687 1333 1729 scientiam
1365 1701 1477 1728 com-

135 1750 285 1804 plexus
316 1763 403 1789 non
434 1751 483 1789 tu
515 1747 684 1801 quidem
722 1762 815 1788 eam
846 1746 971 1787 nobis
1004 1745 1219 1787 tradidisti
1255 1769 1304 1774 —
1339 1759 1475 1798 neque

137 1807 251 1849 enim
283 1806 365 1847 fuit
396 1810 486 1847 tam
518 1805 661 1860 exigui
686 1805 892 1859 temporis
925 1821 998 1858 —3
1033 1805 1106 1845 sed
1131 1804 1243 1858 apud
1267 1803 1346 1844 hos
1375 1803 1477 1856 quid

83 1882 118 1907 30
136 1864 366 1921 profeceris
409 1864 572 1918 nescio,
614 1878 680 1904 me
725 1863 896 1917 quidem
931 1863 978 1903 in
1015 1861 1291 1903 Academiam
1334 1864 1476 1901 totum

138 1922 395 1977 compulisti.
456 1922 508 1962 In
545 1936 629 1975 qua
665 1921 792 1963 velim
831 1921 887 1962 sit
926 1921 1050 1974 illud,
1091 1920 1205 1973 quod
1243 1933 1367 1973 saepe
1404 1934 1478 1973 po-

139 1981 276 2034 suisti,
307 1983 355 2021 ut
378 1994 467 2020 non
491 1994 662 2021 necesse
696 1980 752 2020 sit
784 1993 1032 2021 consumere
1065 1981 1249 2019 aetatem
1276 1980 1403 2031 atque
1429 1980 1478 2018 ut

136 2039 275 2095 possit
317 2038 354 2079 is
391 2038 467 2079 illa
504 2038 646 2079 omnia
683 2052 871 2091 cernere,
916 2037 988 2090 qui
1023 2036 1321 2077 tantummodo
1361 2050 1478 2089 aspe-

137 2098 265 2152 xerit,
307 2096 380 2137 sed
417 2096 547 2137 etiam
585 2096 621 2136 si
653 2099 717 2137 est
749 2095 976 2149 aliquando
1010 2094 1189 2148 spissius
1222 2097 1296 2135 aut
1329 2093 1363 2134 si
1396 2107 1475 2147 ego

85 2171 119 2197 35
139 2171 233 2197 sum
259 2154 432 2208 tardior,
463 2153 655 2208 profecto
681 2168 899 2207 nunquam
926 2153 1224 2206 conquiescam
1249 2166 1385 2205 neque
1413 2152 1479 2191 de-

137 2213 352 2268 fetigabor
379 2215 488 2266 ante,
514 2226 641 2265 quam
664 2212 838 2252 illorum
865 2211 1063 2265 ancipitis
1089 2211 1179 2251 vias
1205 2210 1477 2261 rationesque

138 2275 182 2313 et
204 2285 282 2326 pro
316 2270 513 2311 omnibus
546 2273 589 2310 et
620 2273 769 2311 contra
795 2269 938 2311 omnia
964 2268 1209 2323 disputandi
1238 2280 1478 2321 percepero.
