1643 2526
73 729 104 753 10

72 1020 103 1044 15

72 1312 106 1336 20

509 92 609 125 UAP.
637 92 784 124 50—51.
836 92 854 130 ἓ
883 91 1077 123 166-171.
1375 88 1457 129 361

120 188 225 228 bant
262 189 305 228 et
343 185 577 228 sententias
616 185 758 240 gravis
796 187 839 225 et
877 184 1018 225 suavis
1059 182 1347 237 reperiebant,
1388 184 1461 224 sed

121 260 191 287 eas
234 248 307 286 aut
346 245 591 286 vinciebant
631 246 705 284 aut
746 242 973 297 explebant
1011 257 1173 298 parum.
1237 241 1351 283 ‘Hoc
1393 252 1531 282 memo

119 304 262 358 ipsum
300 303 495 344 delectat'
533 302 742 356 inquiunt.
805 300 934 355 Quid,
975 300 1011 341 si
1049 300 1349 354 antiquissima
1385 300 1461 341 illa

120 362 289 416 pictura
313 376 547 416 paucorum
579 361 770 402 colorum
798 359 936 414 magis
964 373 1090 413 quam
1121 359 1226 400 haec
1257 358 1345 400 iam
1369 374 1461 413 per-

122 420 244 461 fectav
278 420 477 473 delectet,
519 419 594 460 illa
634 418 760 459 nobis
806 418 862 459 sit
903 418 1026 459 credo
1068 418 1313 472 repetenda,
1355 417 1460 458 haec

123 479 286 520 scilicet
329 478 605 533 repudianda!
666 476 923 518 Nominibus
970 479 1160 517 veterum
1210 476 1460 532 gloriantur.

122 536 266 578 Habet
307 540 449 578 autem
490 540 537 577 ut
573 536 619 577 in
656 535 868 576 aetatibus
910 535 1211 576 auctoritatem
1254 537 1461 588 senectus,

124 595 183 636 sic
203 595 248 636 in
268 595 471 649 exemplis
493 594 739 648 antiquitas,
765 608 872 648 quae
900 593 1069 647 quidem
1096 593 1208 647 apud
1234 608 1300 634 me
1320 593 1461 647 ipsum

122 654 235 694 valet
271 654 514 708 plurimum.
575 652 665 694 Nec
704 666 783 707 ego
820 652 865 692 id
902 652 1016 705 quod
1057 652 1175 692 deest
1213 651 1462 705 antiquitati

123 712 273 766 flagito
310 712 455 766 potius
494 726 622 765 quam
653 711 779 752 laudo
813 711 926 765 quod
957 713 1039 764 est3
1082 710 1334 764 praesertim
1367 725 1463 751 cum

126 772 210 822 [ea]
239 771 402 811 maiora
425 770 608 811 iudicem
635 784 741 823 quae
769 772 880 823 sunt,
912 784 1039 823 quam
1064 768 1139 809 illa
1165 783 1271 822 quae
1299 769 1462 809 desunt.

122 828 225 869 Plus
258 832 323 869 est
355 828 468 870 enim
498 829 543 869 in
574 828 715 869 verbis
748 831 790 868 et
820 827 866 868 in
898 827 1122 868 sententiis
1154 827 1269 881 boni,
1307 827 1462 880 quibus

123 887 187 927 illi
213 887 437 941 excellunt,
465 902 593 940 quam
618 887 663 927 in
689 886 959 927 conclusione
987 885 1309 940 sententiarum,
1335 899 1462 938 quam

123 959 210 986 non
247 945 418 986 habent.
479 945 585 986 Post
623 945 797 986 inventa
834 944 1050 985 conclusio
1090 946 1173 998 est,
1217 958 1300 997 qua
1338 944 1461 984 credo
1477 943 1531 982 51

124 1018 276 1045 usuros
308 1007 472 1045 veteres
504 1004 601 1044 illos
628 1003 772 1057 fuisse,
803 1003 839 1043 si
864 1003 951 1043 iam
976 1005 1079 1043 nota
1105 1005 1238 1056 atque*
1258 1005 1464 1056 usurpata

124 1076 190 1103 res
224 1065 353 1117 esset3
397 1077 481 1115 qua
516 1062 690 1103 inventa
729 1076 874 1102 omnes
912 1075 1011 1101 usos
1052 1075 1231 1115 magnos
1271 1064 1462 1101 oratores

124 1120 326 1161 videmus.
378 1119 461 1161 Sed
490 1121 622 1161 habet
646 1134 803 1160 nomen
830 1119 1046 1173 invidiam,
1078 1134 1174 1160 cum
1199 1119 1244 1160 in
1271 1119 1534 1160 oratione170

123 1178 311 1220 iudiciali
344 1181 386 1219 et
416 1179 577 1220 forensi
615 1193 816 1219 numerus
856 1177 1044 1232 [Latine,
1083 1177 1242 1219 Graece
1274 1178 1463 1232 ῥυθμός]
1505 1206 1512 1209 »

124 1237 262 1278 inesse
301 1236 467 1277 dicitur.
528 1236 669 1277 Nimis
708 1237 821 1277 enim
856 1236 1107 1276 insidiarum
1149 1236 1201 1276 ad
1239 1236 1464 1290 capiendas

126 1295 239 1335 auris
270 1295 461 1335 adhiberi
486 1295 665 1349 videtur,
697 1295 732 1335 si
765 1294 895 1335 etiam
925 1294 971 1334 in
1003 1294 1179 1335 dicendo
1211 1294 1378 1335 numeri
1411 1295 1463 1334 ab

127 1356 296 1394 oratore
329 1356 600 1407 quaeruntur.
661 1353 755 1394 Hoc
787 1353 886 1393 freti
916 1352 990 1392 isti
1017 1356 1060 1392 et
1091 1352 1174 1405 ipsi
1206 1352 1391 1393 infracta
1424 1355 1467 1393 et

127 1414 348 1465 amputata
379 1411 579 1453 locuntur
605 1414 647 1452 et
673 1425 745 1452 eos
776 1411 1021 1464 vituperant
1047 1410 1120 1464 qui
1146 1414 1247 1464 apta
1275 1414 1318 1451 et
1343 1410 1466 1451 finita

125 1469 423 1523 pronuntiant3
469 1470 504 1510 si
542 1469 741 1510 inanibus
775 1468 916 1510 verbis
948 1468 1196 1523 levibusque
1230 1469 1467 1523 sententiis,

125 1528 236 1582 iure3
279 1528 346 1568 sin
382 1528 541 1582 probae
572 1543 657 1582 res,
694 1528 806 1569 lecta
837 1527 983 1581 verba,
1021 1527 1121 1580 quid
1154 1530 1219 1568 est
1251 1542 1324 1568 cur
1356 1527 1467 1568 clau-

73 1602 103 1627 ρ-
127 1586 224 1626 dere
262 1589 336 1627 aut
372 1586 570 1627 insistere
612 1586 849 1627 orationem
890 1585 1042 1626 malint
1083 1600 1211 1638 quam
1249 1600 1344 1626 cum
1377 1600 1467 1626 sen-

127 1644 264 1685 tentia
288 1644 449 1697 pariter
474 1645 724 1686 excurrere?
756 1644 838 1685 Hic
865 1643 978 1684 enim
1002 1644 1238 1684 invidiosus
1263 1659 1467 1684 numerus

125 1702 233 1742 nihil
272 1703 394 1743 affert
432 1703 546 1744 aliud
576 1703 659 1743 nisi
692 1706 739 1743 ut
771 1702 827 1743 sit
859 1705 957 1756 apte
989 1702 1130 1743 verbis
1163 1703 1469 1756 comprehensa

128 1760 356 1815 sententia3
389 1762 501 1814 quod
525 1762 575 1801 fit
602 1761 731 1802 etiam
758 1762 809 1801 ab
843 1760 1044 1814 antiquis,
1077 1761 1149 1801 sed
1180 1775 1333 1814 parum
1359 1763 1468 1801 tum-

129 1832 209 1871 que
242 1833 342 1859 casu
375 1819 460 1860 sive
498 1823 669 1874 natura3
712 1822 755 1860 et
787 1834 893 1874 quae
930 1819 1051 1859 valde
1089 1819 1319 1859 laudantur
1357 1819 1468 1872 apud

77 1893 110 1917 30
128 1875 238 1929 illos,
274 1891 323 1917 ea
352 1876 439 1918 fere
472 1877 571 1930 quia
604 1880 703 1918 sunt
735 1878 935 1918 conclusa
965 1877 1203 1917 laudantur.
1266 1877 1325 1917 Et
1357 1877 1538 1931 apudl71

131 1933 316 1975 Graecos
361 1935 531 1988 quidem
573 1935 659 1976 iam
701 1935 800 1976 anni
839 1949 971 1989 prope
1014 1935 1315 1990 quadringenti
1357 1938 1468 1988 sunt,

130 2007 227 2033 eum
251 1992 332 2033 hoc
357 1993 582 2048 probatur3
613 2008 691 2034 nos
716 2008 852 2048 nuper
877 1993 1141 2048 agnovimus.
1186 1993 1305 2048 Ergo
1326 1993 1468 2034 Ennio

129 2050 252 2091 licuit
282 2053 426 2091 vetera
459 2052 749 2092 contemnenti
781 2052 936 2093 dicere:

189 2136 451 2192 Versibus,
471 2152 594 2191 quos
616 2139 736 2180 olim
755 2138 916 2179 Fauni
937 2141 1180 2192 vatesque
1201 2139 1471 2192 canebant,

79 2241 112 2266 35
131 2224 236 2265 mihi
269 2224 317 2265 de
350 2224 537 2278 antiquis
570 2225 716 2266 eodem
741 2226 868 2267 modo
894 2240 980 2267 non
1010 2226 1189 2267 licebit?
1220 2225 1469 2280 praesertim

132 2297 228 2324 cum
261 2282 450 2323 dicturus
482 2297 568 2323 non
601 2283 681 2324 sim
714 2287 828 2325 ante
859 2284 1009 2339 hunc,
1046 2287 1094 2325 ut
1125 2285 1216 2338 ille,
1253 2298 1329 2324 nec
1363 2297 1469 2336 quae
