1643 2526
486 119 587 156 CAP.
613 122 763 154 32-33.
814 122 833 161 g
860 121 1056 153 112—118.
1356 116 1442 158 343

101 218 225 272 fallit,
250 217 462 272 duplicem
486 216 619 257 habet
644 213 821 256 docendi
846 213 971 254 viam.
1021 212 1135 254 Nam
1162 216 1204 254 et
1231 212 1323 267 ipse
1350 212 1444 253 Ari-

103 277 279 318 stoteles
300 275 477 316 tradidit
501 276 729 329 praecepta
753 271 938 327 plurima
965 272 1198 313 disserendi
1225 275 1267 312 et
1292 274 1444 326 postea

104 335 175 389 qui
219 334 431 376 dialectici
475 333 673 374 dicuntur
716 330 956 386 spinosiora
999 330 1136 371 multa
1175 332 1440 384 pepererunt.

102 392 196 448 Ego
235 407 332 434 eum
371 406 522 434 censeo
562 390 634 445 qui
672 389 939 444 eloquentiae
979 388 1101 429 laude
1141 389 1320 430 ducatur
1356 398 1512 429 non115

67 468 83 494 5
103 466 194 492 esse
220 466 366 492 earum
391 465 533 491 rerum
563 448 735 490 omnino
768 448 928 501 rudem,
961 447 1033 488 sed
1064 447 1130 489 vel
1160 447 1235 487 illa
1267 446 1444 500 antiqua

101 510 167 550 vel
199 510 278 550 hac
311 508 540 563 Chrysippi
572 506 797 561 disciplina
826 505 1088 546 institutum.
1150 504 1331 546 Noverit
1361 505 1444 559 pri-

102 583 219 609 mum
250 568 354 621 vim,
390 570 607 620 naturam,
645 580 800 620 genera
836 564 1064 605 verborum
1103 567 1145 604 et
1183 563 1444 617 simplicium

102 630 144 667 et
177 626 490 680 copulatorum3
533 624 680 665 deinde
720 626 825 677 quot
862 623 999 664 modis
1038 622 1221 676 quidque
1260 622 1443 675 dicatur3

103 699 185 738 qua
222 684 387 725 ratione
424 698 571 724 verum
607 682 817 723 falsumne
856 681 913 722 sit
949 681 1178 735 iudicetur3
1223 680 1323 734 quid
1356 680 1444 720 effi-

51 761 85 786 10
106 743 244 784 ciatur
276 757 297 783 e
331 756 519 796 quoque,
562 741 664 795 quid
702 740 852 794 cuique
892 753 1155 793 consequens
1197 738 1254 780 sit
1292 738 1443 793 quidve

103 801 386 855 contrarium3
406 814 585 853 cumque
606 799 805 853 ambigue
826 798 963 839 multa
983 798 1192 851 dicantur,
1211 811 1294 851 quo
1316 797 1442 838 modo

102 859 288 914 quidque
333 873 480 900 eorum
524 857 654 898 dividi
699 856 1000 911 explanarique
1046 859 1253 910 oporteat.
1325 854 1444 896 Haec

101 918 286 958 tenenda
317 920 417 958 sunt
445 916 606 957 oratori
635 939 684 945 —
714 929 838 969 saepe
871 915 984 956 enim
1017 917 1245 955 occurrunt
1271 938 1340 968 --,
1372 913 1445 954 sed

103 976 202 1029 quia
235 991 312 1016 sua
350 978 501 1029 sponte
541 974 800 1027 squalidiora
838 976 954 1027 sunt,
993 973 1256 1013 adhibendus
1289 972 1371 1013 erit
1400 972 1446 1012 in

50 1052 82 1078 15
101 1034 169 1076 his
203 1034 462 1088 explicandis
495 1033 669 1087 quidam
702 1031 907 1073 orationis
939 1031 1065 1072 nitor.

218 1093 277 1133 Et
315 1092 517 1146 quoniam
554 1091 599 1131 in
638 1090 853 1144 omnibus,
891 1104 997 1143 quae
1034 1089 1200 1130 ratione
1240 1089 1446 1130 docentur

101 1154 144 1193 et
168 1151 250 1206 via,
280 1151 467 1204 primum
499 1148 844 1191 constituendum
870 1151 936 1189 est
963 1148 1063 1201 quid
1090 1147 1274 1201 quidque
1307 1147 1364 1188 sit
1393 1171 1442 1176 —

100 1209 184 1251 nisi
216 1209 329 1250 enim
366 1209 478 1249 inter
519 1222 591 1248 eos
625 1207 698 1261 qui
736 1207 976 1260 disceptant
1015 1206 1212 1247 convenit
1251 1205 1352 1260 quid
1390 1205 1446 1246 sit

102 1268 209 1308 illud
241 1267 355 1321 quod
387 1266 639 1321 ambigitur,
678 1280 755 1306 nec
793 1268 907 1306 recte
946 1265 1096 1305 disseri
1134 1279 1338 1319 umquam
1368 1278 1446 1305 nec

49 1345 84 1370 20
104 1327 156 1367 ad
194 1326 356 1366 exitum
393 1324 605 1379 perveniri
642 1326 786 1377 potest
821 1347 887 1378 -,
930 1323 1179 1377 explicanda
1217 1325 1282 1363 est
1321 1337 1445 1376 saepe

102 1384 244 1426 verbis
282 1398 401 1424 mens
439 1386 588 1423 nostra
626 1383 675 1423 de
715 1396 880 1435 quaque
918 1396 962 1422 re
1002 1385 1129 1434 atque
1160 1381 1354 1421 involuta
1384 1380 1446 1421 rei

102 1443 260 1484 notitia
286 1441 524 1483 definiendo
552 1440 779 1495 aperienda
804 1443 882 1494 est,
908 1439 944 1480 si
965 1439 1137 1493 quidem
1163 1442 1228 1479 est
1254 1438 1445 1479 definitio

104 1501 256 1554 oratio,
288 1515 395 1554 quae
428 1499 531 1553 quid
563 1499 619 1539 sit
649 1499 693 1539 id
725 1498 774 1539 de
808 1512 891 1551 quo
925 1498 1068 1552 agitur
1101 1497 1287 1538 ostendit
1320 1511 1448 1550 quam

103 1559 372 1613 brevissime3
404 1561 508 1611 tum,
536 1560 584 1598 ut
611 1557 706 1611 scis,
739 1556 949 1610 explicato
978 1570 1130 1611 genere
1157 1555 1361 1609 cuiusque
1387 1554 1449 1596 rei

52 1635 85 1661 25
105 1618 332 1659 videndum
364 1619 430 1657 est
462 1630 569 1669 quae
603 1615 689 1655 sint
721 1614 811 1655 eius
846 1614 1011 1669 generis
1046 1614 1133 1655 sive
1165 1614 1327 1655 formae
1361 1613 1448 1654 sive

103 1679 259 1730 partes,
298 1678 347 1716 ut
377 1675 422 1715 in
454 1689 524 1715 eas
556 1673 772 1714 tribuatur
805 1673 943 1714 omnis
976 1672 1126 1713 oratio,
1186 1672 1284 1712 Erit
1314 1672 1518 1726 igiturn?

104 1735 208 1775 haec
246 1733 428 1774 facultas
466 1733 511 1773 in
548 1747 597 1773 eo
637 1746 762 1785 quem
801 1732 998 1773 volumus
1037 1745 1128 1771 esse
1167 1731 1450 1784 eloquentem,

106 1796 155 1833 ut
187 1792 360 1833 definire
388 1805 478 1832 rem
503 1790 642 1845 possit
666 1805 744 1831 nec
770 1790 813 1830 id
845 1789 976 1831 faciat
1007 1792 1097 1829 tam
1128 1803 1272 1843 presse
1306 1791 1348 1829 et
1380 1803 1450 1829 an-

108 1853 244 1905 guste,
276 1864 404 1903 quam
434 1849 480 1889 in
509 1849 596 1889 illis
630 1848 929 1889 eruditissimis
962 1847 1325 1901 disputationibus
1356 1846 1450 1887 fieri

53 1927 88 1952 30
107 1909 234 1962 solet,
273 1908 345 1948 sed
385 1921 482 1948 cum
519 1907 785 1960 explanatius
825 1910 917 1946 tum
956 1906 1087 1946 etiam
1116 1905 1291 1946 uberius
1324 1908 1366 1945 et
1398 1905 1451 1946 ad

107 1980 330 2008 commune
374 1965 580 2005 iudicium
622 1965 956 2019 popularemque
999 1963 1340 2018 intellegentiam
1384 1977 1450 2004 ac-

107 2023 438 2077 commodatius3
463 2023 658 2076 idemque
680 2023 821 2077 etiam,
841 2037 937 2063 cum
956 2037 1023 2063 res
1043 2022 1294 2076 postulabit,
1315 2036 1448 2076 genus

106 2083 355 2124 universum
378 2081 424 2121 in
451 2081 610 2134 species
637 2084 787 2135 certas,
812 2084 859 2121 ut
884 2080 1002 2121 nulla
1021 2095 1158 2134 neque
1184 2080 1450 2134 praetermit-

107 2144 224 2182 tatur
261 2154 398 2194 neque
435 2139 658 2193 redundet,
701 2139 911 2193 partietur
953 2153 1000 2179 ac
1038 2139 1207 2180 dividet.
1270 2137 1447 2186 Quando

55 2217 88 2244 35
109 2202 252 2240 autem
282 2198 326 2238 id
356 2197 488 2238 faciat
520 2200 593 2237 aut
625 2211 707 2250 quo
740 2197 886 2251 modo,
924 2197 1033 2237 nihil
1071 2197 1123 2238 ad
1153 2197 1235 2238 hoc
1268 2199 1450 2249 tempus,

109 2258 323 2312 quoniam,
353 2258 402 2296 ut
425 2270 554 2309 supra
573 2254 672 2309 djxi,
696 2255 880 2296 iudicem
899 2270 992 2296 esse
1011 2270 1091 2310 me,
1115 2269 1203 2296 non
1229 2255 1448 2295 doctorem

108 2316 217 2357 volo.
278 2314 368 2355 Nec
406 2327 505 2354 vero
545 2328 569 2353 a
601 2312 834 2355 dialecticis
871 2314 998 2355 modo
1038 2313 1094 2354 sit
1130 2313 1366 2354 instructus
1406 2313 1518 2352 et118

1459 1066 1515 1107 33

1452 1135 1515 1166 11ss
