1643 2526
532 89 631 125 CAP.
659 93 808 125 91-92.
853 94 872 132 ἓ
898 93 1094 126 312-317.
1397 92 1481 134 307

146 183 416 237 studiumque
431 183 728 239 philosophiae
738 199 972 239 numquam
985 185 1278 227 intermissum
1291 201 1315 227 a
1328 186 1483 241 prima-

146 256 226 296 que
259 242 547 283 adulescentia
573 243 735 284 cultum
766 246 809 284 et
835 258 1001 298 semper
1027 248 1200 286 auctum
1225 244 1308 286 hoc
1333 260 1481 286 rursus

145 315 311 342 summo
353 303 526 342 auctore
567 304 609 342 et
651 302 823 343 doctore
862 303 1073 343 renovavi.
1135 303 1300 344 Eodem
1337 306 1483 344 tamen

145 362 336 413 tempore
368 359 551 400 Athenis
589 360 701 414 apud
732 360 1000 402 Demetrium
1033 359 1188 415 Syrum
1219 364 1406 403 veterem
1438 365 1480 403 et

109 431 231 459 5non
268 417 504 472 ignobilem
551 418 716 459 dicendi
762 418 1019 473 magistrum
1064 420 1253 461 studiose
1298 420 1483 462 exerceri

146 475 346 516 solebam.
407 475 513 517 Post
550 491 574 516 a
606 491 672 517 me
703 476 808 517 Asia
845 480 938 518 tota
968 482 1198 533 peragrata
1229 482 1294 519 est
1325 479 1354 532 †
1386 494 1484 520 cum

146 534 322 575 summis
356 534 525 588 quidem
559 535 813 590 oratoribus,
846 535 1100 590 quibuscum
1127 537 1353 578 exercebar
1376 537 1483 592 ipsis

143 592 409 647 lubentibus,
448 607 628 646 quorum
660 596 751 634 erat
786 594 983 648 princeps
1015 594 1241 649 Menippus
1276 594 1484 637 Stratoni-

146 651 282 692 censis
324 665 418 692 meo
459 651 616 692 iudicio
658 655 751 693 tota
786 652 892 693 Asia
929 653 1014 693 illis
1052 653 1317 708 temporibus
1357 654 1485 695 diser-

93 725 126 750 10
146 709 357 763 tissimus3
390 712 443 763 et,
476 710 511 750 si
542 709 650 750 nihil
681 710 837 751 habere
869 711 1165 752 molestiarum
1195 726 1273 753 nec
1304 712 1483 766 ineptia-

145 782 240 808 rum
271 768 517 809 Atticorum
548 771 624 822 est,
655 768 724 810 hic
757 772 902 810 orator
932 769 979 810 111
1007 769 1094 811 illis
1120 771 1337 811 numerari
1367 773 1482 812 recte

144 829 297 880 potest.
377 825 688 867 Adsiduissime
733 830 875 868 autem
912 842 1079 869 mecum
1116 828 1200 869 fuit
1244 828 1552 883 Dionysius316

145 884 341 939 Magnes3
373 887 465 925 erat
497 884 627 926 etiam
652 884 891 939 Aeschylus
925 884 1112 941 Cnidius,
1142 886 1479 941 Adramyttenus

145 942 367 983 Xenocles.
413 942 472 983 Hi
498 945 590 984 tum
615 943 660 983 in
679 942 784 984 Asia
808 944 1030 985 rhetorum
1054 945 1268 999 principes
1293 960 1485 987 numera-

93 1017 125 1042 15
145 1001 312 1041 bantur.
376 999 540 1049 Quibus
577 1015 664 1041 non
702 1004 927 1043 contentus
960 1002 1161 1044 Rhodum
1198 1003 1294 1044 veni
1333 1018 1484 1057 meque

147 1059 198 1100 ad
239 1059 450 1113 eumdem,
494 1073 620 1113 quem
662 1059 825 1101 Romae
869 1060 1113 1102 audiveram
1156 1061 1373 1103 Molonem
1417 1063 1485 1103 ad-

144 1117 299 1171 plicavi
344 1131 440 1158 cum
484 1120 672 1158 actorem
714 1118 760 1158 in
808 1119 918 1159 veris
963 1119 1102 1160 causis
1148 1120 1484 1174 scriptoremque

145 1178 435 1229 praestantem
454 1178 547 1216 tum
572 1176 617 1216 in
641 1176 841 1217 notandis
869 1177 1338 1232 animadvertendisque
1364 1179 1507 1220 vitiis-

146 1237 188 1274 et
225 1233 490 1275 instituendo
524 1234 796 1288 docendoque
826 1236 1223 1289 prudentissimum.
1285 1237 1327 1278 Is
1368 1237 1484 1278 dedit

93 1309 126 1333 20
147 1306 337 1346 operam,
375 1292 411 1332 si
450 1292 578 1332 modo
618 1292 662 1333 id
703 1294 904 1346 consequi
941 1294 1104 1349 potuit,
1143 1298 1191 1335 ut
1229 1295 1357 1335 nimis
1395 1296 1485 1336 red-

145 1350 354 1391 undantes
380 1364 459 1390 nos
486 1353 528 1390 et
554 1365 682 1404 supra
702 1351 882 1392 fluentes
907 1352 1084 1393 iuvenili
1110 1353 1292 1406 quadam
1319 1353 1485 1394 dicendi

144 1408 401 1462 impunitate
433 1411 475 1449 et
506 1408 680 1449 licentia
710 1409 959 1463 reprimeret
991 1413 1033 1451 et
1065 1410 1186 1464 quasi
1218 1414 1338 1452 extra
1369 1411 1484 1465 ripas

146 1466 379 1507 diffluentis
412 1469 633 1507 coerceret.
696 1466 764 1508 Ita
794 1468 934 1522 recepi
965 1483 1031 1509 me
1063 1469 1235 1509 biennio
1267 1472 1367 1523 post
1397 1484 1486 1510 non

147 1525 272 1565 modo
305 1524 593 1579 exercitatior,
632 1525 703 1565 sed
739 1539 871 1579 prope
904 1529 1107 1568 mutatus.
1169 1526 1283 1568 Nam
1314 1530 1356 1568 et
1388 1542 1484 1569 con-

93 1599 125 1624 25
146 1583 282 1624 tentio
314 1582 447 1623 nimia
477 1583 593 1624 vocis
619 1583 833 1624 resederat
865 1586 907 1625 et
934 1585 1055 1638 quasi
1082 1585 1318 1626 deferverat
1345 1586 1481 1627 oratio

144 1641 433 1695 lateribusque
477 1641 588 1682 vires
633 1644 675 1682 et
720 1642 888 1696 corpori
933 1643 1158 1684 mediocris
1199 1643 1373 1684 habitus
1419 1658 1484 1686 ac-

147 1703 343 1741 cesserat.

262 1757 359 1798 Duo
391 1760 483 1797 tum
521 1757 784 1798 excellebant
823 1761 1032 1813 oratores,
1071 1759 1143 1813 qui
1181 1774 1247 1801 me
1284 1760 1504 1825 imitandi3

148 1815 380 1869 cupiditate
400 1815 642 1870 incitarent,
663 1814 791 1856 Cotta
811 1819 853 1856 et
873 1816 1148 1872 Hortensius,
1175 1832 1355 1871 quorum
1376 1819 1483 1860 alter

95 1890 129 1915 30
149 1873 351 1914 remissus
378 1876 420 1914 et
444 1873 551 1914 lem's
579 1876 620 1914 et
639 1874 822 1928 propriis
844 1875 984 1915 verbis
1013 1876 1316 1929 comprendens
1345 1877 1483 1918 solute

147 1934 190 1972 et
221 1931 344 1972 facile
377 1931 651 1986 sententiam,
682 1932 789 1972 alter
821 1936 1015 1987 ornatus,
1053 1948 1148 1975 acer
1181 1937 1223 1975 et
1253 1949 1341 1975 non
1371 1935 1484 1990 talis,

147 1989 314 2043 qualem
346 1992 395 2029 tu
426 2003 534 2043 eum,
564 1966 710 2044 Bnite,
739 1990 826 2031 iam
853 1990 1203 2033 deflorescentem
1229 1993 1482 2047 cognovisti,

148 2048 220 2088 sed
251 2047 477 2087 verborum
515 2050 557 2087 et
594 2047 775 2088 actionis
814 2062 967 2103 genere
1006 2050 1270 2092 commotior
1332 2051 1482 2104 Itaque

148 2120 243 2146 cum
274 2104 506 2145 Hortensio
538 2105 643 2146 mihi
675 2106 813 2161 magis
846 2107 1087 2148 arbitrabar
1111 2123 1201 2150 rem
1233 2123 1337 2163 esse,
1370 2110 1482 2162 quod

94 2179 128 2205 35
148 2167 190 2204 et
221 2162 386 2204 dicendi
418 2162 566 2203 ardore
598 2178 713 2204 eram
743 2164 918 2218 propior
956 2168 998 2206 et
1030 2169 1169 2207 aetate
1202 2166 1480 2208 coniunctior.

147 2221 206 2262 Et
231 2221 343 2262 enim
368 2220 590 2261 videram
579 2235 624 2261 111
654 2221 789 2262 isdem
821 2223 972 2277 causis,
1003 2226 1051 2264 ut
1082 2239 1159 2278 pro
1186 2224 1242 2265 M
1264 2223 1482 2277 Canuleio,

147 2293 224 2333 pro
258 2277 330 2320 Cn.
363 2278 588 2320 Dolabella
620 2280 850 2335 consulari,
889 2295 985 2322 cum
1018 2280 1146 2323 Cotta
1183 2282 1379 2336 princeps
1413 2282 1481 2322 ad-

1133 2349 1201 2383 20⁴⁵

1485 1795 1552 1825 317
