1643 2526
111 479 165 519 41

182 91 270 133 204
694 91 756 125 DE
784 90 1009 126 ORATORE

674 186 820 241 Vive,
850 186 1047 240 Ulixes,
1078 187 1191 228 dum
1222 187 1363 242 licet3

265 244 438 286 Oculis
470 248 781 299 postremum
811 245 979 286 lumen
1010 245 1265 286 radiatum
1297 245 1431 299 rape!

180 340 268 367 non
305 326 413 367 dixit
448 329 583 381 pete,
620 341 709 367 non
746 341 866 380 cape
899 350 953 355 -
992 326 1170 367 haberet
1207 326 1320 367 enim
1357 340 1521 368 moram

183 385 393 439 sperantis
436 385 596 425 diutius
638 399 728 426 esse
769 385 983 426 victurum
1024 408 1089 439 —,
1130 385 1203 425 sed
1242 400 1372 439 rape.
1439 385 1521 426 Est

180 443 263 484 hoo
294 443 472 484 verbum
503 443 555 484 ad
585 443 630 484 id
661 446 873 497 aptatum,
911 443 1023 497 quod
1058 445 1156 483 ante
1189 442 1372 497 dixerat,
1409 443 1521 484 dum
1541 460 1558 485 5

181 501 316 542 licet.
366 501 530 542 Deinde
555 501 827 542 videndumst
850 516 902 541 ne
928 501 1055 556 longe
1082 501 1219 542 simile
1247 501 1303 542 sit
1335 501 1521 543 ductum

114 547 373 614 163Syrtim
392 560 694 613 patrimonii
715 559 938 625 seopulum
956 535 1161 600 liboentius
1183 559 1374 614 dixerim
1399 557 1522 601 Cha-

181 618 378 672 rybdim
409 619 656 659 bonorum
687 618 936 673 vmaginem
970 618 1125 672 potius.
1187 617 1375 659 Facilius
1409 619 1522 659 em'm

181 676 233 717 ad
254 691 315 731 ea,
341 691 447 730 quae
466 676 570 731 visa,
597 691 724 730 quam
745 654 819 717 ad0
820 676 908 730 illa,
934 690 1040 729 quae
1062 676 1207 717 audita
1228 679 1339 729 sunt,
1364 677 1519 717 mentis

181 735 293 776 oculi
324 734 526 775 ferentur.
588 734 646 775 Et
673 735 875 788 quoniam
903 734 1007 775 haee
1033 734 1100 775 vel
1132 749 1299 775 summa
1329 734 1422 775 laus
1455 738 1520 776 est
1542 752 1575 776 10

179 793 225 833 in
262 793 402 833 verbis
440 792 713 846 traferendis,
750 795 798 833 ut
836 807 1006 833 sensum
1043 792 1170 833 feriat
1206 792 1249 833 id
1288 793 1401 846 quod
1438 795 1522 834 tra-

180 851 316 891 latum
349 851 417 905 sit,
448 850 649 906 fugienda
676 854 741 891 est
767 851 904 891 omnis
936 850 1157 904 turpitudo
1191 865 1336 891 earum
1367 865 1522 906 rerum,

182 909 234 950 ad
267 924 371 963 quas
405 923 552 949 eorum
585 908 749 949 animos
783 909 855 963 qui
894 909 1067 949 audient
1099 909 1242 950 trahet
1273 909 1520 950 similitudo.

113 966 295 1008 164Nolo
337 967 419 1008 diei
462 970 598 1008 morte
637 966 830 1008 Africani
872 970 1148 1008 castratam
1189 981 1280 1008 esse
1321 982 1411 1008 rem
1447 971 1521 1022 'pu-

180 1026 354 1079 blieam3
384 1026 486 1066 nolo
520 1028 718 1066 stercus
751 1025 918 1066 curiae
946 1025 1027 1066 dici
1056 1025 1294 1081 Glauciam3
1327 1026 1519 1079 quamvis
1541 1043 1573 1068 15

181 1083 238 1125 sit
276 1084 432 1137 simile,
475 1086 621 1124 tamen
664 1086 729 1124 est
765 1083 810 1124 in
847 1086 1029 1137 utroque
1071 1083 1271 1124 deformis
1312 1084 1520 1139 cogitatio

181 1142 484 1183 similitudinis.
534 1141 647 1183 Nolo
675 1156 766 1182 esse
793 1145 866 1182 aut
892 1142 1042 1195 maius,
1068 1156 1195 1195 quam
1220 1157 1287 1183 res
1312 1143 1520 1196 postulet:

181 1200 477 1254 Tempestas
510 1199 886 1254 comisationis3
928 1203 1001 1240 aut
1033 1200 1191 1241 minus:
1235 1198 1518 1242 Oomisatio

181 1258 520 1312 tempestatis.
582 1257 695 1299 Nolo
729 1272 820 1299 esse
853 1258 1029 1299 verbum
1063 1258 1288 1313 angustius
1320 1259 1376 1313 id,
1407 1260 1520 1313 quod

180 1317 386 1358 tralatum
418 1317 487 1371 sit,
519 1331 647 1370 quam
678 1316 831 1357 fuisset
862 1316 968 1357 illud
999 1317 1220 1370 proprium
1246 1331 1293 1357 ao
1320 1331 1461 1358 suum:
1540 1336 1573 1360 20

181 1409 499 1463 Quidnamst,
532 1410 774 1450 obsecro?
811 1409 937 1457 Quid
969 1413 1017 1449 te
1051 1409 1240 1450 adirier
1272 1410 1519 1452 abnutas‘?

179 1503 331 1543 melius
376 1506 487 1543 esset
527 1505 669 1543 vetas
712 1502 954 1556 prohibes
997 1502 1274 1556 absterres3
1318 1503 1519 1556 quoniam

178 1561 251 1602 ille
284 1561 450 1602 dixerat

1013 1618 1136 1658 ilico
1168 1618 1308 1671 istio,

221 1676 293 1717 Ne
326 1676 567 1731 contagio
600 1690 706 1716 mea
738 1675 885 1716 bonis
918 1676 1154 1716 umbrave
1188 1676 1326 1717 obsit
1538 1695 1571 1721 25

113 1768 175 1798 165
297 1757 440 1810 Atque
473 1756 615 1811 etiam,
647 1756 683 1797 si
714 1771 896 1811 vereare,
926 1771 978 1797 ne
1010 1757 1137 1811 paulo
1168 1757 1312 1798 durior
1343 1759 1517 1800 tralatio

182 1830 272 1856 esse
310 1815 519 1869 videatur,
556 1814 786 1855 mollienda
824 1818 889 1855 est
924 1815 1169 1869 praeposito
1209 1830 1333 1870 saepe
1371 1817 1518 1872 verb03

180 1877 229 1914 ut
255 1873 291 1914 si
318 1873 421 1914 olim
446 1873 503 1914 M
525 1871 686 1914 Catone
712 1876 883 1914 mortuo
915 1873 1168 1927 pupillum
1200 1877 1397 1916 senatum
1424 1876 1516 1929 quis

180 1932 377 1973 relietum
421 1931 598 1985 diceret,
645 1931 772 1985 paulo
818 1932 981 1986 durius·
1031 1932 1098 1972 sin
1143 1935 1197 1973 ut
1240 1932 1313 1973 ita
1356 1933 1517 1974 dicam

179 1990 449 2044 pupillum,
481 1990 700 2043 aliquanto
727 1990 885 2030 mitius.
929 1990 987 2030 Et
1014 1990 1126 2031 enim
1157 1991 1395 2032 verecunda
1426 2006 1517 2033 esse
1537 2009 1571 2033 :30

182 2049 307 2089 debet
336 2048 523 2102 tralatio,
553 2052 601 2089 ut
633 2048 813 2089 deducta
844 2063 935 2089 esse
966 2048 1011 2088 in
1037 2048 1222 2090 alienum
1247 2050 1401 2104 locum,
1430 2064 1518 2090 non

180 2106 393 2161 inrupisse
432 2109 558 2160 atque
597 2110 645 2147 ut
676 2106 885 2160 precario,
921 2120 1008 2147 non
1040 2107 1081 2147 vi
1112 2107 1278 2148 venisse
1311 2108 1516 2149 videatur.

113 2164 332 2206 166Modus
370 2167 513 2205 autem
550 2165 692 2205 nullus
731 2167 796 2205 est
833 2165 1054 2205 florentior
1085 2165 1131 2205 in
1163 2165 1343 2220 singulis
1375 2166 1516 2207 verbis

180 2237 317 2277 neque
356 2222 427 2276 qui
464 2222 560 2276 plus
597 2222 771 2264 luminis
804 2223 967 2263 adferat
1000 2224 1194 2264 orationi.
1256 2222 1369 2265 Nam
1399 2224 1517 2279 illud,

182 2282 295 2334 quod
332 2295 382 2321 ex
419 2280 500 2321 hoc
539 2295 691 2335 genere
728 2281 922 2335 profluit,
958 2295 1043 2321 non
1081 2285 1146 2322 est
1183 2281 1229 2322 in
1265 2296 1349 2323 uno
1387 2283 1515 2323 verbo
1536 2299 1569 2324 35
