1643 2526
188 95 244 135 32
696 93 760 128 DE
787 93 1012 130 oRAToRE

186 189 337 243 Neque
368 204 468 231 vero
500 203 576 230 vos
610 189 663 230 ad
702 204 796 230 eam
826 203 917 230 rem
947 189 1070 231 video
1103 204 1194 231 esse
1227 189 1525 245 cohortandos,

188 262 307 302 quos,
338 262 434 289 cum
466 247 571 288 mihi
605 261 770 302 quoque
804 247 897 288 sitis
930 247 1114 302 molesti,
1143 248 1271 289 nimis
1298 248 1428 289 etiam
1453 248 1525 288 fla-

120 317 309 361 135grare
341 306 544 361 intellego
578 306 822 360 cupiditate.
885 305 967 347 Sed
1003 306 1196 360 profecto
1239 306 1381 347 studia
1415 305 1525 347 nihil

186 367 367 418 prosunt
405 363 678 418 perveniendi
719 364 881 419 aliquo,
920 364 1004 405 nisi
1042 364 1166 419 illud,
1204 365 1317 418 quod
1354 379 1404 406 eo
1437 378 1522 418 quo

185 423 381 463 intendas
420 423 530 463 ferat
568 422 849 477 deducatque,
880 422 1090 477 cognoris.
1152 422 1289 470 Quare
1323 422 1558 476 quoniam5

185 480 291 521 mihi
322 480 456 521 levius
490 481 701 534 quoddam
734 495 839 521 onus
870 480 1093 535 imponitis
1124 495 1260 534 neque
1293 495 1344 522 ex
1374 496 1440 522 me
1474 482 1523 522 de

188 539 370 580 oratoris
416 542 505 580 arte
548 539 621 580 sed
661 539 711 579 de
750 539 831 580 hac
869 553 981 593 mea,
1021 540 1409 593 quantulacumque
1447 542 1525 594 est,

185 597 390 639 facultate
423 597 646 652 quaeritis,
682 611 891 651 exponam
928 597 1050 638 vobis
1087 611 1173 638 non
1206 598 1418 651 quandam
1450 601 1525 639 aut

185 656 526 710 perreconditam
558 658 631 696 aut
662 656 782 696 valde
809 655 1026 696 difficilem
1052 659 1126 696 aut
1152 656 1424 711 magnificam
1450 659 1524 697 aut

187 728 360 768 gravem
397 714 608 754 rationem
652 713 970 754 consuetudinis
1008 728 1144 767 meae,
1189 729 1272 767 qua
1309 715 1523 767 quondam

187 772 340 813 solitus
373 787 467 813 sum
498 772 575 827 uti,
606 787 703 813 cum
735 772 840 813 mihi
871 772 915 812 in
945 771 1031 813 isto
1065 772 1205 813 studio
1231 772 1391 813 versari
1424 773 1523 813 adu-

118 830 363 872 136165661111
388 831 555 871 licebat.
600 830 709 870 Tum
737 829 967 884 Sulpicius:
1000 829 1034 871 Ο
1062 831 1184 884 diem,
1216 828 1357 885 Cotta,
1386 830 1525 886 nobis,

185 888 338 943 inquit,
370 889 582 942 optatum!
629 888 752 937 Quod
790 888 903 929 enim
939 903 1076 941 neque
1107 888 1305 942 precibus
1336 903 1525 942 unquam

185 961 263 987 nec
294 946 534 987 insidiando
566 961 644 988 nec
677 947 934 1000 speculando
967 947 1136 1000 assequi
1166 947 1306 1001 potui,
1342 950 1392 988 ut
1424 947 1525 1001 quid

186 1003 365 1045 Crassus
399 1008 544 1059 ageret
575 1005 808 1046 meditandi
841 1007 915 1045 aut
941 1005 1106 1045 dicendi
1133 1019 1261 1046 causa
1285 1019 1373 1046 non
1397 1006 1523 1055 modo

185 1062 326 1103 videre
364 1063 469 1103 mihi
508 1063 580 1104 sed
617 1078 667 1104 ex
706 1063 796 1103 61115
836 1063 1043 1117 scriptore
1081 1066 1124 1104 et
1154 1063 1314 1104 lectore
1345 1063 1523 1117 Diphilo

187 1121 395 1174 suspicari
426 1121 591 1175 liceret,
622 1121 666 1161 id
697 1135 820 1175 spero
852 1135 930 1162 nos
964 1136 1055 1162 esse
1088 1121 1264 1175 adeptos
1298 1122 1523 1175 omniaque

117 1203 169 1243 31
185 1179 272 1220 iam
304 1194 354 1219 ex
385 1179 492 1233 ipso,
524 1194 631 1233 quae
664 1179 735 1219 diu
767 1179 973 1233 cupimus,
1005 1179 1265 1233 cognituros.

304 1237 413 1278 Tum
428 1236 623 1278 Crassus:
645 1236 779 1290 Atqui
801 1237 998 1291 arbitror,
1019 1236 1192 1291 Sulpici,
1212 1252 1309 1279 cum
1328 1238 1524 1292 audieris,

186 1310 273 1336 non
297 1298 387 1336 tam
412 1298 454 1336 te
479 1295 583 1336 haec
610 1296 928 1347 admiraturum,
961 1309 1067 1348 quae
1093 1295 1251 1350 dixero,
1281 1310 1410 1349 quam
1441 1296 1524 1337 exi-

188 1354 461 1394 stimaturum
492 1357 597 1407 tum,
629 1368 725 1394 cum
757 1368 805 1394 ea
831 1353 975 1394 audire
1001 1354 1215 1409 cupiebas,
1246 1368 1418 1395 causam
1450 1369 1524 1396 cur

188 1426 362 1465 cuperes
405 1426 492 1452 non
534 1412 677 1452 fuisse.
745 1411 865 1452 Nihil
909 1411 1021 1452 enim
1065 1412 1203 1453 dicam
1245 1413 1524 1466 reconditum,

186 1470 294 1510 nihil
327 1470 620 1523 expectatione
646 1473 789 1511 vestra
815 1470 1010 1525 dignum,
1039 1470 1147 1510 nihil
1179 1473 1253 1511 aut
1284 1471 1524 1512 inauditum

187 1528 309 1569 vobis
343 1532 417 1569 aut
455 1528 653 1581 cuiquam
684 1543 852 1569 novum.
916 1528 1028 1568 Nam
1065 1528 1293 1582 principio,
1329 1528 1373 1569 id
1410 1529 1522 1583 quod

188 1589 253 1627 est
272 1586 443 1626 homine
468 1586 655 1640 ingenuo
681 1585 998 1639 liberaliterque
1024 1586 1203 1626 educato
1224 1586 1412 1641 dignum,
1436 1601 1524 1628 non

187 1644 354 1699 negabo
387 1659 453 1684 me
484 1644 569 1684 ista
602 1644 792 1684 omnium
824 1643 1065 1684 communia
1103 1647 1146 1684 61
1183 1644 1370 1685 contrita
1406 1659 1523 1698 prae-

120 1705 312 1755 13Scepta
344 1701 557 1742 didicisse:
594 1702 780 1755 primum
819 1701 1001 1742 oratoris
1034 1702 1223 1743 officium
1261 1716 1352 1743 esse
1385 1703 1522 1744 dicere

189 1760 241 1801 ad
277 1760 616 1814 persuadendum
654 1760 989 1814 accommodate3
1033 1759 1180 1800 deinde
1223 1774 1313 1801 esse
1353 1774 1522 1802 omnem

190 1818 428 1859 orationem
460 1820 534 1858 aut
560 1818 609 1859 de
635 1817 827 1858 infinitae
853 1817 913 1858 rei
941 1818 1188 1870 quaestione
1216 1818 1305 1859 sine
1332 1818 1523 1874 designa-

118 1271 183 1301 137

1543 731 1576 755 10

1545 1021 1578 1047 15

1544 1313 1577 1338 20

1543 1604 1576 1628 25

188 1876 305 1917 tione
342 1891 621 1930 personarum
658 1879 700 1916 61
741 1879 983 1929 temporum
1020 1879 1094 1916 aut
1135 1876 1184 1917 de
1225 1891 1270 1917 re
1311 1877 1437 1918 certis
1477 1877 1523 1918 in
1542 1894 1575 1919 30

119 1934 380 1988 139personis
414 1949 462 1976 ac
493 1934 758 1987 temporibus
790 1934 941 1975 locata.
1002 1934 1053 1974 In
1085 1937 1265 1989 utraque
1304 1938 1446 1976 autem
1477 1950 1521 1976 re

188 1992 389 2046 quicquid
418 1992 464 2032 in
496 1991 830 2033 controversiam
861 1991 1017 2046 veniat,
1047 1992 1092 2032 in
1123 2007 1174 2033 60
1208 1993 1353 2046 quaeri
1386 1993 1521 2034 solere

187 2054 262 2091 aut
281 2050 498 2091 factumne
520 2050 575 2091 sit
596 2053 682 2104 aut,
708 2050 743 2091 si
770 2053 834 2090 est
859 2049 1033 2104 factum,
1059 2051 1182 2104 quale
1210 2051 1266 2092 sit
1293 2054 1366 2092 aut
1393 2051 1523 2092 etiam

188 2122 271 2162 quo
296 2108 467 2149 nomine
492 2111 668 2149 vocetur
695 2111 780 2163 aut,
805 2108 917 2161 quod
941 2109 1136 2149 nomiulli
1163 2109 1335 2163 addunt,
1354 2112 1521 2150 rectene

119 2167 349 2208 llofactum
392 2181 483 2207 esse
526 2167 729 2207 videatur.
790 2166 985 2207 Existere
1029 2169 1172 2208 autem
1210 2167 1521 2209 controversias
1541 2184 1575 2210 35

187 2225 317 2266 etiam
354 2239 404 2265 ex
436 2224 585 2278 scripti
615 2224 987 2279 interpretatione,
1023 2224 1067 2265 iu
1100 2239 1183 2278 quo
1216 2228 1290 2266 aut
1321 2225 1521 2280 ambigue

188 2283 289 2338 quid
321 2283 377 2324 sit
409 2282 614 2336 scriptum
640 2285 714 2323 aut
740 2282 950 2324 contrarie
983 2286 1056 2324 aut
1081 2282 1155 2338 ita,
1186 2286 1235 2325 ut
1261 2299 1286 2325 a
1311 2283 1522 2326 sententia
