1643 2526
479 78 579 114 CAP.
606 81 756 114 51—52.
807 81 826 121 s
855 81 1049 113 187-194.
1347 78 1430 118 271

91 174 298 215 iudicaret
323 173 602 215 videbamus?
635 173 707 228 qui
733 187 829 214 cum
854 173 1086 227 partiretur
1106 176 1248 215 tecum
1272 188 1434 227 causas,

92 257 149 262 ——
175 246 299 286 saepe
331 232 444 273 enim
475 232 651 273 interfui
682 256 730 260 —-
758 232 984 286 perorandi
1016 232 1170 287 locum,
1201 232 1275 273 ubi
1305 231 1434 286 pluri-

93 305 210 332 mum
240 290 374 344 pollet
399 291 550 345 oratio,
582 304 747 345 semper
778 290 858 330 tibi
889 290 1167 343 relinquebat.
1229 290 1435 332 Faciebat

91 349 164 390 ille
185 348 367 403 quidem,
390 348 578 403 inquam,
604 352 646 390 et
665 348 771 389 mihi
795 348 1097 403 benivolentia,
1117 349 1253 402 credo,
1280 349 1432 390 ductus

57 424 73 450 5
93 407 311 448 tribuebat
337 407 490 447 omnia.
537 406 619 448 Sed
645 421 724 462 ego
751 421 858 460 quae
885 407 934 447 de
955 421 1020 448 me
1041 407 1189 461 populi
1211 408 1266 448 sit
1288 407 1431 461 opinio

92 465 253 518 nesci03
286 465 335 506 de
362 465 537 518 reliquis
564 465 645 506 hoc
672 465 862 519 adfirmo,
894 465 966 519 qui
993 466 1108 520 volgi
1143 465 1342 520 opinione
1375 465 1433 505 di-

93 523 317 564 sertissimi
354 524 492 564 habiti
531 523 634 577 sint,
675 523 845 564 eosdem
882 523 1225 579 intellegentium
1263 538 1431 577 quoque

91 582 249 623 iudicio
285 582 417 623 fuisse
456 582 795 635 probatissimos.
856 580 946 623 Nec
984 582 1097 623 enim
1133 586 1281 636 posset
1318 582 1499 624 idem191

92 640 403 681 Demosthenes
431 641 579 695 dicere,
611 641 723 694 quod
749 639 906 681 dixisse
930 640 1236 681 Antimachum
1270 640 1432 681 clarum

42 716 74 741 10
92 702 264 752 poetam
296 698 455 739 ferunt:
488 698 560 752 qui
586 713 682 740 cum
708 698 952 740 convocatis
979 699 1245 739 auditoribus
1270 699 1434 753 legeret

93 757 153 798 eis
193 771 397 812 magnum
433 757 556 811 illud,
599 757 712 810 quod
747 757 948 811 novistis,
990 757 1191 798 volumen
1229 772 1353 798 suum
1391 759 1434 797 et

93 830 190 856 eum
226 815 441 870 legentem
485 829 630 856 omnes
673 818 842 869 praeter
878 814 1104 856 Platonem
1146 815 1433 869 reliquissent,

92 873 296 928 Legam,
337 873 496 928 inquit,
532 873 696 914 nihilo
734 873 914 914 minus:
959 873 1107 914 Plato
1141 874 1271 915 enim
1308 873 1432 914 mihi

93 947 219 972 unus
251 932 416 972 instar
442 935 518 972 est
550 935 749 973 centum
780 932 985 972 milium.
1035 932 1093 973 Et
1118 935 1250 986 recte3
1280 946 1434 985 poema

43 1007 74 1033 15
95 990 207 1031 enim
239 990 506 1031 reconditum
535 1005 770 1044 paucorum
796 990 1161 1044 adprobationem,
1193 990 1329 1032 oratio
1362 1004 1434 1044 po-

94 1048 254 1102 pularis
288 1049 515 1089 adsensum
546 1048 663 1103 volgi
695 1049 820 1089 debet
852 1063 1031 1089 movere.
1094 1048 1153 1089 At
1186 1048 1221 1089 si
1254 1048 1433 1089 eundem

94 1107 205 1147 hunc
231 1106 454 1151 Platonem
480 1121 613 1147 unum
640 1106 879 1147 auditorem
904 1107 1083 1148 haberet
1108 1106 1434 1161 Demosthenes,

95 1180 191 1207 cum
218 1168 330 1206 esset
354 1164 528 1206 relictus
556 1179 580 1205 a
606 1164 770 1219 ceteris,
796 1165 974 1206 verbum
998 1165 1138 1206 facere
1163 1179 1252 1205 non
1276 1167 1433 1219 posset.
1501 1206 1508 1208 .

95 1222 205 1271 Quid
236 1226 302 1277 tu,
338 1223 490 1277 Brute,
530 1237 696 1277 posses,
735 1223 771 1263 si
802 1226 844 1264 te
876 1226 925 1263 ut
958 1222 1187 1264 Curionem
1219 1223 1502 1277 quondam192

43 1298 77 1323 ρο
97 1281 239 1323 contio
271 1281 543 1335 reliquisset?
592 1282 688 1336 Ego
721 1295 840 1335 vero,
876 1281 1016 1335 inquit
1047 1282 1136 1336 ille,
1173 1285 1222 1322 ut
1254 1296 1320 1322 me
1352 1281 1434 1322 tibi

95 1339 291 1392 indicem,
320 1339 366 1379 in
391 1339 451 1380 eis
477 1339 608 1380 etiam
634 1339 786 1394 causis,
809 1339 855 1379 in
881 1340 1036 1393 quibus
1057 1339 1195 1380 omnis
1215 1354 1281 1380 res
1307 1339 1433 1380 nobis

40 1447 43 1450 ῃ
98 1413 195 1439 011111
219 1397 430 1438 iudicibus
457 1400 533 1452 est,
561 1412 647 1438 non
673 1412 768 1438 cum
792 1398 964 1451 populo,
995 1401 1140 1438 tamen
1166 1398 1201 1438 si
1228 1413 1252 1438 a
1278 1411 1436 1439 corona

97 1456 270 1497 relictus
304 1456 403 1510 sim,
435 1470 523 1496 non
554 1470 707 1509 queam
738 1455 887 1497 dicere.
949 1456 1018 1496 Ita
1050 1471 1112 1510 se,
1142 1455 1336 1510 inquam,
1366 1470 1434 1496 res

97 1514 237 1555 habet.
299 1513 371 1568 Ut,
403 1514 438 1554 si
470 1514 601 1554 tibiae
632 1514 806 1555 inflatae
837 1528 924 1554 non
955 1514 1143 1555 referant
1170 1528 1334 1567 sonum,
1366 1513 1436 1554 ab·

44 1590 77 1615 25
96 1573 283 1614 iciendas
310 1587 380 1613 eas
408 1572 490 1612 sibi
514 1572 675 1614 tibicen
698 1575 833 1626 putet,
865 1572 925 1613 sic
953 1572 1113 1613 oratori
1138 1572 1286 1626 populi
1313 1586 1435 1612 aures

97 1634 317 1684 tamquam
354 1630 485 1671 tibiae
528 1633 643 1685 sunt,
688 1645 760 1671 eae
799 1630 835 1671 si
871 1630 1068 1671 inflatum
1106 1644 1193 1671 non
1223 1630 1435 1684 recipiunt

99 1713 151 1718 —
185 1692 260 1730 aut
297 1689 332 1730 si
371 1688 539 1729 auditor
577 1688 749 1730 omnino
784 1692 1005 1743 tamquam
1038 1703 1170 1743 equus
1202 1703 1289 1729 non
1319 1688 1436 1740 facit,

98 1747 288 1802 agitandi
315 1747 411 1788 finis
437 1747 653 1788 faciendus
681 1750 757 1788 est.
806 1747 901 1788 Hoc
930 1750 1075 1788 tamen
1098 1747 1292 1800 interest,
1323 1746 1436 1800 quod
1450 1722 1505 1764 52

97 1806 250 1859 volgus
281 1805 496 1846 interdum
520 1819 607 1846 non
631 1805 898 1859 probandum
925 1808 1138 1846 oratorem
1163 1805 1332 1859 probat,
1364 1792 1506 1845 sed193

45 1881 79 1906 30
98 1864 253 1918 probat
284 1864 374 1904 sine
406 1864 741 1919 comparatione3
783 1878 879 1905 cum
911 1879 935 1904 a
966 1863 1170 1904 mediocri
1203 1866 1276 1903 aut
1308 1863 1438 1903 etiam

100 1937 124 1962 a
155 1921 267 1962 malo
300 1921 544 1975 delectatur,
576 1936 625 1963 eo
658 1925 723 1963 est
755 1925 999 1976 contentus,
1044 1936 1135 1962 esse
1167 1921 1319 1962 melius
1350 1935 1438 1962 non

100 1979 243 2033 sentit,
273 1979 378 2019 illud
405 1980 517 2032 quod
542 1983 617 2034 est,
650 1980 957 2034 qualecumque
983 1982 1061 2034 est,
1090 1980 1258 2034 probat.
1304 1979 1439 2020 Tenet

100 2038 213 2078 enim
245 2051 367 2078 aures
398 2038 465 2078 vel
497 2039 719 2079 mediocris
753 2041 915 2091 orator,
954 2038 1009 2078 sit
1042 2038 1168 2078 modo
1202 2037 1364 2091 aliquid
1394 2037 1439 2077 in

101 2110 167 2149 eo3
208 2110 287 2137 nec
323 2110 390 2136 res
427 2095 514 2136 ulla
550 2096 645 2150 plus
684 2097 795 2151 apud
839 2096 1003 2137 animos
1046 2096 1270 2137 hominum
1311 2110 1438 2148 quam

47 2171 80 2196 35
101 2155 203 2195 ordo
242 2156 284 2194 et
323 2156 497 2194 ornatus
543 2154 748 2195 orationis
792 2155 916 2195 valet.
980 2153 1117 2202 Quare
1157 2154 1251 2209 quis
1285 2168 1335 2194 ex
1366 2163 1509 2206 po-194

99 2213 220 2266 pulo,
262 2227 358 2254 cum
402 2211 446 2260 Q.
487 2210 734 2254 Scaevolam
776 2227 854 2267 pro
895 2212 951 2253 M.
991 2212 1181 2267 Coponio
1227 2212 1438 2252 dicentem

101 2271 266 2312 audiret
297 2271 343 2311 in
375 2284 422 2311 ea
455 2285 600 2325 causa,
638 2271 687 2312 de
720 2285 804 2325 qua
836 2274 934 2313 ante
967 2271 1071 2326 dixi,
1109 2270 1336 2324 quiequam
1367 2282 1440 2322 po-
