1643 2526
433 89 576 123 LIBER
600 89 645 124 II.
692 88 792 124 CAP.
820 92 875 124 23.
920 93 939 131 ἓ
966 92 1116 125 91-98.
1387 88 1441 130 91

106 199 258 241 genere
278 184 449 239 versati,
471 198 652 239 quorum
666 184 869 237 quamdiu
889 185 1048 226 mansit
1067 184 1267 239 imitatio,
1280 184 1445 225 tamdiu

107 258 240 299 genus
272 243 378 284 illud
412 243 577 284 dicendi
611 242 882 296 studiumque
910 243 1032 298 vixit,
1065 246 1346 297 posteaquam
1378 257 1444 284 ex·
1470 252 1514 284 95

106 302 253 343 tinctis
292 301 351 343 eis
390 302 528 342 omnis
574 315 722 342 eorum
763 301 969 342 memoria
1013 301 1171 342 sensim
1215 301 1445 343 obscurata

107 363 173 402 est
204 363 246 401 et
284 360 474 414 evanuit,
512 359 596 401 alia
634 359 841 413 quaedam
873 359 1038 401 dicendi
1076 360 1273 401 molliora
1305 374 1352 401 ac
1383 374 1445 401 re-

69 419 305 461 5missiora
343 433 498 473 genera
534 418 774 473 viguerimt.
841 417 944 459 Inde
975 418 1283 473 Demochares,
1320 433 1445 472 quem

108 478 227 519 aiunt
260 476 418 518 sororis
450 476 586 517 filium
612 476 743 517 fuisse
769 475 1063 531 Demostheni,
1094 480 1187 518 tum
1213 476 1444 518 Phalereus

106 536 178 577 ille
210 535 455 576 Demetrius
489 534 679 576 omnium
709 534 893 576 istorum
918 550 1012 576 mea
1038 536 1250 577 sententia
1281 535 1446 590 politis—

109 594 241 635 simus
274 594 431 647 aliique
463 593 617 634 horum
656 593 816 634 similes
848 594 1092 634 extiterunt.
1155 593 1270 642 Quae
1310 594 1345 635 si
1376 608 1447 635 vo-

107 653 243 694 lemus
275 667 409 706 usque
441 652 494 693 ad
519 652 600 693 hoc
626 655 795 706 tempus
821 652 1030 706 persequi,
1060 652 1373 707 intellegemus,
1398 656 1446 693 ut

55 727 90 752 10
110 711 239 752 etiam
270 710 615 752 Alabandensem
645 710 768 750 illum
800 709 1035 752 Meneclem
1073 714 1115 751 et
1147 711 1236 752 eius
1269 711 1446 752 fratrem

107 769 368 823 Hieroclem,
406 783 512 822 quos
551 783 630 823 ego
670 768 831 823 audivi,
870 772 963 810 tota
999 769 1193 810 imitetur
1224 769 1347 824 Asia,
1385 770 1445 810 sic

108 842 274 882 semper
305 827 437 869 fuisse
471 827 675 881 aliquem,
707 827 828 868 cuius
862 842 905 868 se
939 827 1098 869 similes
1129 828 1321 882 plerique
1354 842 1445 869 esse

107 886 275 927 vellent.

225 944 347 985 Hanc
378 944 513 999 igitur
545 943 868 985 similitudinem
901 944 973 997 qui
1004 944 1245 985 imitatione
1273 944 1446 998 adsequi

56 1019 89 1045 15
109 1003 235 1057 volet,
262 1016 391 1056 quom
417 1002 792 1043 exercitationibus
819 1002 978 1043 crebris
1006 1005 1132 1057 atque
1159 1003 1327 1058 magnis
1354 1006 1446 1043 tum

110 1061 334 1103 scribendo
367 1075 562 1101 maxume
595 1064 886 1114 persequatur.
944 1060 1066 1109 Quod
1099 1061 1134 1102 si
1165 1061 1269 1102 haec
1301 1064 1447 1101 noster

1472 955 1516 985 96

69 1119 325 1174 Sulpicius
357 1118 528 1173 faceret,
560 1119 697 1159 multo
730 1119 820 1160 eius
854 1119 991 1160 oratio
1024 1122 1136 1160 esset
1166 1120 1371 1174 pressior3
1402 1119 1448 1159 in
1485 1159 1493 1162 ,

110 1193 193 1232 qua
222 1192 335 1219 nunc
366 1153 594 1232 interdum,
624 1181 672 1218 ut
703 1177 747 1217 in
779 1177 923 1218 herbis
955 1177 1106 1218 rustici
1138 1178 1277 1219 solent
1309 1178 1446 1219 dicere

108 1237 154 1277 in
180 1251 346 1278 summa
370 1236 579 1289 ubertate,
609 1235 721 1276 inest
746 1235 933 1276 luxuries
961 1237 1180 1290 quaedam,
1213 1251 1319 1291 quae
1346 1236 1446 1277 stilo

57 1311 92 1336 20
112 1295 376 1349 depascenda
416 1298 490 1335 est
558 1293 641 1335 Hic
685 1292 918 1348 Sulpicius,
958 1294 1026 1335 Me
1068 1294 1256 1349 quidem,
1295 1295 1447 1348 inquit,

109 1356 223 1394 recte
251 1367 397 1393 mones
423 1353 549 1406 idque
576 1352 681 1392 mihi
709 1355 879 1406 gratum
905 1355 987 1407 est3
1020 1353 1092 1393 sed
1117 1367 1169 1393 ne
1196 1357 1238 1394 te
1265 1353 1448 1406 quidem,

110 1411 287 1465 Antoni,
318 1410 501 1452 multum
533 1410 797 1464 scriptitasse
825 1410 1022 1451 arbitror.
1066 1410 1175 1452 Tum
1200 1411 1284 1464 ille,
1317 1410 1448 1459 Quasi

110 1484 223 1523 vero,
253 1469 406 1524 inquit,
440 1470 559 1520 [non]
594 1483 643 1509 ea
668 1468 928 1523 praecipiam
961 1469 1054 1509 aliis
1088 1483 1194 1523 quae
1226 1469 1333 1509 mihi
1364 1469 1448 1523 ipsi

111 1528 267 1582 desint,
288 1528 360 1568 sed
381 1530 526 1568 tamen
537 1541 590 1567 ne
604 1527 773 1567 tabulas
791 1527 961 1580 quidem
976 1528 1182 1568 conficere
1203 1527 1448 1568 existumor.

57 1602 92 1628 25
111 1586 273 1627 Verum
304 1589 346 1627 et
376 1586 423 1626 in
452 1586 534 1626 hoc
567 1600 617 1626 ex
648 1600 692 1626 re
723 1585 925 1626 familiari
951 1601 1046 1626 mea
1077 1589 1119 1626 et
1144 1586 1189 1626 in
1220 1585 1294 1626 illo
1322 1600 1373 1626 ex
1399 1600 1447 1627 eo

110 1645 223 1699 quod
260 1644 372 1698 dico,
410 1643 663 1698 quantulum
699 1643 743 1684 id
775 1658 986 1697 quomque
1024 1647 1107 1698 est,
1144 1645 1258 1698 quod
1293 1644 1448 1685 faciam

109 1703 288 1744 iudicari
327 1705 481 1757 potest.
544 1702 686 1755 Atque
729 1716 820 1742 esse
860 1705 1005 1743 tamen
1045 1703 1204 1744 multos
1244 1702 1449 1755 videmus,

111 1761 183 1816 qui
219 1761 433 1802 neminem
463 1761 686 1801 imitentur
718 1763 760 1801 et
793 1764 942 1814 suapte
979 1764 1133 1802 natura
1172 1761 1284 1815 quod
1315 1761 1448 1801 velint

111 1820 201 1860 sine
240 1819 490 1872 cuiusquam
522 1818 799 1860 similitudine
832 1822 1164 1873 consequantur3
1197 1819 1311 1873 quod
1336 1822 1378 1860 et
1403 1819 1449 1859 in

58 1894 93 1919 30
112 1878 234 1919 vobis
268 1877 457 1918 animum
489 1877 651 1918 adverti
682 1880 796 1918 recte
833 1880 996 1932 potest,
1034 1876 1190 1918 Caesar
1228 1880 1270 1918 et
1308 1876 1448 1930 Cotta,

112 1950 293 1990 quorum
337 1936 444 1976 alter
486 1936 741 1976 inusitatum
783 1935 944 1976 nostris
990 1935 1160 1990 quidem
1205 1935 1446 1976 oratoribus

110 1994 298 2048 leporem
324 1994 534 2047 quendam
560 1997 602 2035 et
629 1994 761 2034 salem
787 1994 894 2034 alter
921 1994 1216 2035 acutissimum
1241 1997 1284 2035 et
1316 1994 1448 2048 supti-

110 2052 323 2093 lissimum
367 2052 530 2093 dicendi
575 2066 706 2107 genus
752 2054 816 2092 est
861 2056 1131 2107 consecutus3
1179 2066 1315 2107 neque
1347 2066 1447 2093 vero

110 2113 251 2151 vester
289 2110 476 2164 aequalis
516 2109 663 2164 Curio,
706 2113 827 2163 patre
870 2125 964 2151 mea
1006 2110 1218 2152 sententia
1254 2110 1322 2151 vel
1366 2110 1448 2150 elo-

58 2184 92 2210 35
113 2168 393 2222 quentissimo
408 2169 672 2223 temporibus
686 2168 784 2222 illis,
799 2182 1055 2222 quemquam
1069 2169 1174 2209 mihi
1189 2182 1446 2223 magnopere

110 2227 278 2268 videtur
308 2227 487 2281 imitari3
520 2227 592 2281 qui
623 2230 768 2267 tamen
800 2227 1027 2267 verborum
1058 2227 1269 2282 gravitate
1302 2229 1342 2266 et
1369 2225 1448 2265 ele-

112 2285 258 2340 gantia
285 2288 328 2326 et
354 2285 477 2339 copia
504 2300 625 2326 suam
645 2285 857 2338 quandam
883 2286 1092 2339 expressit
1118 2285 1240 2340 quasi
1264 2284 1448 2324 formam

1473 1304 1517 1335 97

1474 1711 1518 1743 98
