1643 2526
90 228 145 268 ΤΟ

89 297 155 327 ‘232

91 1313 155 1342 233

91 1953 157 1982 ‘234

93 2292 141 2331 71

159 97 245 139 380
729 98 923 133 ORATOR

160 192 363 247 diximus,
406 193 560 247 quibus
605 196 705 234 sunt
746 193 821 234 illa
862 194 1084 249 perspicue
1124 194 1229 235 vitia
1273 195 1496 236 contraria.

160 250 377 299 Quantum
409 254 553 292 autem
585 251 642 292 sit
673 255 770 306 apte
802 252 956 302 dicere,
995 252 1176 306 experiri
1206 252 1325 307 licet,
1356 253 1391 294 si
1423 256 1497 294 aut

161 309 389 363 compositi
433 309 615 350 oratoris
659 310 765 351 bene
806 313 1014 352 structam
1055 311 1379 352 collocationem
1417 311 1497 352 dis-

160 368 301 409 solvas
338 367 653 422 permutatione
690 369 934 424 verborum3
970 393 1019 398 —-
1054 372 1351 423 corrumpatur
1385 369 1496 410 enim

159 429 253 467 tota
283 440 364 480 res,
394 429 443 467 ut
471 428 548 478 [et]
574 426 678 468 haec
708 430 857 468 nostra
882 427 927 468 in
953 426 1207 468 Corneliana
1232 431 1275 468 et
1300 427 1495 482 deinceps
1533 445 1549 469 5

161 484 320 525 omnia:
364 484 535 538 Neque
568 499 642 525 me
674 485 887 527 divitiae
926 489 1145 540 movent,
1184 486 1367 539 quibus
1401 500 1497 526 om-

158 542 237 583 nis
270 542 545 585 Africanos
584 546 632 584 et
662 543 866 585 Laelios
905 544 1054 585 multi
1094 544 1336 585 venalicii
1373 559 1492 585 mer-

161 604 462 655 catoresque
501 605 824 656 superarunt3
865 602 1046 643 immuta
1082 602 1320 656 paululum,
1356 605 1404 643 ut
1442 602 1498 643 sit

160 660 307 700 multi
340 663 647 714 superarunt
679 657 989 702 mercatores
1015 660 1377 715 venaliciique,
1407 675 1498 715 per-

159 718 258 759 ierit
289 721 382 759 tota
413 732 497 773 res3
540 721 582 759 et
615 733 720 772 quae
754 722 970 760 secuntur:
1014 718 1186 773 Neque
1218 719 1378 760 vestis
1411 722 1496 760 aut
1517 737 1549 761 10

160 777 412 818 caelatum
445 792 618 818 aurum
650 780 698 818 et
730 781 1013 832 argentum,
1054 792 1147 832 quo
1179 780 1386 818 nostros
1419 792 1497 818 ve-

160 839 294 876 teres
333 835 605 877 Marcellos
644 835 989 889 Maximosque
1034 836 1181 877 multi
1226 836 1443 878 eunuchi
1475 851 1497 877 e

161 893 309 948 Syria
345 894 682 948 Aegyptoque
722 894 973 949 vicerunt3
1016 895 1145 935 verba
1187 898 1383 949 permuta
1426 895 1498 948 sic,

159 956 208 993 ut
252 953 308 993 sit
351 953 584 993 vicerunt
629 953 846 994 eunuchi
890 968 910 994 e
956 953 1103 1007 Syria
1145 952 1497 1008 Aegyptoque3

161 1011 265 1052 adde
297 1011 490 1052 tertium:
534 1011 705 1064 Neque
743 1026 858 1052 vero
892 1014 1188 1052 ornamenta
1219 1011 1320 1052 ista
1351 1011 1548 1053 villa-15

159 1084 284 1124 rum,
328 1070 510 1124 quibus
554 1069 600 1110 L.
640 1070 849 1110 Paulum
894 1073 942 1110 et
984 1070 1030 1110 L.
1062 1070 1369 1124 Mummium,
1413 1070 1496 1123 qui

160 1128 310 1168 rebus
353 1127 432 1168 his
475 1128 647 1169 urbem
692 1128 999 1181 Italiamque
1050 1142 1241 1169 omnem
1285 1128 1498 1169 referse-

161 1190 297 1240 runt,
347 1187 404 1226 ab
457 1186 628 1239 aliquo
671 1186 817 1227 video
859 1186 1105 1240 perfacile
1150 1186 1361 1227 Deliaco
1412 1189 1497 1227 aut

163 1243 288 1298 Syro
337 1244 568 1298 potuisse
614 1245 860 1299 superari3
908 1244 976 1285 fac
1019 1245 1098 1298 ita7
1146 1244 1376 1298 potuisse
1422 1259 1498 1285 su-

160 1302 328 1356 perari
367 1303 426 1343 ab
465 1302 637 1356 aliquo
671 1302 794 1357 Syro
834 1306 918 1343 aut
950 1302 1180 1344 Deliaco:
1224 1302 1413 1356 videsne,
1449 1306 1497 1343 ut
1516 1320 1549 1344 20

161 1360 306 1401 ordine
338 1361 565 1401 verborum
603 1361 824 1414 paululum
863 1364 1145 1415 commutato,
1181 1361 1316 1401 isdem
1353 1363 1498 1401 tamen

160 1419 300 1459 verbis
342 1422 482 1459 stante
524 1419 752 1473 sententia,
796 1420 848 1460 ad
888 1419 1069 1460 nihilum
1111 1419 1253 1460 omnia
1295 1418 1498 1472 recidant,

161 1492 257 1518 cum
290 1477 375 1517 sint
407 1492 457 1517 ex
490 1477 600 1531 aptis
633 1477 868 1518 dissoluta?
900 1477 989 1518 Aut
1015 1478 1051 1518 si
1081 1477 1258 1518 alicuius
1290 1477 1497 1518 inconditi

161 1535 339 1589 arripias
367 1536 632 1589 dissupatam
658 1535 845 1589 aliquam
871 1536 1127 1577 sententiam
1153 1550 1328 1589 eamque
1352 1535 1496 1576 ordine

160 1593 387 1634 verborum
425 1594 645 1647 paululum
684 1597 945 1635 commutato
986 1594 1031 1634 in
1071 1594 1280 1647 quadrum
1317 1593 1498 1648 redigas,
1517 1611 1549 1635 210

160 1651 372 1692 efficiatur
410 1655 557 1705 aptum
594 1652 717 1705 illud,
756 1653 867 1705 quod
904 1652 1034 1692 fuerit
1065 1655 1190 1692 antea
1221 1651 1417 1692 diffluens
1450 1666 1497 1692 ac

161 1709 360 1750 solutum.
421 1709 514 1764 Age
548 1724 665 1750 sume
697 1710 746 1750 de
780 1709 961 1750 Gracchi
999 1710 1110 1763 apud
1147 1723 1342 1750 censores
1373 1709 1496 1750 illud:

159 1767 354 1808 Abesse
397 1782 495 1808 non
534 1770 707 1821 potest
748 1768 869 1820 quin
909 1767 1132 1808 eiusdem
1170 1767 1389 1808 hominis
1430 1767 1497 1808 sit

159 1826 348 1880 probos
380 1825 669 1880 improbare
699 1826 782 1879 qui
813 1825 1074 1879 improbos
1106 1826 1304 1879 probet3
1337 1828 1496 1878 quanto

161 1884 322 1938 aptius,
361 1884 397 1924 si
427 1884 490 1925 ita
521 1884 714 1924 dixisset:
756 1883 885 1932 Quin
917 1884 1139 1924 eiusdem
1176 1884 1396 1925 hominis
1429 1883 1497 1924 sit
1515 1900 1550 1925 30

162 1942 246 1996 qui
289 1943 549 1996 improbos
589 1942 772 1996 probet
814 1942 1000 1996 probos
1043 1942 1347 1996 improbare!
1402 1941 1496 1982 Hoc

160 2001 286 2040 modo
331 2000 467 2041 dicere
510 2014 635 2041 nemo
679 2015 881 2054 umquam
923 1999 1061 2040 noluit
1105 2014 1313 2053 nemoque
1356 1999 1497 2054 potuit

161 2058 264 2113 quin
295 2058 465 2113 dixerit3
511 2058 582 2113 qui
621 2061 764 2099 autem
802 2058 926 2098 aliter
962 2058 1175 2112 dixerunt,
1214 2058 1295 2098 hoc
1328 2057 1497 2111 assequi

160 2131 247 2158 non
282 2119 524 2170 potuerunt.
586 2116 655 2156 Ita
691 2116 794 2157 facti
833 2119 932 2157 sunt
969 2120 1141 2170 repente
1182 2116 1332 2170 Attici3
1375 2115 1496 2169 quasi

160 2189 259 2216 vero
297 2174 536 2215 Trallianus
576 2174 706 2215 fuerit
743 2174 1071 2215 Demosthenes!
1122 2174 1241 2216 cuius
1281 2188 1367 2214 non
1407 2176 1495 2214 tam
1517 2190 1551 2215 35

160 2233 377 2274 vibrarent
401 2233 581 2273 fulmina
611 2232 698 2286 illa,
728 2232 812 2273 nisi
836 2232 1024 2273 numeris
1052 2235 1250 2274 contorta
1273 2231 1495 2273 ferrentur.

164 2290 245 2332 Sed
272 2291 307 2332 si
334 2306 458 2345 quem
484 2291 621 2345 magis
653 2290 865 2331 delectant
897 2290 1049 2345 soluta,
1081 2293 1284 2344 sequatur
1309 2304 1358 2330 ea
1383 2304 1496 2343 sane,
