1643 2526
104 1661 128 1691 ⁶)

102 1729 146 1759 74

174 135 260 176 406
535 133 852 168 PARTITIONES
880 133 1156 168 ORATORIAE

174 233 216 271 et
249 245 355 283 quae
387 245 484 271 cum
515 229 652 283 vitiis,
689 229 978 283 vituperanda.
1041 227 1177 276 Quam
1210 229 1271 271 ob.
1296 229 1513 270 rem.finis

175 288 350 329 alterius
395 291 459 329 est
502 288 706 328 honestas
751 287 926 328 alterius
970 287 1204 340 turpitudo.
1278 287 1514 329 Conficitur

175 350 318 387 autem
361 360 496 401 genus
539 346 621 387 hoc
665 345 863 387 dictionis
906 345 1128 386 narrandis
1171 345 1514 399 exponendisque

173 405 318 459 factis,
362 404 475 458 quod
519 404 609 445 sine
653 404 751 444 ullis
796 403 1241 458 argumentationibus
1287 404 1339 444 ad
1382 404 1514 444 animi

174 466 316 504 motus
348 462 502 503 leniter
532 463 779 503 tractandos
810 462 946 517 magis
975 477 1101 516 quam
1128 461 1181 502 ad
1205 462 1331 503 fidem
1357 461 1513 503 facien·
1551 478 1566 502 5

175 521 272 561 dam
322 523 395 562 aut
446 521 779 562 confirmandam
828 520 1184 561 accommodatur.
1258 520 1358 561 Non
1400 520 1513 562 enim

174 579 304 620 dubia
334 579 571 633 firmantur,
603 579 676 620 sed
702 594 762 632 ea,
794 593 900 632 quae
933 581 1049 620 certa
1081 581 1154 619 aut
1185 593 1263 632 pro
1290 579 1417 620 certis
1442 593 1514 633 po-

175 637 259 678 sita
292 640 404 691 sunt,
436 640 656 692 augentur.
719 636 855 685 Quam
888 637 942 677 ob
974 651 1064 677 rem
1097 652 1146 677 ex
1178 637 1244 691 iis,
1276 651 1382 690 quae
1415 640 1513 678 ante

174 696 288 736 dicta
313 699 424 750 sunt,
450 698 492 736 et
518 695 717 736 narrandi
744 698 786 735 et
809 696 989 750 augendi
1010 698 1237 749 praecepta
1257 698 1512 749 repetentur.

175 753 233 795 Et
265 754 468 807 quoniam
498 754 543 793 111
574 753 640 794 1113
674 753 812 794 causis
847 754 983 794 omnis
1022 753 1132 794 ratio
1164 753 1252 794 fere
1285 754 1337 794 ad
1367 753 1513 808 volup-
1533 770 1567 795 ιο

174 815 309 852 tatem
342 812 548 852 auditoris
578 815 620 852 et
647 812 698 852 ad
725 811 1052 852 delectationem
1083 811 1278 866 refertur,
1308 812 1514 853 utendum

174 870 255 910 erit
292 870 338 910 in
374 870 427 911 iis
466 874 612 911 ornata
654 869 845 910 oratione
889 873 932 910 et
976 870 1243 924 singulorum
1287 871 1513 911 verborum

173 928 429 983 insignibus,
462 943 568 981 quae
600 928 761 968 habent
791 928 1023 982 plurimum
1051 928 1275 969 suavitatis
1307 953 1355 957 —
1383 929 1427 969 id
1451 929 1514 984 fit,

175 987 210 1026 si
241 986 368 1027 factis
400 986 540 1027 verbis
574 990 648 1027 aut
685 986 865 1026 vetustis
905 989 978 1027 aut
1015 986 1236 1027 translatis
1268 986 1513 1040 frequenter

173 1048 345 1085 utamur
377 1070 445 1099 -—,
482 1047 524 1085 et
556 1045 650 1098 ipsa
682 1045 999 1085 constructione
1032 1045 1278 1099 verborum,
1314 1048 1363 1085 ut
1392 1045 1513 1099 paria
1534 1059 1566 1085 15

172 1103 348 1157 paribus
381 1105 424 1143 et
455 1103 612 1143 similia
644 1102 856 1143 similibus
890 1117 1013 1156 saepe
1045 1103 1301 1157 referantur,
1338 1106 1387 1143 ut
1418 1118 1514 1145 con-

173 1161 323 1215 traria,
360 1164 406 1201 ut
439 1161 673 1215 geminata,
710 1164 758 1201 ut
791 1160 1111 1215 circumscripta
1148 1167 1391 1215 numerose,
1426 1176 1513 1202 non

175 1219 226 1259 ad
260 1219 583 1259 similitudinem
615 1234 832 1272 versuum,
873 1219 944 1259 sed
977 1219 1027 1259 ad
1060 1219 1313 1272 explendum
1345 1220 1512 1260 aurium

174 1292 345 1318 sensum
386 1280 486 1331 apto
530 1277 710 1330 quodam
756 1277 875 1330 quasi
916 1277 1143 1317 verborum
1184 1278 1322 1318 modo.
1383 1278 1513 1318 Adhi-

173 1335 393 1389 bendaque
420 1335 684 1388 frequentius
712 1335 840 1375 etiam
865 1335 939 1376 illa
966 1338 1215 1376 ornamenta
1240 1350 1394 1389 rerum,
1423 1336 1510 1377 sive
1532 1349 1564 1373 20

175 1395 319 1446 [quae]
363 1393 631 1434 admirabilia
675 1393 761 1434 sive
804 1408 881 1434 nec
926 1393 1100 1447 opinata
1144 1394 1231 1434 sive
1270 1394 1512 1448 significata

172 1451 377 1492 monstris
408 1451 617 1506 prodigiis
647 1454 724 1503 [et]
753 1451 904 1492 oraclis
932 1452 1019 1492 sive
1047 1466 1153 1505 quae
1180 1452 1437 1493 videbuntur
1462 1452 1512 1507 ei,

173 1510 222 1550 de
250 1524 333 1562 quo
361 1524 549 1564 agemus,
581 1510 782 1550 cecidisse
815 1510 957 1550 divina
988 1513 1115 1563 atque
1146 1510 1306 1551 fatalia.
1361 1510 1511 1551 Omnis

174 1568 286 1608 enim
324 1568 564 1622 expectatio
603 1568 712 1622 eius,
753 1568 824 1621 qui
858 1568 993 1622 audit,
1031 1571 1074 1608 et
1106 1568 1330 1609 admiratio
1363 1572 1406 1609 61
1435 1569 1511 1610 1111-

134 1626 333 1687 oprovisi
360 1626 497 1666 exitus
524 1626 684 1666 habent
710 1626 898 1679 aliquam
923 1626 967 1666 in
994 1626 1201 1667 audiendo
1233 1627 1509 1680 voluptatem.
1531 1640 1563 1664 25

102 1689 155 1701 ’Ν
174 1682 256 1724 Sed
295 1684 496 1736 quoniam
540 1683 677 1724 tribus
717 1684 761 1723 in
802 1684 1027 1738 generibus
1068 1685 1181 1725 bona
1222 1685 1385 1725 malave
1422 1700 1509 1726 ver-

172 1744 338 1795 santur,
378 1740 556 1796 [externi
588 1744 631 1781 et
663 1742 852 1795 corporis
885 1745 927 1782 61
959 1742 1106 1793 animi]
1145 1742 1283 1795 prima
1321 1743 1407 1784 sint
1444 1758 1511 1784 ex·

171 1803 304 1853 terna,
331 1814 437 1853 quae
464 1800 673 1840 ducantur
699 1814 723 1839 a
751 1814 919 1854 genere,
952 1814 1034 1853 quo
1055 1800 1242 1841 breviter
1262 1801 1509 1855 modiceque

169 1858 342 1898 laudato
376 1861 466 1911 aut,
507 1857 543 1898 si
581 1858 662 1898 erit
698 1857 875 1911 infame,
912 1858 1232 1913 praetermisso,
1271 1859 1306 1900 si
1337 1860 1510 1914 humile,

169 1916 236 1956 vel
267 1916 499 1970 praeterito
531 1916 597 1956 vel
630 1916 682 1956 ad
714 1917 949 1970 augendam
981 1916 1071 1957 eius
1099 1931 1224 1970 quem
1249 1917 1395 1958 laudes
1422 1919 1510 1973 glo·
1528 1930 1562 1955 30

169 1973 277 2014 riam
309 1977 445 2027 tacto,
477 1974 693 2027 deinceps,
725 1974 760 2014 si
792 1989 858 2015 res
890 1974 1095 2028 patietur,
1130 1976 1179 2016 de
1211 1975 1395 2017 fortunis
1428 1976 1509 2017 erit

170 2031 531 2085 facultatibusque
571 2032 804 2072 dicendum.
866 2031 1023 2073 Postea
1055 2033 1104 2073 de
1138 2034 1326 2088 corporis
1365 2034 1508 2090 bonis3

170 2089 215 2130 in
258 2089 430 2143 quibus,
480 2091 593 2143 quod
636 2090 757 2143 quasi
803 2090 1005 2131 virtutem
1048 2091 1231 2132 maxime
1281 2092 1508 2147 significat,

101 2158 118 2169 ‘·
169 2147 370 2188 facillime
403 2148 541 2188 forma
571 2148 779 2188 laudatur.
829 2148 991 2190 Deinde
1023 2153 1088 2190 est
1115 2150 1167 2190 ad
1199 2149 1312 2191 facta
1343 2150 1508 2192 venien—

170 2206 282 2259 dum,
305 2219 485 2258 quorum
507 2206 731 2247 collocatio
752 2206 905 2260 triplex
927 2210 1007 2247 est:
1041 2211 1115 2248 aut
1134 2207 1246 2248 enim
1266 2211 1507 2263 temporum
1526 2220 1560 2246 35

171 2264 399 2304 servandus
434 2264 535 2304 ordo
563 2267 627 2304 est
659 2267 733 2304 aut
764 2264 808 2304 in
839 2265 987 2318 primis
1019 2266 1359 2307 recentissimum
1391 2267 1508 2320 quid-

170 2336 249 2376 que
296 2322 518 2363 dicendum
563 2325 636 2362 aut
680 2322 816 2363 multa
856 2326 898 2363 et
939 2323 1056 2364 varia
1098 2324 1212 2365 facta
1251 2324 1295 2364 in
1333 2325 1507 2379 propria
