1643 2526
115 878 157 907 75

134 1231 141 1298 ⁴0-—

113 2039 155 2070 78

186 73 240 115 18
695 74 758 109 DE
786 75 1010 111 ORATORE

187 169 347 223 aliquid
372 169 554 224 fingunt,
585 169 666 211 etsi
697 172 790 211 tum
820 170 988 225 pictura
1018 170 1127 211 nihil
1157 173 1348 225 utuntur,
1378 173 1524 217 tamen

185 230 331 269 ‘utrum
364 227 502 269 sciant
532 227 706 283 pingere
746 243 800 269 an
829 229 1023 270 nesciant
1059 243 1147 269 non
1185 229 1414 270 obscurum
1446 232 1523 284 est,

186 286 246 327 sic
282 286 327 326 in
365 285 631 327 orationibus
674 286 790 328 hisce
833 287 938 340 ipsis
982 287 1237 328 iudiciorum
1274 287 1522 328 contionum

185 347 372 397 senatus,
396 344 527 385 etiam
553 344 589 385 si
612 344 782 398 proprie
803 348 968 386 ceterae
987 359 1074 386 non
1094 345 1376 386 adhibeantur
1396 348 1522 401 artes,

185 404 330 443 tamen
359 401 485 443 facile
517 402 758 443 declaratur
788 406 934 443 utrum
965 403 1022 457 is,
1059 402 1131 457 qui
1169 403 1300 458 dicat,
1336 406 1522 445 tantum-

185 460 311 501 modo
342 460 388 500 in
418 460 500 502 hoc
525 460 828 502 declamatorio
855 461 912 502 sit
940 475 1064 515 opere
1095 461 1280 502 iactatus
1307 476 1359 502 an
1386 462 1439 503 ad
1464 461 1522 502 di-

186 519 364 560 cendum
390 519 587 559 omnibus
612 518 810 573 ingenuis
838 519 1002 560 artibus
1025 519 1262 560 instructus
1284 520 1521 561 accesserit.

303 576 411 617 Tum
445 577 585 618 ridens
620 575 838 618 Scaevola:
881 577 981 618 Non
1024 578 1221 619 luctabor
1260 580 1420 632 tecum,
1460 578 1523 619 in-

187 635 297 688 quit,
336 633 503 689 Crasse,
544 635 738 689 amplius.
799 636 847 676 Id
880 636 993 676 'enim
1023 636 1183 690 ipsum,
1221 636 1335 690 quod
1373 639 1522 677 contra

184 707 251 734 me
295 693 462 734 locutus
509 708 571 747 es,
618 693 799 734 artificio
844 694 1028 747 quodam
1071 709 1115 735 es
1160 697 1431 748 consecutus,
1473 697 1521 735 ut

185 754 228 792 et
271 750 376 791 mihi
421 766 527 804 quae
571 765 650 806 ego
694 752 847 793 vellem
888 767 974 793 non
1018 767 1108 793 esse
1154 752 1337 793 oratoris
1376 766 1522 793 conce-

185 809 304 850 deres
343 812 384 850 et
422 823 471 849 ea
507 809 601 863 ipsa
640 810 784 850 nescio
827 824 910 863 quo
951 811 1077 851 modo
1116 825 1262 851 rursus
1301 811 1521 864 detorque-

184 881 251 908 res
285 870 412 920 atque
446 867 605 907 oratori
641 868 815 921 propria
846 868 1044 909 traderes.
1107 867 1241 922 Quae,
1279 882 1408 921 quom
1440 882 1520 923 ego

183 928 356 979 praetor
381 924 580 966 Rhodum
605 925 815 967 venissem
847 929 889 967 et
921 941 1017 967 cum
1049 940 1214 967 summo
1246 926 1320 966 illo
1347 926 1520 968 doctore

184 983 309 1024 istius
342 983 590 1037 disciplinae
621 983 852 1037 Apollonio
886 999 946 1039 ea,
978 999 1083 1037 quae
1116 1000 1140 1025 a
1170 984 1375 1025 Panaetio
1408 999 1520 1026 acce-

183 1056 343 1095 peram,
369 1042 658 1096 contulissem,
682 1042 825 1083 inrisit
850 1042 921 1083 ille
948 1042 1129 1097 quidem,
1154 1045 1202 1083 ut
1228 1043 1406 1098 solebat,
1430 1043 1521 1097 phi-

184 1100 425 1154 losophiam
464 1103 591 1153 atque
633 1100 890 1162 contempsit
927 1101 1146 1154 multaque
1183 1115 1270 1141 non
1306 1104 1395 1141 tam
1429 1115 1521 1156 gra-

184 1158 294 1198 viter
325 1157 432 1198 dixit
464 1173 592 1211 quam
622 1158 769 1199 facete.
802 1158 922 1208 (Tua
960 1161 1102 1199 autem
1142 1158 1224 1199 fuit
1259 1158 1396 1199 oratio
1430 1159 1519 1200 eius

183 1216 318 1270 modi,
353 1229 441 1256 non
477 1219 526 1256 ut
562 1216 695 1257 ullam
727 1211 862 1257 artem
894 1217 1183 1258 doctrinamve
1216 1220 1520 1272 contemneres,

184 1274 257 1315 sed
288 1277 336 1314 ut
369 1274 505 1314 omnis
539 1275 716 1316 comites
755 1289 803 1316 ac
841 1274 1167 1316 ministratrices
1206 1277 1388 1316 oratoris
1427 1290 1518 1316 esse

185 1332 377 1373 diceres).
418 1332 532 1380 Quas
565 1347 643 1387 ego
677 1332 712 1373 si
745 1333 839 1386 quis
873 1333 929 1373 sit
960 1348 1068 1374 unus
1096 1333 1340 1387 complexus
1374 1347 1519 1374 omnes

182 1371 379 1444 idemque
412 1390 448 1430 si
481 1391 532 1431 ad
564 1405 634 1431 eas
666 1391 914 1432 facultatem
945 1391 1075 1432 istam
1101 1391 1398 1432 ornatissimae
1431 1405 1521 1432 ora—

183 1448 313 1489 tionis
347 1449 605 1502 adiunxerit,
643 1463 730 1490 non
766 1463 941 1503 possum
979 1450 1116 1490 dicere
1155 1464 1251 1490 eum
1287 1463 1374 1490 non
1405 1464 1520 1504 egre—

184 1507 302 1562 gium
334 1507 544 1561 quendam
576 1507 792 1548 hominem
825 1510 952 1560 atque
982 1507 1275 1548 admirandum
1306 1507 1415 1562 fore3
1447 1507 1520 1548 sed

182 1565 232 1619 is,
264 1565 299 1605 si
326 1566 420 1618 quis
447 1568 560 1605 esset
586 1568 660 1605 aut
692 1565 727 1606 si
760 1565 889 1605 etiam
921 1580 1109 1619 unquam
1139 1565 1291 1605 fuisset
1320 1567 1394 1605 aut
1419 1579 1518 1606 vero

184 1623 219 1663 si
247 1637 337 1663 esse
362 1625 521 1676 posset,
552 1625 600 1663 tu
633 1637 746 1663 esses
777 1638 885 1663 unus
917 1623 1122 1677 profecto,
1154 1623 1227 1676 qui
1259 1626 1301 1663 et
1333 1637 1427 1664 meo
1458 1623 1520 1663 iu-

183 1680 293 1722 dicio
326 1683 368 1721 et
401 1680 591 1721 omnium
621 1681 692 1721 vix
724 1681 854 1721 ullam
887 1681 1038 1721 ceteris
1072 1681 1313 1722 oratoribus
1344 1706 1392 1710 —
1415 1696 1518 1736 pace

182 1739 337 1780 horum
375 1738 553 1779 dixerim
589 1762 636 1768 —
676 1738 844 1779 laudem
882 1738 1104 1791 reliquisti.
1165 1738 1326 1780 Verum
1364 1739 1400 1780 si
1437 1739 1518 1780 tibi

182 1796 265 1851 ipsi
290 1796 398 1837 nihil
431 1797 560 1851 deest,
591 1797 703 1850 quod
734 1797 779 1837 in
809 1796 1049 1837 forensibus
1081 1797 1207 1838 rebus
1238 1795 1517 1851 civilibusque

182 1857 377 1895 versatur
403 1854 506 1909 quin
532 1855 654 1909 scias,
678 1869 814 1908 neque
841 1869 934 1896 eam
959 1858 1102 1895 tamen
1129 1855 1363 1910 scientiam,
1389 1870 1518 1908 quam

183 1913 379 1968 adiungis
420 1913 598 1967 oratori,
639 1913 883 1967 complexus
921 1928 984 1966 es,
1020 1913 1236 1954 videamus
1267 1928 1320 1954 ne
1351 1913 1447 1967 plus
1480 1913 1518 1954 ei

183 1970 437 2024 tribuamus,
470 1985 597 2024 quam
627 1985 694 2012 res
726 1974 769 2012 et
799 1971 956 2012 veritas
986 1971 1080 2025 ipsa
1112 1972 1326 2013 concedat.

297 2028 381 2069 Hic
420 2027 619 2084 Crassus,
655 2029 890 2083 Memento,
926 2029 1084 2082 inquit,
1122 2044 1188 2070 me
1225 2044 1312 2070 non
1343 2029 1393 2070 de
1424 2044 1518 2070 mea

183 2087 255 2128 sed
287 2087 336 2127 de
370 2087 551 2128 oratoris
583 2087 787 2129 facultate
820 2087 987 2128 dixisse.
1051 2086 1160 2135 Quid
1191 2088 1304 2128 enim
1333 2101 1411 2128 nos
1443 2089 1518 2128 aut

183 2145 407 2186 didicimus
440 2148 514 2186 aut
553 2145 660 2186 scire
698 2145 934 2199 potuimus,
973 2145 1044 2198 qui
1082 2149 1179 2186 ante
1218 2146 1270 2186 ad
1307 2145 1517 2200 agendum

183 2218 311 2257 quam
343 2203 396 2244 ad
427 2204 771 2258 cognoscendum
802 2203 1012 2258 venimus3
1055 2217 1161 2257 quos
1193 2204 1238 2244 in
1268 2203 1375 2256 foro,
1412 2217 1516 2256 quos

180 2262 226 2302 in
259 2260 511 2317 ambitione,
549 2276 654 2316 quos
688 2261 733 2302 in
763 2277 808 2303 re
839 2261 1028 2316 publica,
1066 2276 1171 2314 quos
1208 2262 1254 2302 in
1285 2261 1518 2302 amicorum

1541 419 1557 446 5

1541 711 1574 736 10

1541 1003 1573 1028 15

1538 1292 1572 1317 20

1538 1581 1572 1607 25

1536 1873 1571 1898 30

1536 2161 1570 2187 35
