1643 2526
156 107 238 148 162
661 109 723 142 DE
751 108 974 144 ORATORE

152 203 412 258 surgendum
451 217 600 244 censeo
639 206 681 245 et
716 202 1084 257 requiescendum,
1120 204 1220 256 post
1257 201 1488 256 meridiem,

152 260 188 301 si
225 260 287 302 ita
324 261 446 302 vobis
489 264 553 302 est
594 262 882 316 commodum,
922 262 1146 314 loquemur
1187 260 1365 314 aliquid,
1403 260 1487 300 nisi

151 318 262 360 forte
299 318 345 359 in
382 319 616 360 crastinum
654 320 819 361 differre
860 318 1070 360 mavoltis.
1138 317 1294 359 Omnes
1336 332 1379 359 se
1420 318 1488 359 vel

152 377 302 418 statim
350 377 416 418 vel
467 378 503 418 si
551 378 641 432 ipse
690 381 790 432 post
841 377 1095 429 [meridiem]
1147 377 1311 431 mallet,
1360 390 1487 429 quam

150 435 336 488 primum
368 439 513 477 tamen
545 436 688 477 audire
720 436 826 477 velle
859 436 1066 476 dixerunt.

574 677 622 712 M.
649 677 788 712 TULLI
814 676 1064 711 CICERONIS

792 773 852 801 DE

510 865 1128 918 ORATORE

598 979 766 1012 LIBER
798 978 1045 1013 TERTIUS.

268 1073 518 1115 Instituenti
560 1073 682 1127 mihi,
723 1073 878 1122 Quinte
918 1074 1070 1128 frater,
1110 1088 1207 1114 eum
1249 1087 1487 1114 sermonem

150 1132 306 1173 referre
334 1135 374 1172 et
401 1132 601 1172 mandare
626 1131 726 1173 huic
751 1131 880 1172 tertio
905 1132 1028 1185 libro,
1054 1147 1179 1185 quem
1204 1135 1304 1185 post
1323 1131 1486 1172 Antoni

151 1190 484 1244 disputationem
505 1188 684 1230 Crassus
703 1189 936 1243 habuisset,
957 1190 1108 1230 acerba
1129 1204 1228 1230 sane
1248 1189 1486 1231 recordatio

150 1251 337 1289 veterem
368 1247 499 1288 animi
538 1262 682 1288 curam
720 1248 1045 1301 molestiamque
1082 1248 1313 1288 renovavit.
1374 1246 1487 1288 Nam

149 1306 257 1346 illud
287 1305 612 1346 immortalitate
646 1305 821 1360 dignum
853 1306 1091 1361 ingenium,
1126 1306 1201 1347 illa
1231 1305 1488 1359 humanitas,

149 1364 224 1405 illa
267 1364 402 1404 virtus
448 1363 492 1404 L.
532 1362 675 1404 Crassi
719 1367 855 1404 morte
900 1364 1088 1405 extincta
1133 1364 1276 1405 subita
1313 1367 1378 1404 est
1415 1363 1485 1404 vix

151 1423 298 1463 diebus
340 1422 483 1463 decem
521 1425 620 1475 post
657 1436 754 1463 eum
793 1422 921 1475 diem,
960 1422 1031 1476 qui
1068 1423 1149 1463 hoc
1189 1425 1231 1462 et
1269 1421 1485 1476 superiore

150 1480 260 1521 libro
305 1480 556 1521 continetur.
636 1479 696 1521 Ut
740 1480 852 1521 enim
896 1480 1078 1521 Romam
1126 1480 1252 1521 rediit
1296 1483 1485 1521 extremo

149 1539 346 1580 ludorum
379 1538 669 1579 scaenicorum
701 1538 784 1592 die,
822 1539 1092 1579 vehementer
1125 1541 1363 1580 commotus
1397 1552 1487 1578 ora-

148 1596 264 1637 tione
306 1611 372 1650 ea,
412 1610 519 1649 quae
560 1596 777 1636 ferebatur
816 1596 965 1637 habita
1007 1611 1098 1637 esse
1141 1597 1187 1636 in
1224 1595 1421 1637 contione
1462 1611 1486 1636 a

148 1654 367 1708 Philippo,
417 1669 542 1707 quem
591 1654 746 1694 dixisse
797 1655 1022 1695 constabat
1065 1654 1334 1695 videndum
1385 1653 1485 1694 sibi

149 1727 258 1753 esse
286 1712 423 1753 aliud
450 1711 742 1766 consilium3
772 1711 864 1752 illo
897 1715 1078 1752 senatu
1111 1727 1160 1753 se
1186 1726 1287 1753 rem
1318 1711 1486 1765 publi-

150 1785 258 1811 cam
296 1784 469 1825 gerere
507 1784 605 1810 non
641 1784 808 1824 posse,
845 1785 967 1811 mane
1004 1770 1145 1810 idibus
1178 1768 1415 1823 Septembr.
1447 1769 1484 1810 is

150 1831 192 1869 et
229 1828 301 1869 ille
339 1831 382 1868 et
420 1831 591 1868 senatus
632 1827 830 1881 frequens
871 1831 1026 1869 vocatu
1067 1828 1197 1869 Drusi
1236 1828 1282 1868 in
1323 1828 1485 1869 curiam

150 1886 276 1928 venit.
343 1885 410 1926 Ibi
451 1900 547 1926 cum
587 1885 753 1926 Drusus
793 1886 928 1926 multa
971 1886 1020 1927 de
1064 1885 1263 1940 Philippo
1309 1889 1484 1939 questus

150 1947 278 1998 esset,
316 1944 483 1985 rettulit
515 1944 567 1984 ad
599 1947 794 1984 senatum
826 1944 874 1984 de
906 1944 981 1984 illo
1013 1944 1128 1998 ipso,
1169 1944 1282 1998 quod
1311 1944 1357 1984 in
1388 1959 1485 1985 eum

152 2002 342 2043 ordinem
368 2002 516 2043 consul
542 2005 633 2043 tum
661 2002 847 2057 graviter
865 2002 909 2042 in
930 2003 1127 2043 contione
1148 2006 1260 2043 esset
1279 2002 1484 2043 invectus.

150 2060 250 2114 Hic,
286 2063 334 2100 ut
373 2074 496 2113 saepe
534 2060 647 2100 inter
682 2060 876 2101 homines
915 2060 1254 2114 sapientissimos
1287 2063 1483 2102 constare

153 2118 252 2172 Vidi,
290 2132 532 2171 quanquam
563 2118 645 2159 hoc
678 2116 851 2172 Crasso,
889 2132 1016 2172 quom
1049 2119 1210 2172 aliquid
1241 2118 1481 2160 accuratius

150 2176 343 2229 dixisset,
381 2190 546 2229 semper
583 2176 670 2217 fere
704 2176 955 2231 contigisset
992 2180 1041 2217 ut
1078 2191 1295 2231 nunquam
1329 2176 1484 2217 dixisse

149 2234 300 2274 melius
343 2236 584 2288 putaretur,
627 2237 770 2275 tamen
814 2234 1003 2275 omnium
1041 2249 1250 2276 consensu
1291 2234 1351 2275 sic
1392 2248 1483 2275 esse

148 2296 241 2333 tum
272 2291 524 2346 iudicatum,
563 2295 725 2333 ceteros
765 2307 789 2333 a
821 2291 976 2334 Crasso
1016 2307 1182 2347 semper
1214 2292 1371 2347 omm‘s,
1407 2292 1483 2333 illo

1508 1322 1541 1346 10

1507 1611 1538 1636 15

1505 1903 1538 1927 20

1505 2193 1538 2219 25
