1643 2526
174 124 258 165 192
682 124 745 159 DE
772 124 997 160 ORATORE

103 219 287 260 116avari
320 219 500 274 species,
531 219 722 260 seditiosi
755 220 943 275 gloriosi.
1006 217 1331 260 Consecutionis
1364 222 1507 260 autem

172 278 254 318 duo
291 278 430 331 prima
463 278 760 331 quaestionum
797 292 953 333 genera
989 280 1217 331 ponuntur.
1283 276 1397 318 Nam
1434 281 1508 318 aut

172 335 352 390 simplex
383 339 448 376 est
479 336 744 390 disceptatio⁷
775 340 824 377 ut
857 336 892 377 si
918 336 1172 376 disseratur:
1202 335 1507 389 Expetendane

172 393 228 434 sit
273 394 438 448 gloria?
488 397 562 435 aut
606 409 656 434 ex
700 394 1034 448 comparatione:
1077 393 1192 434 Laus
1236 408 1291 435 an
1334 393 1507 434 divitiae

172 452 309 506 magis
342 452 598 506 expetendae
631 452 746 493 sint‘?
798 451 1064 506 Simplicium
1102 455 1245 493 autem
1283 455 1382 493 sunt
1419 455 1506 493 tres
1527 468 1543 493 5

171 510 303 551 modi:
328 510 393 551 De
414 510 658 564 expetendis
678 511 943 565 fugiendisve
963 511 1103 564 rebus,
1121 514 1187 551 ut:
1213 510 1507 564 Expetendine

169 568 353 609 honores
380 568 494 609 sint?
539 568 655 609 Num
685 569 887 624 fugienda
911 568 1170 623 paupertas?
1202 569 1251 609 de
1278 582 1412 622 aequo
1434 572 1508 609 aut

170 626 331 680 iniquo,
356 630 420 667 ut:
446 627 697 680 Aequumne
725 627 780 668 sit
805 627 953 668 ulcisci
978 627 1155 667 iniurias
1182 626 1312 667 etiam
1337 626 1508 681 propin-

175 685 383 737 quorum?
410 685 459 725 de
484 685 666 725 honesto
688 689 761 726 aut
786 685 914 739 turpi,
939 688 987 726 ut
1012 685 1111 726 hoc:
1139 684 1259 725 Sitne
1278 685 1507 725 honestum

67 766 72 770 -
105 743 334 797 11Tgloriae
376 758 504 784 causa
544 747 724 784 mortem
774 741 920 784 obire?
980 742 1323 797 Comparationis
1365 746 1507 784 autem
1528 757 1561 782 10

173 801 255 842 duo
278 804 377 842 sunt
397 801 528 841 modi:
554 815 678 856 unus,
704 816 800 842 cum
818 802 984 842 idemne
1006 802 1062 843 sit
1083 817 1137 842 an
1157 801 1316 856 aliquid
1333 801 1507 842 intersit

172 859 406 912 quaeritur,
443 863 491 899 ut
523 859 711 900 Metuere
744 863 786 900 et
817 860 971 914 vereri,
1006 863 1055 900 ut
1085 859 1178 900 Rex
1215 863 1257 900 et
1288 862 1509 914 tyrannus⁷

171 920 219 957 ut
244 917 507 958 Adsentator
533 921 575 958 et
601 918 781 973 amicus3
807 918 926 972 alter,
946 933 1042 959 cum
1063 918 1164 971 quid
1182 921 1372 971 praestet
1393 917 1507 958 aliud

173 975 244 1015 alii
277 976 512 1029 quaeritur7
543 979 591 1016 ut
621 976 744 1016 illud:
777 975 992 1030 Optimine
1025 976 1261 1030 quoiusque
1294 976 1507 1030 sapientes

173 1047 226 1073 an
256 1034 454 1087 populari
485 1034 608 1074 laude
641 1035 878 1075 ducantur?
927 1035 1071 1089 Atque
1113 1049 1185 1075 eae
1224 1034 1394 1087 quidem
1427 1034 1507 1075 dis·
1527 1048 1560 1073 15

101 1115 158 1155 30
173 1092 454 1145 ceptationes‚
486 1106 593 1146 quae
632 1093 683 1132 ad
716 1092 1005 1147 cognitionem
1036 1092 1297 1146 referunt-ur,
1328 1093 1389 1134 sic
1419 1092 1507 1133 fere

173 1164 196 1190 a
228 1150 486 1190 doctissimis
519 1150 763 1191 hominibus
796 1151 1094 1192 discribuntur.
1156 1150 1271 1199 Quae
1309 1165 1408 1191 vero
1447 1165 1507 1191 re-

170 1207 366 1248 feruntur
397 1208 450 1248 ad
482 1209 692 1263 agendum
725 1212 798 1249 aut
828 1209 873 1249 in
910 1208 1041 1249 officii
1079 1208 1386 1262 disceptatione
1418 1223 1507 1249 ver-

173 1268 337 1319 santur,
378 1280 460 1319 quo
498 1267 543 1306 in
582 1281 734 1321 genere
767 1267 866 1320 quid
897 1270 1062 1307 rectum
1093 1267 1417 1319 faciendumque
1450 1267 1506 1308 sit

172 1324 402 1378 quaeritur,
428 1325 528 1377 quoi
547 1324 642 1366 loco
669 1325 806 1365 omnis
833 1325 1040 1366 virtutum
1067 1328 1109 1366 et
1133 1325 1380 1366 vitiorumst
1400 1324 1507 1366 silva
1525 1340 1559 1365 20

172 1382 384 1435 subiecta,
433 1386 507 1423 aut
547 1382 593 1422 in
637 1383 875 1424 animorum
926 1383 1068 1436 aliqua
1115 1383 1381 1437 permotione
1432 1386 1506 1424 aut

173 1440 385 1494 gignenda
435 1444 508 1481 aut
552 1441 737 1482 sedanda
786 1441 1024 1482 tollendave
1074 1444 1325 1482 tractantur.
1391 1441 1505 1482 Huic

172 1498 316 1552 generi
348 1498 541 1540 subiecta
573 1502 673 1540 sunt
706 1499 1023 1541 cohortationes
1057 1500 1376 1554 obiurgationes
1410 1513 1504 1540 con—

171 1556 403 1597 solationes
454 1557 748 1598 miserationes
801 1558 1021 1612 omnisque
1065 1558 1117 1598 ad
1161 1571 1330 1598 omnem
1374 1557 1504 1598 animi

170 1617 336 1654 motum
379 1618 421 1655 et
463 1615 664 1669 impulsio
709 1618 768 1669 et,
811 1616 847 1656 si
890 1616 952 1657 ita
993 1630 1060 1656 res
1103 1616 1229 1669 feret,
1277 1615 1504 1670 mitigatio.
1525 1630 1559 1655 25

103 1672 408 1726 119Explicatis
433 1673 567 1726 igitur
585 1673 652 1713 his
674 1674 899 1727 generibus
920 1688 968 1715 ac
988 1674 1125 1714 modis
1146 1673 1505 1727 disceptationum

171 1730 361 1770 omnium
404 1730 512 1770 nihil
555 1745 654 1771 sane
699 1732 751 1771 ad
793 1746 883 1772 rem
924 1732 1128 1785 pertinet7
1171 1731 1208 1772 si
1251 1746 1334 1784 qua
1374 1731 1421 1772 in
1458 1746 1504 1772 re

170 1788 425 1842 discrepavit
446 1789 498 1829 ab
518 1788 682 1829 Antoni
708 1789 915 1830 divisione
939 1793 1088 1831 nostra
1111 1789 1300 1844 partitio.
1341 1789 1504 1830 Eadem

170 1849 269 1886 sunt
288 1846 480 1887 membra
506 1847 550 1886 in
569 1847 790 1900 utriusque
811 1846 1111 1902 disputatione,
1137 1848 1208 1888 sed
1233 1848 1361 1902 paulo
1383 1862 1502 1889 secus

170 1919 194 1944 a
219 1919 286 1945 me
307 1907 434 1958 atque
456 1905 508 1945 ab
533 1905 609 1945 illo
634 1905 794 1959 partita
820 1920 867 1947 ac
892 1906 1066 1947 tributa.
1111 1905 1237 1947 Nunc
1264 1906 1316 1947 ad
1340 1906 1504 1960 reliqua
1522 1921 1557 1946 30

167 1963 418 2017 progrediar
449 1977 599 2017 meque
638 1964 690 2004 ad
727 1978 869 2004 meum
905 1978 1060 2005 munus
1092 1979 1354 2018 pensumque
1386 1978 1505 2005 revo-

169 2020 286 2061 cabo.
347 2020 461 2061 Nam
503 2036 553 2061 ex
591 2021 677 2062 illis
718 2022 843 2076 locis,
886 2036 991 2075 quos
1037 2023 1234 2076 exposuit
1274 2022 1504 2077 Antonius,

169 2078 311 2119 omnia
337 2082 437 2119 sunt
462 2079 515 2119 ad
541 2093 731 2133 quaeque
758 2094 913 2135 genera
933 2081 1232 2133 quaestionum
1252 2083 1504 2136 argumenta

167 2137 389 2190 sumenda3
434 2137 505 2177 sed
546 2137 641 2178 aliis
686 2138 912 2192 generibus
953 2138 1026 2179 alii
1068 2139 1153 2180 loci
1196 2139 1334 2194 magis
1378 2141 1504 2180 erunt

168 2195 276 2249 apti3
307 2195 356 2235 de
389 2209 472 2248 quo
503 2209 589 2236 non
621 2199 710 2236 tam
743 2195 843 2249 quia
872 2196 1093 2251 longumst
1124 2212 1252 2252 quam
1283 2197 1382 2250 quia
1411 2211 1503 2251 per-
1522 2213 1556 2238 35

168 2253 416 2307 spicuumst,
449 2253 531 2294 dici
562 2253 670 2294 nihil
702 2257 767 2295 est
797 2268 980 2295 necesse.

101 2322 164 2352 120
285 2310 591 2352 Ornatissimae
618 2315 718 2353 sunt
741 2312 876 2367 igitur
902 2313 1116 2354 orationes
1143 2328 1229 2367 eae,
1254 2327 1360 2366 quae
1385 2313 1503 2354 latis-

106 1183 168 1213 118
