<?xml version="1.0" encoding="UTF-8"?>
<!DOCTYPE html PUBLIC "-//W3C//DTD XHTML 1.0 Transitional//EN"
    "http://www.w3.org/TR/xhtml1/DTD/xhtml1-transitional.dtd">
<html xmlns="http://www.w3.org/1999/xhtml" xml:lang="en" lang="en">
 <head>
  <title>
</title>
<meta http-equiv="Content-Type" content="text/html;charset=utf-8" />
  <meta name='ocr-system' content='tesseract 3.04.00' />
  <meta name='ocr-capabilities' content='ocr_page ocr_carea ocr_par ocr_line ocrx_word'/>
</head>
<body>
  <div class='ocr_page' id='page_1' title='image "./p2scriptaquaemanse01ciceuoft_0176.png"; bbox 0 0 1643 2526; ppageno 0'>
   <div class='ocr_carea' id='block_1_1' title="bbox 131 265 175 297">
    <p class='ocr_par' dir='ltr' id='par_1_1' title="bbox 131 265 175 297">
     <span class='ocr_line' id='line_1_1' title="bbox 131 265 175 297; baseline 0.023 -1"><span class='ocrx_word' id='word_1_1' title='bbox 131 265 175 297; x_wconf 89' lang='grc'>46</span> 
     </span>
    </p>
   </div>
   <div class='ocr_carea' id='block_1_2' title="bbox 133 1196 177 1227">
    <p class='ocr_par' dir='ltr' id='par_1_2' title="bbox 133 1196 177 1227">
     <span class='ocr_line' id='line_1_2' title="bbox 133 1196 177 1227; baseline 0 0"><span class='ocrx_word' id='word_1_2' title='bbox 133 1196 177 1227; x_wconf 86' lang='grc'>48</span> 
     </span>
    </p>
   </div>
   <div class='ocr_carea' id='block_1_3' title="bbox 134 1686 178 1784">
    <p class='ocr_par' dir='ltr' id='par_1_3' title="bbox 134 1686 178 1784">
     <span class='ocr_line' id='line_1_3' title="bbox 137 1686 157 1726; baseline 0 0"><span class='ocrx_word' id='word_1_3' title='bbox 137 1686 157 1726; x_wconf 87' lang='grc'>1</span> 
     </span>
     <span class='ocr_line' id='line_1_4' title="bbox 134 1753 178 1784; baseline 0.023 -1"><span class='ocrx_word' id='word_1_4' title='bbox 134 1753 178 1784; x_wconf 81' lang='lat'>49</span> 
     </span>
    </p>
   </div>
   <div class='ocr_carea' id='block_1_4' title="bbox 135 2300 178 2330">
    <p class='ocr_par' dir='ltr' id='par_1_4' title="bbox 135 2300 178 2330">
     <span class='ocr_line' id='line_1_5' title="bbox 135 2300 178 2330; baseline 0 0"><span class='ocrx_word' id='word_1_5' title='bbox 135 2300 178 2330; x_wconf 83' lang='lat'>50</span> 
     </span>
    </p>
   </div>
   <div class='ocr_carea' id='block_1_5' title="bbox 202 99 1026 142">
    <p class='ocr_par' dir='ltr' id='par_1_5' title="bbox 202 99 1026 142">
     <span class='ocr_line' id='line_1_6' title="bbox 202 99 1026 142; baseline -0.002 -7"><span class='ocrx_word' id='word_1_6' title='bbox 202 101 225 142; x_wconf 86' lang='lat'><strong>7</strong></span> <span class='ocrx_word' id='word_1_7' title='bbox 231 101 256 142; x_wconf 87' lang='grc'>8</span> <span class='ocrx_word' id='word_1_8' title='bbox 710 100 773 135; x_wconf 81' lang='lat' dir='ltr'>DE</span> <span class='ocrx_word' id='word_1_9' title='bbox 801 99 1026 135; x_wconf 86' lang='lat' dir='ltr'><strong>ORATORE</strong></span> 
     </span>
    </p>
   </div>
   <div class='ocr_carea' id='block_1_6' title="bbox 200 193 1643 1648">
    <p class='ocr_par' dir='ltr' id='par_1_6' title="bbox 200 193 1643 1648">
     <span class='ocr_line' id='line_1_7' title="bbox 200 193 1540 251; baseline -0.001 -14"><span class='ocrx_word' id='word_1_10' title='bbox 200 210 349 251; x_wconf 89' lang='lat' dir='ltr'>posse</span> <span class='ocrx_word' id='word_1_11' title='bbox 387 195 541 250; x_wconf 84' lang='lat' dir='ltr'>vinci,</span> <span class='ocrx_word' id='word_1_12' title='bbox 582 194 654 250; x_wconf 91' lang='lat' dir='ltr'>qui</span> <span class='ocrx_word' id='word_1_13' title='bbox 690 194 886 236; x_wconf 90' lang='lat' dir='ltr'>laudabit</span> <span class='ocrx_word' id='word_1_14' title='bbox 929 193 1175 248; x_wconf 84' lang='lat' dir='ltr'>quempiam</span> <span class='ocrx_word' id='word_1_15' title='bbox 1212 193 1436 249; x_wconf 86' lang='lat' dir='ltr'>intelleget</span> <span class='ocrx_word' id='word_1_16' title='bbox 1473 208 1540 235; x_wconf 81' lang='lat' dir='ltr'>ex-</span> 
     </span>
     <span class='ocr_line' id='line_1_8' title="bbox 201 251 1540 309; baseline -0.002 -14"><span class='ocrx_word' id='word_1_17' title='bbox 201 254 398 309; x_wconf 85' lang='lat' dir='ltr'>ponenda</span> <span class='ocrx_word' id='word_1_18' title='bbox 438 253 521 295; x_wconf 89' lang='lat' dir='ltr'>sibi</span> <span class='ocrx_word' id='word_1_19' title='bbox 561 267 653 294; x_wconf 89' lang='lat' dir='ltr'>esse</span> <span class='ocrx_word' id='word_1_20' title='bbox 692 253 890 294; x_wconf 73' lang='lat' dir='ltr'>fortunae</span> <span class='ocrx_word' id='word_1_21' title='bbox 931 253 1055 293; x_wconf 90' lang='lat' dir='ltr'>bona.</span> <span class='ocrx_word' id='word_1_22' title='bbox 1125 251 1192 292; x_wconf 84' lang='lat' dir='ltr'>Ea</span> <span class='ocrx_word' id='word_1_23' title='bbox 1231 254 1332 292; x_wconf 91' lang='lat' dir='ltr'>sunt</span> <span class='ocrx_word' id='word_1_24' title='bbox 1373 252 1540 306; x_wconf 86' lang='lat' dir='ltr'>generis</span> 
     </span>
     <span class='ocr_line' id='line_1_9' title="bbox 201 309 1539 367; baseline -0.002 -13"><span class='ocrx_word' id='word_1_25' title='bbox 201 313 405 367; x_wconf 89' lang='lat' dir='ltr'>pecuniae</span> <span class='ocrx_word' id='word_1_26' title='bbox 447 311 786 366; x_wconf 90' lang='lat' dir='ltr'>propinquorum</span> <span class='ocrx_word' id='word_1_27' title='bbox 829 311 1063 352; x_wconf 90' lang='lat' dir='ltr'>amicorum</span> <span class='ocrx_word' id='word_1_28' title='bbox 1113 323 1242 364; x_wconf 89' lang='lat' dir='ltr'>opum</span> <span class='ocrx_word' id='word_1_29' title='bbox 1285 309 1539 351; x_wconf 83' lang='lat' dir='ltr'>valetudinis</span> 
     </span>
     <span class='ocr_line' id='line_1_10' title="bbox 201 369 1541 425; baseline -0.001 -14"><span class='ocrx_word' id='word_1_30' title='bbox 201 371 364 411; x_wconf 85' lang='lat' dir='ltr'>formae</span> <span class='ocrx_word' id='word_1_31' title='bbox 396 370 552 411; x_wconf 88' lang='lat' dir='ltr'>virium</span> <span class='ocrx_word' id='word_1_32' title='bbox 587 369 733 425; x_wconf 82' lang='lat' dir='ltr'>ingeni</span> <span class='ocrx_word' id='word_1_33' title='bbox 771 373 814 411; x_wconf 93' lang='lat' dir='ltr'>et</span> <span class='ocrx_word' id='word_1_34' title='bbox 851 372 1088 411; x_wconf 88' lang='lat' dir='ltr'>ceterarum</span> <span class='ocrx_word' id='word_1_35' title='bbox 1126 382 1269 408; x_wconf 81' lang='lat' dir='ltr'>rerum</span> <span class='ocrx_word' id='word_1_36' title='bbox 1301 383 1408 422; x_wconf 91' lang='lat' dir='ltr'>quae</span> <span class='ocrx_word' id='word_1_37' title='bbox 1440 371 1541 410; x_wconf 87' lang='lat' dir='ltr'>sunt</span> 
     </span>
     <span class='ocr_line' id='line_1_11' title="bbox 203 426 1576 483; baseline -0.001 -13"><span class='ocrx_word' id='word_1_38' title='bbox 203 432 277 470; x_wconf 88' lang='lat' dir='ltr'>aut</span> <span class='ocrx_word' id='word_1_39' title='bbox 314 428 504 483; x_wconf 88' lang='lat' dir='ltr'>corporis</span> <span class='ocrx_word' id='word_1_40' title='bbox 544 431 618 469; x_wconf 89' lang='lat' dir='ltr'>aut</span> <span class='ocrx_word' id='word_1_41' title='bbox 654 431 897 483; x_wconf 68' lang='lat' dir='ltr'>extraneae,</span> <span class='ocrx_word' id='word_1_42' title='bbox 940 427 976 468; x_wconf 88' lang='lat' dir='ltr'>si</span> <span class='ocrx_word' id='word_1_43' title='bbox 1012 426 1231 480; x_wconf 86' lang='lat' dir='ltr'>habuerit,</span> <span class='ocrx_word' id='word_1_44' title='bbox 1268 426 1375 467; x_wconf 90' lang='lat' dir='ltr'>bene</span> <span class='ocrx_word' id='word_1_45' title='bbox 1412 427 1539 468; x_wconf 90' lang='lat' dir='ltr'>rebus</span> <span class='ocrx_word' id='word_1_46' title='bbox 1559 443 1576 470; x_wconf 86' lang='lat'>5</span> 
     </span>
     <span class='ocr_line' id='line_1_12' title="bbox 202 484 1543 541; baseline -0.002 -13"><span class='ocrx_word' id='word_1_47' title='bbox 202 487 255 528; x_wconf 89' lang='lat' dir='ltr'>iis</span> <span class='ocrx_word' id='word_1_48' title='bbox 287 501 430 541; x_wconf 78' lang='lat' dir='ltr'>usum3</span> <span class='ocrx_word' id='word_1_49' title='bbox 463 486 498 527; x_wconf 91' lang='lat' dir='ltr'>si</span> <span class='ocrx_word' id='word_1_50' title='bbox 529 500 617 527; x_wconf 91' lang='lat' dir='ltr'>non</span> <span class='ocrx_word' id='word_1_51' title='bbox 646 486 858 540; x_wconf 88' lang='lat' dir='ltr'>habuerit,</span> <span class='ocrx_word' id='word_1_52' title='bbox 890 485 1105 539; x_wconf 74' lang='lat' dir='ltr'>sapienter</span> <span class='ocrx_word' id='word_1_53' title='bbox 1137 484 1341 539; x_wconf 82' lang='lat' dir='ltr'>caruisse3</span> <span class='ocrx_word' id='word_1_54' title='bbox 1373 484 1410 526; x_wconf 92' lang='lat' dir='ltr'>si</span> <span class='ocrx_word' id='word_1_55' title='bbox 1442 485 1543 526; x_wconf 84' lang='lat' dir='ltr'>ami-</span> 
     </span>
     <span class='ocr_line' id='line_1_13' title="bbox 204 542 1543 599; baseline -0.002 -13"><span class='ocrx_word' id='word_1_56' title='bbox 204 545 320 599; x_wconf 91' lang='lat' dir='ltr'>serit,</span> <span class='ocrx_word' id='word_1_57' title='bbox 345 545 560 585; x_wconf 89' lang='lat' dir='ltr'>moderate</span> <span class='ocrx_word' id='word_1_58' title='bbox 586 544 748 585; x_wconf 91' lang='lat' dir='ltr'>tulisse.</span> <span class='ocrx_word' id='word_1_59' title='bbox 798 544 961 585; x_wconf 86' lang='lat' dir='ltr'>Deinde</span> <span class='ocrx_word' id='word_1_60' title='bbox 985 543 1087 597; x_wconf 87' lang='lat' dir='ltr'>quid.</span> <span class='ocrx_word' id='word_1_61' title='bbox 1113 542 1328 596; x_wconf 80' lang='lat' dir='ltr'>sapienter</span> <span class='ocrx_word' id='word_1_62' title='bbox 1351 542 1390 583; x_wconf 88' lang='lat' dir='ltr'>is</span> <span class='ocrx_word' id='word_1_63' title='bbox 1416 557 1543 596; x_wconf 90' lang='lat' dir='ltr'>quem</span> 
     </span>
     <span class='ocr_line' id='line_1_14' title="bbox 202 599 1544 657; baseline -0.001 -14"><span class='ocrx_word' id='word_1_64' title='bbox 202 603 360 656; x_wconf 89' lang='lat' dir='ltr'>laudet,</span> <span class='ocrx_word' id='word_1_65' title='bbox 392 602 493 656; x_wconf 89' lang='lat' dir='ltr'>quid</span> <span class='ocrx_word' id='word_1_66' title='bbox 523 602 771 656; x_wconf 76' lang='lat' dir='ltr'>liberaliter,</span> <span class='ocrx_word' id='word_1_67' title='bbox 803 602 904 657; x_wconf 87' lang='lat' dir='ltr'>quid</span> <span class='ocrx_word' id='word_1_68' title='bbox 934 601 1118 655; x_wconf 85' lang='lat' dir='ltr'>fortiter,</span> <span class='ocrx_word' id='word_1_69' title='bbox 1155 600 1257 654; x_wconf 74' lang='lat' dir='ltr'>quid</span> <span class='ocrx_word' id='word_1_70' title='bbox 1286 599 1412 655; x_wconf 88' lang='lat' dir='ltr'>iuste,</span> <span class='ocrx_word' id='word_1_71' title='bbox 1442 600 1544 655; x_wconf 87' lang='lat' dir='ltr'>quid</span> 
     </span>
     <span class='ocr_line' id='line_1_15' title="bbox 208 658 1538 714; baseline -0.001 -14"><span class='ocrx_word' id='word_1_72' title='bbox 208 660 445 714; x_wconf 83' lang='lat' dir='ltr'>magnifice,</span> <span class='ocrx_word' id='word_1_73' title='bbox 479 659 579 714; x_wconf 87' lang='lat' dir='ltr'>quid</span> <span class='ocrx_word' id='word_1_74' title='bbox 609 660 690 714; x_wconf 91' lang='lat' dir='ltr'>pie,</span> <span class='ocrx_word' id='word_1_75' title='bbox 725 660 825 713; x_wconf 87' lang='lat' dir='ltr'>quid</span> <span class='ocrx_word' id='word_1_76' title='bbox 857 663 988 714; x_wconf 80' lang='lat' dir='ltr'>grate,</span> <span class='ocrx_word' id='word_1_77' title='bbox 1020 659 1121 714; x_wconf 85' lang='lat' dir='ltr'>quid</span> <span class='ocrx_word' id='word_1_78' title='bbox 1151 659 1405 712; x_wconf 80' lang='lat' dir='ltr'>humaniter,</span> <span class='ocrx_word' id='word_1_79' title='bbox 1437 658 1538 713; x_wconf 89' lang='lat' dir='ltr'>quid</span> 
     </span>
     <span class='ocr_line' id='line_1_16' title="bbox 207 717 1591 772; baseline 0.001 -14"><span class='ocrx_word' id='word_1_80' title='bbox 207 718 386 772; x_wconf 87' lang='lat' dir='ltr'>denique</span> <span class='ocrx_word' id='word_1_81' title='bbox 429 733 525 760; x_wconf 90' lang='lat' dir='ltr'>cum</span> <span class='ocrx_word' id='word_1_82' title='bbox 567 718 710 772; x_wconf 89' lang='lat' dir='ltr'>aliqua</span> <span class='ocrx_word' id='word_1_83' title='bbox 751 718 910 759; x_wconf 81' lang='lat' dir='ltr'>virtute</span> <span class='ocrx_word' id='word_1_84' title='bbox 954 720 1029 759; x_wconf 89' lang='lat' dir='ltr'>aut</span> <span class='ocrx_word' id='word_1_85' title='bbox 1069 717 1218 758; x_wconf 85' lang='lat' dir='ltr'>fecerit</span> <span class='ocrx_word' id='word_1_86' title='bbox 1262 720 1336 758; x_wconf 88' lang='lat' dir='ltr'>aut</span> <span class='ocrx_word' id='word_1_87' title='bbox 1378 717 1536 758; x_wconf 85' lang='lat' dir='ltr'>tulerit.</span> <span class='ocrx_word' id='word_1_88' title='bbox 1558 735 1591 760; x_wconf 78' lang='grc' dir='ltr'>ιο</span> 
     </span>
     <span class='ocr_line' id='line_1_17' title="bbox 207 775 1643 831; baseline -0.001 -14"><span class='ocrx_word' id='word_1_89' title='bbox 207 775 324 817; x_wconf 90' lang='lat' dir='ltr'>Haec</span> <span class='ocrx_word' id='word_1_90' title='bbox 368 780 410 817; x_wconf 93' lang='lat' dir='ltr'>et</span> <span class='ocrx_word' id='word_1_91' title='bbox 454 791 559 831; x_wconf 85' lang='lat' dir='ltr'>quae</span> <span class='ocrx_word' id='word_1_92' title='bbox 604 780 703 817; x_wconf 89' lang='lat' dir='ltr'>sunt</span> <span class='ocrx_word' id='word_1_93' title='bbox 751 776 840 817; x_wconf 91' lang='lat' dir='ltr'>eius</span> <span class='ocrx_word' id='word_1_94' title='bbox 885 776 1052 831; x_wconf 85' lang='lat' dir='ltr'>generis</span> <span class='ocrx_word' id='word_1_95' title='bbox 1094 776 1218 817; x_wconf 80' lang='lat' dir='ltr'>facile</span> <span class='ocrx_word' id='word_1_96' title='bbox 1260 775 1423 816; x_wconf 81' lang='lat' dir='ltr'>videbit</span> <span class='ocrx_word' id='word_1_97' title='bbox 1465 775 1539 829; x_wconf 89' lang='lat' dir='ltr'>qui</span> <span class='ocrx_word' id='word_1_98' title='bbox 1642 779 1643 782; x_wconf 76' lang='grc'>’</span> 
     </span>
     <span class='ocr_line' id='line_1_18' title="bbox 207 833 1539 889; baseline 0 -15"><span class='ocrx_word' id='word_1_99' title='bbox 207 835 322 875; x_wconf 77' lang='lat' dir='ltr'>volet</span> <span class='ocrx_word' id='word_1_100' title='bbox 352 834 526 875; x_wconf 86' lang='lat' dir='ltr'>laudare</span> <span class='ocrx_word' id='word_1_101' title='bbox 553 838 595 875; x_wconf 90' lang='lat' dir='ltr'>et</span> <span class='ocrx_word' id='word_1_102' title='bbox 622 835 694 888; x_wconf 88' lang='lat' dir='ltr'>qui</span> <span class='ocrx_word' id='word_1_103' title='bbox 718 835 959 889; x_wconf 81' lang='lat' dir='ltr'>vituperare</span> <span class='ocrx_word' id='word_1_104' title='bbox 987 834 1209 875; x_wconf 88' lang='lat' dir='ltr'>contraria.</span> <span class='ocrx_word' id='word_1_105' title='bbox 1260 833 1375 882; x_wconf 86' lang='lat' dir='ltr'>Quor</span> <span class='ocrx_word' id='word_1_106' title='bbox 1404 834 1539 889; x_wconf 84' lang='lat' dir='ltr'>igitur</span> 
     </span>
     <span class='ocr_line' id='line_1_19' title="bbox 207 891 1539 947; baseline 0 -14"><span class='ocrx_word' id='word_1_107' title='bbox 207 892 389 947; x_wconf 75' lang='lat' dir='ltr'>dubitas,</span> <span class='ocrx_word' id='word_1_108' title='bbox 418 893 559 947; x_wconf 83' lang='lat' dir='ltr'>inquit</span> <span class='ocrx_word' id='word_1_109' title='bbox 585 891 775 947; x_wconf 86' lang='lat' dir='ltr'>Catulus,</span> <span class='ocrx_word' id='word_1_110' title='bbox 798 893 936 934; x_wconf 86' lang='lat' dir='ltr'>facere</span> <span class='ocrx_word' id='word_1_111' title='bbox 961 893 1042 934; x_wconf 91' lang='lat' dir='ltr'>hoc</span> <span class='ocrx_word' id='word_1_112' title='bbox 1067 892 1242 933; x_wconf 88' lang='lat' dir='ltr'>tertium</span> <span class='ocrx_word' id='word_1_113' title='bbox 1267 906 1414 947; x_wconf 82' lang='lat' dir='ltr'>genus,</span> <span class='ocrx_word' id='word_1_114' title='bbox 1438 906 1539 946; x_wconf 90' lang='lat' dir='ltr'>quo-</span> 
     </span>
     <span class='ocr_line' id='line_1_20' title="bbox 204 950 1540 1005; baseline 0 -14"><span class='ocrx_word' id='word_1_115' title='bbox 204 951 321 992; x_wconf 86' lang='lat' dir='ltr'>niam</span> <span class='ocrx_word' id='word_1_116' title='bbox 353 955 418 993; x_wconf 91' lang='lat' dir='ltr'>est</span> <span class='ocrx_word' id='word_1_117' title='bbox 447 951 494 992; x_wconf 90' lang='lat' dir='ltr'>in</span> <span class='ocrx_word' id='word_1_118' title='bbox 524 952 734 993; x_wconf 86' lang='lat' dir='ltr'>rationein</span> <span class='ocrx_word' id='word_1_119' title='bbox 764 951 935 993; x_wconf 78' lang='lat' dir='ltr'>rerum?</span> <span class='ocrx_word' id='word_1_120' title='bbox 984 950 1085 992; x_wconf 87' lang='lat' dir='ltr'>Non</span> <span class='ocrx_word' id='word_1_121' title='bbox 1115 951 1240 1005; x_wconf 84' lang='lat' dir='ltr'>enim,</span> <span class='ocrx_word' id='word_1_122' title='bbox 1277 951 1314 992; x_wconf 81' lang='lat' dir='ltr'>si</span> <span class='ocrx_word' id='word_1_123' title='bbox 1345 954 1410 992; x_wconf 89' lang='lat' dir='ltr'>est</span> <span class='ocrx_word' id='word_1_124' title='bbox 1439 950 1540 992; x_wconf 83' lang='lat' dir='ltr'>faci-</span> 
     </span>
     <span class='ocr_line' id='line_1_21' title="bbox 204 1008 1590 1064; baseline 0 -14"><span class='ocrx_word' id='word_1_125' title='bbox 204 1010 305 1064; x_wconf 92' lang='lat' dir='ltr'>lius,</span> <span class='ocrx_word' id='word_1_126' title='bbox 346 1023 394 1051; x_wconf 92' lang='lat' dir='ltr'>eo</span> <span class='ocrx_word' id='word_1_127' title='bbox 428 1010 477 1050; x_wconf 86' lang='lat' dir='ltr'>de</span> <span class='ocrx_word' id='word_1_128' title='bbox 508 1024 685 1051; x_wconf 87' lang='lat' dir='ltr'>numero</span> <span class='ocrx_word' id='word_1_129' title='bbox 717 1025 885 1064; x_wconf 86' lang='lat' dir='ltr'>quoque</span> <span class='ocrx_word' id='word_1_130' title='bbox 919 1012 1018 1062; x_wconf 89' lang='lat' dir='ltr'>[est]</span> <span class='ocrx_word' id='word_1_131' title='bbox 1051 1009 1369 1063; x_wconf 80' lang='lat' dir='ltr'>excerpendum.</span> <span class='ocrx_word' id='word_1_132' title='bbox 1430 1008 1539 1058; x_wconf 81' lang='lat' dir='ltr'>Quia</span> <span class='ocrx_word' id='word_1_133' title='bbox 1559 1025 1590 1051; x_wconf 87' lang='lat'>15</span> 
     </span>
     <span class='ocr_line' id='line_1_22' title="bbox 203 1068 1540 1122; baseline 0 -14"><span class='ocrx_word' id='word_1_134' title='bbox 203 1068 323 1122; x_wconf 87' lang='lat' dir='ltr'>nolo,</span> <span class='ocrx_word' id='word_1_135' title='bbox 352 1068 511 1122; x_wconf 84' lang='lat' dir='ltr'>inquit,</span> <span class='ocrx_word' id='word_1_136' title='bbox 543 1068 703 1122; x_wconf 85' lang='lat' dir='ltr'>omnia,</span> <span class='ocrx_word' id='word_1_137' title='bbox 740 1083 847 1122; x_wconf 92' lang='lat' dir='ltr'>quae</span> <span class='ocrx_word' id='word_1_138' title='bbox 879 1069 1036 1110; x_wconf 86' lang='lat' dir='ltr'>cadunt</span> <span class='ocrx_word' id='word_1_139' title='bbox 1066 1068 1293 1122; x_wconf 84' lang='lat' dir='ltr'>aliquando</span> <span class='ocrx_word' id='word_1_140' title='bbox 1323 1068 1370 1108; x_wconf 91' lang='lat' dir='ltr'>in</span> <span class='ocrx_word' id='word_1_141' title='bbox 1401 1070 1540 1109; x_wconf 87' lang='lat' dir='ltr'>orato-</span> 
     </span>
     <span class='ocr_line' id='line_1_23' title="bbox 203 1125 1539 1181; baseline -0.001 -14"><span class='ocrx_word' id='word_1_142' title='bbox 203 1141 306 1180; x_wconf 86' lang='lat' dir='ltr'>rem,</span> <span class='ocrx_word' id='word_1_143' title='bbox 337 1127 530 1180; x_wconf 85' lang='lat' dir='ltr'>quamvis</span> <span class='ocrx_word' id='word_1_144' title='bbox 563 1126 716 1181; x_wconf 81' lang='lat' dir='ltr'>exigua</span> <span class='ocrx_word' id='word_1_145' title='bbox 747 1126 844 1180; x_wconf 90' lang='lat' dir='ltr'>sint,</span> <span class='ocrx_word' id='word_1_146' title='bbox 876 1142 925 1167; x_wconf 90' lang='lat' dir='ltr'>ea</span> <span class='ocrx_word' id='word_1_147' title='bbox 956 1127 1015 1167; x_wconf 88' lang='lat' dir='ltr'>sic</span> <span class='ocrx_word' id='word_1_148' title='bbox 1046 1129 1243 1180; x_wconf 84' lang='lat' dir='ltr'>tractare,</span> <span class='ocrx_word' id='word_1_149' title='bbox 1278 1126 1399 1179; x_wconf 84' lang='lat' dir='ltr'>quasi</span> <span class='ocrx_word' id='word_1_150' title='bbox 1429 1125 1539 1166; x_wconf 88' lang='lat' dir='ltr'>nihil</span> 
     </span>
     <span class='ocr_line' id='line_1_24' title="bbox 202 1185 1544 1240; baseline -0.001 -13"><span class='ocrx_word' id='word_1_151' title='bbox 202 1185 342 1240; x_wconf 89' lang='lat' dir='ltr'>possit</span> <span class='ocrx_word' id='word_1_152' title='bbox 373 1185 456 1227; x_wconf 89' lang='lat' dir='ltr'>dici</span> <span class='ocrx_word' id='word_1_153' title='bbox 488 1185 578 1226; x_wconf 88' lang='lat' dir='ltr'>sine</span> <span class='ocrx_word' id='word_1_154' title='bbox 609 1185 848 1240; x_wconf 83' lang='lat' dir='ltr'>praeceptis</span> <span class='ocrx_word' id='word_1_155' title='bbox 879 1185 978 1226; x_wconf 91' lang='lat' dir='ltr'>suis.</span> <span class='ocrx_word' id='word_1_156' title='bbox 1039 1185 1153 1227; x_wconf 89' lang='lat' dir='ltr'>Nam</span> <span class='ocrx_word' id='word_1_157' title='bbox 1179 1189 1221 1227; x_wconf 90' lang='lat' dir='ltr'>et</span> <span class='ocrx_word' id='word_1_158' title='bbox 1247 1185 1544 1227; x_wconf 87' lang='lat' dir='ltr'>testimonium</span> 
     </span>
     <span class='ocr_line' id='line_1_25' title="bbox 205 1243 1543 1298; baseline -0.001 -14"><span class='ocrx_word' id='word_1_159' title='bbox 205 1258 329 1298; x_wconf 90' lang='lat' dir='ltr'>saepe</span> <span class='ocrx_word' id='word_1_160' title='bbox 362 1244 587 1285; x_wconf 89' lang='lat' dir='ltr'>dicendum</span> <span class='ocrx_word' id='word_1_161' title='bbox 618 1246 683 1284; x_wconf 93' lang='lat' dir='ltr'>est</span> <span class='ocrx_word' id='word_1_162' title='bbox 709 1258 757 1284; x_wconf 90' lang='lat' dir='ltr'>ac</span> <span class='ocrx_word' id='word_1_163' title='bbox 788 1257 1094 1296; x_wconf 84' lang='lat' dir='ltr'>nonnunquam</span> <span class='ocrx_word' id='word_1_164' title='bbox 1126 1244 1256 1286; x_wconf 90' lang='lat' dir='ltr'>etiam</span> <span class='ocrx_word' id='word_1_165' title='bbox 1288 1243 1543 1298; x_wconf 68' lang='lat' dir='ltr'>accuratius,</span> 
     </span>
     <span class='ocr_line' id='line_1_26' title="bbox 203 1300 1597 1345; baseline 0.002 -3"><span class='ocrx_word' id='word_1_166' title='bbox 203 1305 252 1342; x_wconf 87' lang='lat' dir='ltr'>ut</span> <span class='ocrx_word' id='word_1_167' title='bbox 282 1302 387 1342; x_wconf 83' lang='lat' dir='ltr'>mihi</span> <span class='ocrx_word' id='word_1_168' title='bbox 419 1302 550 1342; x_wconf 89' lang='lat' dir='ltr'>etiam</span> <span class='ocrx_word' id='word_1_169' title='bbox 579 1316 751 1342; x_wconf 90' lang='lat' dir='ltr'>necesse</span> <span class='ocrx_word' id='word_1_170' title='bbox 782 1301 866 1342; x_wconf 82' lang='lat' dir='ltr'>fuit</span> <span class='ocrx_word' id='word_1_171' title='bbox 894 1302 940 1341; x_wconf 90' lang='lat' dir='ltr'>in</span> <span class='ocrx_word' id='word_1_172' title='bbox 972 1300 1064 1342; x_wconf 81' lang='lat' dir='ltr'>Sex.</span> <span class='ocrx_word' id='word_1_173' title='bbox 1090 1301 1251 1344; x_wconf 88' lang='lat' dir='ltr'>Titium</span> <span class='ocrx_word' id='word_1_174' title='bbox 1288 1302 1541 1343; x_wconf 86' lang='lat' dir='ltr'>seditiosum</span> <span class='ocrx_word' id='word_1_175' title='bbox 1562 1320 1597 1345; x_wconf 82' lang='lat'>20</span> 
     </span>
     <span class='ocr_line' id='line_1_27' title="bbox 204 1358 1542 1416; baseline 0 -16"><span class='ocrx_word' id='word_1_176' title='bbox 204 1359 339 1401; x_wconf 82' lang='lat' dir='ltr'>civem</span> <span class='ocrx_word' id='word_1_177' title='bbox 370 1363 413 1400; x_wconf 92' lang='lat' dir='ltr'>et</span> <span class='ocrx_word' id='word_1_178' title='bbox 445 1359 758 1414; x_wconf 66' lang='lat' dir='ltr'>turbulentum,</span> <span class='ocrx_word' id='word_1_179' title='bbox 802 1359 1010 1413; x_wconf 82' lang='lat' dir='ltr'>explicavi</span> <span class='ocrx_word' id='word_1_180' title='bbox 1045 1359 1092 1400; x_wconf 91' lang='lat' dir='ltr'>in</span> <span class='ocrx_word' id='word_1_181' title='bbox 1126 1374 1175 1401; x_wconf 94' lang='lat' dir='ltr'>eo</span> <span class='ocrx_word' id='word_1_182' title='bbox 1210 1358 1542 1416; x_wconf 87' lang='lat' dir='ltr'>[testimonium]</span> 
     </span>
     <span class='ocr_line' id='line_1_28' title="bbox 204 1417 1544 1473; baseline 0.001 -15"><span class='ocrx_word' id='word_1_183' title='bbox 204 1418 380 1459; x_wconf 86' lang='lat' dir='ltr'>dicendo</span> <span class='ocrx_word' id='word_1_184' title='bbox 414 1418 557 1458; x_wconf 90' lang='lat' dir='ltr'>omnia</span> <span class='ocrx_word' id='word_1_185' title='bbox 583 1418 761 1459; x_wconf 89' lang='lat' dir='ltr'>consilia</span> <span class='ocrx_word' id='word_1_186' title='bbox 787 1417 1034 1459; x_wconf 89' lang='lat' dir='ltr'>consulatus</span> <span class='ocrx_word' id='word_1_187' title='bbox 1061 1418 1157 1473; x_wconf 90' lang='lat' dir='ltr'>mei,</span> <span class='ocrx_word' id='word_1_188' title='bbox 1189 1418 1343 1472; x_wconf 89' lang='lat' dir='ltr'>quibus</span> <span class='ocrx_word' id='word_1_189' title='bbox 1374 1418 1439 1459; x_wconf 87' lang='lat' dir='ltr'>illi</span> <span class='ocrx_word' id='word_1_190' title='bbox 1470 1418 1544 1459; x_wconf 91' lang='lat' dir='ltr'>tri-</span> 
     </span>
     <span class='ocr_line' id='line_1_29' title="bbox 203 1476 1542 1531; baseline 0.001 -15"><span class='ocrx_word' id='word_1_191' title='bbox 203 1477 318 1517; x_wconf 86' lang='lat' dir='ltr'>buno</span> <span class='ocrx_word' id='word_1_192' title='bbox 350 1476 487 1530; x_wconf 87' lang='lat' dir='ltr'>plebis</span> <span class='ocrx_word' id='word_1_193' title='bbox 519 1490 596 1530; x_wconf 90' lang='lat' dir='ltr'>pro</span> <span class='ocrx_word' id='word_1_194' title='bbox 623 1490 667 1516; x_wconf 89' lang='lat' dir='ltr'>re</span> <span class='ocrx_word' id='word_1_195' title='bbox 692 1476 865 1530; x_wconf 88' lang='lat' dir='ltr'>publica</span> <span class='ocrx_word' id='word_1_196' title='bbox 895 1476 1163 1531; x_wconf 85' lang='lat' dir='ltr'>restitissem,</span> <span class='ocrx_word' id='word_1_197' title='bbox 1195 1491 1386 1531; x_wconf 80' lang='lat' dir='ltr'>quaeque</span> <span class='ocrx_word' id='word_1_198' title='bbox 1412 1476 1465 1517; x_wconf 88' lang='lat' dir='ltr'>ab</span> <span class='ocrx_word' id='word_1_199' title='bbox 1492 1490 1542 1517; x_wconf 92' lang='lat' dir='ltr'>eo</span> 
     </span>
     <span class='ocr_line' id='line_1_30' title="bbox 205 1534 1543 1590; baseline 0.001 -16"><span class='ocrx_word' id='word_1_200' title='bbox 205 1537 354 1575; x_wconf 87' lang='lat' dir='ltr'>contra</span> <span class='ocrx_word' id='word_1_201' title='bbox 385 1549 475 1575; x_wconf 90' lang='lat' dir='ltr'>rem</span> <span class='ocrx_word' id='word_1_202' title='bbox 505 1534 722 1588; x_wconf 88' lang='lat' dir='ltr'>publicam</span> <span class='ocrx_word' id='word_1_203' title='bbox 753 1534 868 1575; x_wconf 87' lang='lat' dir='ltr'>facta</span> <span class='ocrx_word' id='word_1_204' title='bbox 894 1534 1125 1575; x_wconf 87' lang='lat' dir='ltr'>arbitrarer</span> <span class='ocrx_word' id='word_1_205' title='bbox 1151 1535 1344 1590; x_wconf 81' lang='lat' dir='ltr'>exposui3</span> <span class='ocrx_word' id='word_1_206' title='bbox 1377 1534 1449 1575; x_wconf 88' lang='lat' dir='ltr'>diu</span> <span class='ocrx_word' id='word_1_207' title='bbox 1480 1548 1543 1575; x_wconf 90' lang='lat' dir='ltr'>re-</span> 
     </span>
     <span class='ocr_line' id='line_1_31' title="bbox 204 1592 1595 1648; baseline 0.001 -16"><span class='ocrx_word' id='word_1_208' title='bbox 204 1596 348 1633; x_wconf 87' lang='lat' dir='ltr'>tentus</span> <span class='ocrx_word' id='word_1_209' title='bbox 376 1607 482 1646; x_wconf 88' lang='lat' dir='ltr'>sum,</span> <span class='ocrx_word' id='word_1_210' title='bbox 507 1592 643 1633; x_wconf 87' lang='lat' dir='ltr'>multa</span> <span class='ocrx_word' id='word_1_211' title='bbox 665 1592 819 1645; x_wconf 85' lang='lat' dir='ltr'>audivi,</span> <span class='ocrx_word' id='word_1_212' title='bbox 844 1592 981 1633; x_wconf 86' lang='lat' dir='ltr'>multa</span> <span class='ocrx_word' id='word_1_213' title='bbox 1005 1593 1216 1646; x_wconf 83' lang='lat' dir='ltr'>respondi.</span> <span class='ocrx_word' id='word_1_214' title='bbox 1267 1592 1382 1634; x_wconf 88' lang='lat' dir='ltr'>Num</span> <span class='ocrx_word' id='word_1_215' title='bbox 1406 1592 1542 1648; x_wconf 79' lang='lat' dir='ltr'>igitur</span> <span class='ocrx_word' id='word_1_216' title='bbox 1560 1610 1595 1636; x_wconf 80' lang='lat'>25</span> 
     </span>
    </p>
   </div>
   <div class='ocr_carea' id='block_1_7' title="bbox 165 1650 1543 1761">
    <p class='ocr_par' dir='ltr' id='par_1_7' title="bbox 165 1650 1543 1761">
     <span class='ocr_line' id='line_1_32' title="bbox 165 1650 1542 1717; baseline 0.001 -27"><span class='ocrx_word' id='word_1_217' title='bbox 165 1651 529 1717; x_wconf 41' lang='lat' dir='ltr'>9placet,·quom</span> <span class='ocrx_word' id='word_1_218' title='bbox 567 1650 617 1714; x_wconf 84' lang='grc'>(16</span> <span class='ocrx_word' id='word_1_219' title='bbox 649 1650 891 1714; x_wconf 88' lang='lat' dir='ltr'>eloquentia</span> <span class='ocrx_word' id='word_1_220' title='bbox 916 1650 1177 1714; x_wconf 70' lang='lat' dir='ltr'>praecipias,</span> <span class='ocrx_word' id='word_1_221' title='bbox 1221 1651 1381 1705; x_wconf 89' lang='lat' dir='ltr'>aliquid</span> <span class='ocrx_word' id='word_1_222' title='bbox 1412 1650 1542 1716; x_wconf 78' lang='lat' dir='ltr'>etiam</span> 
     </span>
     <span class='ocr_line' id='line_1_33' title="bbox 165 1708 1543 1761; baseline 0 -12"><span class='ocrx_word' id='word_1_223' title='bbox 165 1709 255 1749; x_wconf 63' lang='lat' dir='ltr'>“de</span> <span class='ocrx_word' id='word_1_224' title='bbox 287 1712 546 1749; x_wconf 83' lang='lat' dir='ltr'>testimoniis</span> <span class='ocrx_word' id='word_1_225' title='bbox 579 1708 765 1748; x_wconf 86' lang='lat' dir='ltr'>dicendis</span> <span class='ocrx_word' id='word_1_226' title='bbox 806 1722 926 1761; x_wconf 86' lang='lat' dir='ltr'>quasi</span> <span class='ocrx_word' id='word_1_227' title='bbox 963 1723 1009 1748; x_wconf 91' lang='lat' dir='ltr'>iii</span> <span class='ocrx_word' id='word_1_228' title='bbox 1046 1712 1136 1749; x_wconf 91' lang='lat' dir='ltr'>arte</span> <span class='ocrx_word' id='word_1_229' title='bbox 1174 1709 1370 1750; x_wconf 81' lang='lat' dir='ltr'>tradere?</span> <span class='ocrx_word' id='word_1_230' title='bbox 1420 1708 1543 1749; x_wconf 91' lang='lat' dir='ltr'>Nihil</span> 
     </span>
    </p>
   </div>
   <div class='ocr_carea' id='block_1_8' title="bbox 203 1764 1595 2344">
    <p class='ocr_par' dir='ltr' id='par_1_8' title="bbox 203 1764 1595 2344">
     <span class='ocr_line' id='line_1_34' title="bbox 205 1764 1541 1820; baseline 0.001 -13"><span class='ocrx_word' id='word_1_231' title='bbox 205 1781 319 1820; x_wconf 91' lang='lat' dir='ltr'>sane,</span> <span class='ocrx_word' id='word_1_232' title='bbox 348 1766 490 1820; x_wconf 89' lang='lat' dir='ltr'>inquit</span> <span class='ocrx_word' id='word_1_233' title='bbox 515 1764 706 1820; x_wconf 84' lang='lat' dir='ltr'>Catulus,</span> <span class='ocrx_word' id='word_1_234' title='bbox 736 1768 963 1806; x_wconf 88' lang='lat' dir='ltr'>necessest.</span> <span class='ocrx_word' id='word_1_235' title='bbox 1025 1765 1163 1814; x_wconf 80' lang='lat' dir='ltr'>Quid?</span> <span class='ocrx_word' id='word_1_236' title='bbox 1196 1767 1244 1820; x_wconf 90' lang='lat' dir='ltr'>si,</span> <span class='ocrx_word' id='word_1_237' title='bbox 1276 1767 1389 1820; x_wconf 89' lang='lat' dir='ltr'>quod</span> <span class='ocrx_word' id='word_1_238' title='bbox 1415 1781 1541 1820; x_wconf 88' lang='lat' dir='ltr'>saepe</span> 
     </span>
     <span class='ocr_line' id='line_1_35' title="bbox 205 1823 1542 1878; baseline 0 -13"><span class='ocrx_word' id='word_1_239' title='bbox 205 1824 382 1866; x_wconf 89' lang='lat' dir='ltr'>summis</span> <span class='ocrx_word' id='word_1_240' title='bbox 414 1824 516 1865; x_wconf 85' lang='lat' dir='ltr'>viris</span> <span class='ocrx_word' id='word_1_241' title='bbox 550 1824 722 1878; x_wconf 89' lang='lat' dir='ltr'>accidit,</span> <span class='ocrx_word' id='word_1_242' title='bbox 759 1824 961 1865; x_wconf 87' lang='lat' dir='ltr'>mandata</span> <span class='ocrx_word' id='word_1_243' title='bbox 993 1823 1079 1864; x_wconf 90' lang='lat' dir='ltr'>sint</span> <span class='ocrx_word' id='word_1_244' title='bbox 1111 1825 1360 1878; x_wconf 84' lang='lat' dir='ltr'>exponenda</span> <span class='ocrx_word' id='word_1_245' title='bbox 1391 1827 1466 1866; x_wconf 87' lang='lat' dir='ltr'>aut</span> <span class='ocrx_word' id='word_1_246' title='bbox 1495 1825 1542 1865; x_wconf 88' lang='lat' dir='ltr'>in</span> 
     </span>
     <span class='ocr_line' id='line_1_36' title="bbox 205 1881 1595 1936; baseline 0.001 -13"><span class='ocrx_word' id='word_1_247' title='bbox 205 1886 355 1924; x_wconf 88' lang='lat' dir='ltr'>senatu</span> <span class='ocrx_word' id='word_1_248' title='bbox 388 1883 441 1924; x_wconf 83' lang='lat' dir='ltr'>ab</span> <span class='ocrx_word' id='word_1_249' title='bbox 472 1883 731 1936; x_wconf 89' lang='lat' dir='ltr'>imperatore</span> <span class='ocrx_word' id='word_1_250' title='bbox 765 1886 838 1923; x_wconf 88' lang='lat' dir='ltr'>aut</span> <span class='ocrx_word' id='word_1_251' title='bbox 871 1882 923 1922; x_wconf 85' lang='lat' dir='ltr'>ad</span> <span class='ocrx_word' id='word_1_252' title='bbox 953 1881 1256 1936; x_wconf 89' lang='lat' dir='ltr'>imperatorem</span> <span class='ocrx_word' id='word_1_253' title='bbox 1288 1885 1363 1924; x_wconf 88' lang='lat' dir='ltr'>aut</span> <span class='ocrx_word' id='word_1_254' title='bbox 1396 1883 1448 1924; x_wconf 88' lang='lat' dir='ltr'>ad</span> <span class='ocrx_word' id='word_1_255' title='bbox 1478 1897 1540 1924; x_wconf 90' lang='lat' dir='ltr'>re·</span> <span class='ocrx_word' id='word_1_256' title='bbox 1559 1900 1595 1926; x_wconf 85' lang='lat'>30</span> 
     </span>
     <span class='ocr_line' id='line_1_37' title="bbox 205 1940 1540 1996; baseline 0 -15"><span class='ocrx_word' id='word_1_257' title='bbox 205 1955 302 1996; x_wconf 84' lang='lat' dir='ltr'>gem</span> <span class='ocrx_word' id='word_1_258' title='bbox 323 1944 396 1981; x_wconf 92' lang='lat' dir='ltr'>aut</span> <span class='ocrx_word' id='word_1_259' title='bbox 417 1941 469 1982; x_wconf 91' lang='lat' dir='ltr'>ad</span> <span class='ocrx_word' id='word_1_260' title='bbox 488 1941 694 1995; x_wconf 89' lang='lat' dir='ltr'>populum</span> <span class='ocrx_word' id='word_1_261' title='bbox 715 1940 900 1994; x_wconf 88' lang='lat' dir='ltr'>aliquem</span> <span class='ocrx_word' id='word_1_262' title='bbox 920 1954 944 1981; x_wconf 88' lang='lat' dir='ltr'>a</span> <span class='ocrx_word' id='word_1_263' title='bbox 965 1944 1127 1993; x_wconf 90' lang='lat' dir='ltr'>senatu,</span> <span class='ocrx_word' id='word_1_264' title='bbox 1140 1955 1243 1982; x_wconf 88' lang='lat' dir='ltr'>num</span> <span class='ocrx_word' id='word_1_265' title='bbox 1265 1940 1368 1994; x_wconf 90' lang='lat' dir='ltr'>quia</span> <span class='ocrx_word' id='word_1_266' title='bbox 1387 1955 1540 1996; x_wconf 84' lang='lat' dir='ltr'>genere</span> 
     </span>
     <span class='ocr_line' id='line_1_38' title="bbox 206 1998 1541 2053; baseline 0 -13"><span class='ocrx_word' id='word_1_267' title='bbox 206 1999 412 2040; x_wconf 81' lang='lat' dir='ltr'>orationis</span> <span class='ocrx_word' id='word_1_268' title='bbox 443 1999 489 2039; x_wconf 91' lang='lat' dir='ltr'>in</span> <span class='ocrx_word' id='word_1_269' title='bbox 521 1999 610 2040; x_wconf 90' lang='lat' dir='ltr'>eius</span> <span class='ocrx_word' id='word_1_270' title='bbox 637 1999 752 2039; x_wconf 84' lang='lat' dir='ltr'>modi</span> <span class='ocrx_word' id='word_1_271' title='bbox 779 1998 917 2040; x_wconf 89' lang='lat' dir='ltr'>causis</span> <span class='ocrx_word' id='word_1_272' title='bbox 944 1999 1205 2040; x_wconf 86' lang='lat' dir='ltr'>accuratiore</span> <span class='ocrx_word' id='word_1_273' title='bbox 1233 2002 1297 2040; x_wconf 91' lang='lat' dir='ltr'>est</span> <span class='ocrx_word' id='word_1_274' title='bbox 1323 2000 1541 2053; x_wconf 87' lang='lat' dir='ltr'>utendum,</span> 
     </span>
     <span class='ocr_line' id='line_1_39' title="bbox 203 2057 1540 2111; baseline 0.001 -14"><span class='ocrx_word' id='word_1_275' title='bbox 203 2057 362 2098; x_wconf 88' lang='lat' dir='ltr'>idcirco</span> <span class='ocrx_word' id='word_1_276' title='bbox 395 2057 525 2098; x_wconf 90' lang='lat' dir='ltr'>etiam</span> <span class='ocrx_word' id='word_1_277' title='bbox 561 2071 659 2111; x_wconf 89' lang='lat' dir='ltr'>pars</span> <span class='ocrx_word' id='word_1_278' title='bbox 691 2057 795 2098; x_wconf 89' lang='lat' dir='ltr'>haec</span> <span class='ocrx_word' id='word_1_279' title='bbox 827 2070 1051 2098; x_wconf 89' lang='lat' dir='ltr'>causarum</span> <span class='ocrx_word' id='word_1_280' title='bbox 1081 2058 1343 2098; x_wconf 86' lang='lat' dir='ltr'>numeranda</span> <span class='ocrx_word' id='word_1_281' title='bbox 1373 2057 1540 2098; x_wconf 88' lang='lat' dir='ltr'>videtur</span> 
     </span>
     <span class='ocr_line' id='line_1_40' title="bbox 205 2115 1539 2169; baseline 0 -14"><span class='ocrx_word' id='word_1_282' title='bbox 205 2118 279 2155; x_wconf 89' lang='lat' dir='ltr'>aut</span> <span class='ocrx_word' id='word_1_283' title='bbox 308 2115 493 2169; x_wconf 87' lang='lat' dir='ltr'>propriis</span> <span class='ocrx_word' id='word_1_284' title='bbox 524 2115 763 2169; x_wconf 87' lang='lat' dir='ltr'>praeceptis</span> <span class='ocrx_word' id='word_1_285' title='bbox 793 2115 1071 2156; x_wconf 73' lang='lat' dir='ltr'>instruenda?</span> <span class='ocrx_word' id='word_1_286' title='bbox 1120 2115 1297 2156; x_wconf 83' lang='lat' dir='ltr'>Minime</span> <span class='ocrx_word' id='word_1_287' title='bbox 1329 2129 1442 2169; x_wconf 87' lang='lat' dir='ltr'>vero,</span> <span class='ocrx_word' id='word_1_288' title='bbox 1478 2115 1539 2155; x_wconf 92' lang='lat' dir='ltr'>in-</span> 
     </span>
     <span class='ocr_line' id='line_1_41' title="bbox 205 2171 1592 2226; baseline 0.001 -13"><span class='ocrx_word' id='word_1_289' title='bbox 205 2173 298 2226; x_wconf 90' lang='lat' dir='ltr'>quit</span> <span class='ocrx_word' id='word_1_290' title='bbox 325 2171 514 2213; x_wconf 84' lang='lat' dir='ltr'>Catulus.</span> <span class='ocrx_word' id='word_1_291' title='bbox 564 2172 664 2213; x_wconf 91' lang='lat' dir='ltr'>Non</span> <span class='ocrx_word' id='word_1_292' title='bbox 695 2173 809 2215; x_wconf 90' lang='lat' dir='ltr'>enim</span> <span class='ocrx_word' id='word_1_293' title='bbox 840 2173 973 2214; x_wconf 88' lang='lat' dir='ltr'>deerit</span> <span class='ocrx_word' id='word_1_294' title='bbox 1003 2172 1167 2214; x_wconf 87' lang='lat' dir='ltr'>homini</span> <span class='ocrx_word' id='word_1_295' title='bbox 1194 2174 1352 2215; x_wconf 86' lang='lat' dir='ltr'>diserto</span> <span class='ocrx_word' id='word_1_296' title='bbox 1377 2172 1423 2213; x_wconf 91' lang='lat' dir='ltr'>in</span> <span class='ocrx_word' id='word_1_297' title='bbox 1448 2173 1537 2214; x_wconf 88' lang='lat' dir='ltr'>eius</span> <span class='ocrx_word' id='word_1_298' title='bbox 1558 2189 1592 2215; x_wconf 82' lang='lat'>35</span> 
     </span>
     <span class='ocr_line' id='line_1_42' title="bbox 204 2231 1539 2273; baseline 0 -1"><span class='ocrx_word' id='word_1_299' title='bbox 204 2231 319 2272; x_wconf 78' lang='lat' dir='ltr'>modi·</span> <span class='ocrx_word' id='word_1_300' title='bbox 355 2231 482 2272; x_wconf 89' lang='lat' dir='ltr'>rebus</span> <span class='ocrx_word' id='word_1_301' title='bbox 521 2231 702 2272; x_wconf 84' lang='lat' dir='ltr'>facultas</span> <span class='ocrx_word' id='word_1_302' title='bbox 741 2246 790 2272; x_wconf 83' lang='lat' dir='ltr'>ex</span> <span class='ocrx_word' id='word_1_303' title='bbox 828 2231 979 2273; x_wconf 88' lang='lat' dir='ltr'>ceteris</span> <span class='ocrx_word' id='word_1_304' title='bbox 1017 2232 1144 2272; x_wconf 89' lang='lat' dir='ltr'>rebus</span> <span class='ocrx_word' id='word_1_305' title='bbox 1182 2235 1224 2273; x_wconf 90' lang='lat' dir='ltr'>et</span> <span class='ocrx_word' id='word_1_306' title='bbox 1257 2231 1395 2273; x_wconf 87' lang='lat' dir='ltr'>causis</span> <span class='ocrx_word' id='word_1_307' title='bbox 1428 2245 1539 2272; x_wconf 89' lang='lat' dir='ltr'>com-</span> 
     </span>
     <span class='ocr_line' id='line_1_43' title="bbox 204 2288 1538 2344; baseline 0 -14"><span class='ocrx_word' id='word_1_308' title='bbox 204 2292 365 2344; x_wconf 90' lang='lat' dir='ltr'>parata.</span> <span class='ocrx_word' id='word_1_309' title='bbox 430 2289 548 2343; x_wconf 84' lang='lat' dir='ltr'>Ergo</span> <span class='ocrx_word' id='word_1_310' title='bbox 586 2289 708 2344; x_wconf 88' lang='lat' dir='ltr'>item,</span> <span class='ocrx_word' id='word_1_311' title='bbox 746 2289 904 2344; x_wconf 89' lang='lat' dir='ltr'>inquit,</span> <span class='ocrx_word' id='word_1_312' title='bbox 939 2289 1033 2344; x_wconf 91' lang='lat' dir='ltr'>illa,</span> <span class='ocrx_word' id='word_1_313' title='bbox 1073 2304 1180 2343; x_wconf 89' lang='lat' dir='ltr'>quae</span> <span class='ocrx_word' id='word_1_314' title='bbox 1220 2304 1344 2344; x_wconf 89' lang='lat' dir='ltr'>saepe</span> <span class='ocrx_word' id='word_1_315' title='bbox 1382 2288 1538 2330; x_wconf 85' lang='lat' dir='ltr'>diserte</span> 
     </span>
    </p>
   </div>
  </div>
 </body>
</html>
