1643 2526
313 113 458 148 LIBER
482 113 526 149 ΙΙ.
577 113 678 148 CAP.
706 116 856 149 31-32.
895 117 914 156 g
942 116 1147 149 133—140.
1331 113 1413 155 101

72 208 331 251 turbulentis
365 211 408 250 et
439 208 564 250 malis
599 208 781 263 civibus3
826 209 940 263 quod
972 224 997 250 a
1027 208 1176 250 multis
1210 207 1418 264 arguitur,

72 268 122 309 de
156 282 308 323 genere
341 267 538 323 testium3
578 270 824 323 contraque,
857 282 964 321 quae
995 282 1072 321 pro
1105 282 1177 309 reo
1211 267 1417 321 dicentur,

74 326 217 368 omnia
258 326 500 368 necessario
534 341 558 367 a
590 329 784 380 tempore
828 329 956 380 atque
999 326 1172 367 homine
1213 326 1265 367 ad
1305 340 1417 367 com-

73 385 213 426 munis
245 399 388 426 rerum
415 387 457 426 et
483 398 688 439 generum
722 399 911 426 summas
944 385 1228 426 revolventur.
1271 383 1487 438 Atque136

39 460 54 485 5
72 444 177 485 haec
207 443 392 485 forsitan
422 443 588 484 homini
619 457 707 484 non
739 443 883 484 omnia
915 458 1022 497 quae
1056 446 1156 484 sunt
1187 443 1233 483 in
1262 446 1418 484 natura

74 517 216 543 rerum
237 502 431 543 celeriter
452 501 594 543 animo
616 502 936 556 comprendenti
952 502 1167 556 permulta
1180 501 1418 556 videantur,

75 575 182 615 quae
214 560 387 602 veniant
424 560 470 601 in
506 560 711 602 iudicium
747 563 858 615 tum,
902 575 1032 614 quom
1064 560 1114 601 de
1145 559 1260 601 facto
1294 574 1418 614 quae-

73 622 211 674 ratur,
256 619 328 660 sed
365 622 509 660 tamen
547 619 775 660 criminum
810 619 1042 660 multitudo
1075 621 1141 660 est
1173 621 1247 659 aut
1279 617 1418 659 defen-

76 677 257 732 sionum,
286 692 373 718 non
403 677 595 719 locorum
626 677 807 718 infinita.

23 752 55 778 ιο
192 735 307 785 Quae
339 750 457 790 vero,
493 750 622 790 quom
654 736 702 776 de
735 736 850 777 facto
882 750 970 777 non
1002 735 1257 791 ambigitur,
1289 749 1415 788 quae-

74 798 228 836 runtur
261 794 404 848 qualia
436 794 533 849 sint,
565 809 615 835 ea
646 794 682 835 si
715 809 765 835 ex
796 793 879 835 reis
911 808 1122 847 numeres,
1154 796 1197 835 et
1227 793 1417 834 innume-

75 853 229 895 rabilia
260 856 361 894 sunt
393 855 436 894 et
468 853 661 907 obscura,
702 852 737 893 si
771 867 821 893 ex
852 852 992 907 rebus,
1024 853 1144 893 valde
1177 854 1219 893 et
1251 852 1419 893 modica

76 915 118 953 et
143 911 353 952 inlustria.
404 910 518 952 Nam
545 911 581 952 si
607 911 795 952 Mancini
828 925 1000 952 causam
1030 910 1077 951 in
1104 925 1189 951 uno
1216 910 1417 951 Mancino

75 970 292 1025 ponimus,
337 970 750 1024 quotiensquomque
786 969 842 1023 is,
887 984 1011 1022 quem
1055 972 1179 1023 pater
1220 971 1417 1023 patratus

24 1044 56 1070 15
77 1029 302 1083 dediderit,
339 1031 535 1082 receptus
572 1042 660 1069 non
697 1028 796 1082 erit,
836 1028 996 1068 totiens
1035 1042 1163 1068 causa
1199 1042 1311 1068 nova
1346 1041 1418 1067 na-

77 1091 228 1129 scetur.
292 1086 368 1128 Sin
399 1087 474 1128 illa
506 1087 796 1128 controversia
828 1101 1000 1127 causam
1032 1085 1137 1126 facit
1168 1085 1417 1126 videaturne

77 1146 127 1200 ei,
153 1160 278 1199 quem
303 1148 425 1199 pater
449 1147 646 1199 patratus
671 1144 890 1199 dediderit,
916 1144 951 1185 si
970 1144 1007 1185 is
1026 1158 1113 1184 non
1134 1144 1190 1185 sit
1209 1147 1419 1198 receptus,

76 1204 390 1259 postliminium
422 1218 531 1258 esse,
571 1203 680 1244 nihil
712 1203 764 1244 ad
796 1206 932 1244 artem
964 1202 1130 1244 dicendi
1160 1216 1238 1243 nec
1272 1203 1324 1243 ad
1357 1217 1418 1243 ar—

78 1266 281 1318 gumenta
319 1262 577 1303 defensionis
609 1261 799 1303 Mancini
834 1276 992 1302 nomen
1026 1260 1223 1315 pertinet.
1285 1260 1349 1302 Ac
1382 1260 1487 1302 si138

26 1336 58 1361 20
79 1321 180 1375 quid
225 1321 362 1362 adfert
404 1323 625 1375 praeterea
667 1320 853 1360 hominis
899 1322 973 1360 aut
1017 1319 1202 1374 dignitas
1248 1322 1322 1360 aut
1358 1319 1420 1359 in-

79 1379 280 1435 dignitas,
307 1382 427 1420 extra
453 1379 745 1432 quaestionem
773 1381 837 1419 est
858 1381 900 1419 et
921 1392 970 1419 ea
992 1380 1137 1419 tamen
1159 1377 1255 1431 ipsa
1281 1377 1418 1418 oratio

80 1438 132 1479 ad
158 1438 345 1479 universi
373 1437 539 1492 generis
561 1437 895 1490 disputationem
915 1436 1125 1477 referatur
1143 1450 1315 1477 necesse
1342 1439 1419 1476 est.

78 1496 196 1537 Haec
222 1510 302 1551 ego
328 1510 415 1536 non
441 1510 491 1536 eo
518 1495 698 1537 consilio
725 1495 910 1549 disputo,
934 1497 983 1535 ut
1007 1494 1202 1535 homines
1229 1494 1418 1535 eruditos

77 1555 349 1610 redarguam3
382 1568 640 1608 quamquam
659 1553 938 1608 reprendendi
959 1556 1070 1607 sunt,
1096 1552 1169 1606 qui
1194 1552 1239 1593 in
1266 1566 1418 1607 genere

27 1628 60 1654 25
80 1613 316 1654 definiendo
342 1613 449 1654 istas
477 1627 625 1654 causas
652 1612 889 1653 discribunt
911 1611 957 1652 in
975 1610 1169 1666 personis
1190 1613 1232 1652 et
1250 1610 1296 1651 in
1315 1613 1420 1651 tem-

79 1671 256 1726 poribus
287 1671 452 1726 positas
485 1686 588 1712 esse.
649 1669 762 1711 Nam
794 1670 876 1711 etsi
906 1670 1130 1711 incurrunt
1156 1672 1351 1723 tempora
1377 1672 1488 1710 et139

78 1744 297 1784 personae,
328 1733 473 1771 tamen
502 1729 837 1783 intellegendum
872 1731 938 1769 est
967 1743 1055 1769 non
1086 1743 1137 1769 ex
1166 1727 1233 1782 iis,
1266 1728 1338 1768 sed
1370 1742 1421 1768 ex

81 1802 233 1843 genere
266 1788 529 1841 quaestionis
561 1788 743 1842 pendere
777 1802 938 1828 causas.
1003 1786 1084 1827 Sed
1114 1787 1196 1827 hoc
1226 1785 1336 1826 nihil
1368 1786 1421 1826 ad

80 1861 165 1901 me3
195 1847 361 1887 nullum
388 1846 501 1887 enim
525 1846 650 1887 nobis
677 1849 892 1887 certamen
921 1860 1017 1887 cum
1042 1845 1138 1885 istis
1165 1858 1256 1885 esse
1283 1844 1420 1885 debet.

31 1920 65 1946 30
83 1904 269 1946 Tantum
301 1904 407 1945 satis
441 1907 506 1945 est
536 1904 742 1960 intellegi,
772 1918 825 1944 ne
856 1904 938 1945 hoc
971 1903 1141 1957 quidem
1173 1917 1244 1943 eos
1278 1917 1422 1943 conse-

81 1966 216 2017 cutos,
249 1963 362 2017 quod
386 1963 432 2003 in
458 1966 580 2004 tanto
608 1963 696 2004 otio
725 1963 854 2003 etiam
881 1962 971 2002 sine
1002 1961 1082 2002 hac
1114 1960 1275 2002 forensi
1307 1975 1421 2001 exer—

82 2021 284 2062 citatione
318 2020 485 2062 efficere
516 2024 761 2075 potuerunt,
791 2024 839 2062 ut
866 2034 1021 2075 genera
1046 2034 1189 2060 rerum
1214 2019 1421 2060 discerne-

80 2083 175 2120 rent
202 2094 334 2133 eaque
360 2079 488 2133 paulo
520 2080 719 2134 suptilius
747 2079 1018 2133 explicarent.
1067 2077 1228 2119 Verum
1254 2077 1348 2132 hoc,
1372 2080 1490 2119 ut140

25 2143 28 2144 ’
83 2137 181 2192 dixi,
211 2137 320 2178 nihil
353 2138 405 2179 ad
436 2152 513 2178 me.
574 2137 687 2179 Illud
713 2138 765 2178 ad
790 2152 856 2178 me
883 2152 931 2179 ac
963 2137 1099 2178 multo
1126 2136 1256 2177 etiam
1282 2135 1420 2190 magis

28 2211 63 2237 35
83 2197 135 2237 ad
165 2210 260 2250 vos,
300 2194 429 2237 Cotta
458 2199 605 2237 noster
636 2199 679 2237 et
712 2195 884 2250 Sulpici.
948 2195 1041 2243 Quo
1074 2195 1200 2235 modo
1232 2208 1344 2235 nunc
1377 2208 1421 2234 se

81 2254 263 2295 istorum
296 2257 409 2295 artes
441 2253 618 2308 habent,
654 2253 1035 2309 pertimescendast
1066 2252 1295 2294 multitudo
1328 2266 1423 2292 cau-

83 2326 245 2368 sarum,
277 2315 342 2354 est
368 2312 482 2354 enim
511 2312 693 2367 infinita,
725 2312 761 2354 si
791 2312 837 2353 in
867 2311 1061 2367 personis
1093 2311 1284 2365 ponitur,
1317 2312 1423 2363 quot

1431 711 1487 752 32

1421 779 1486 810 137
