1643 2526
162 121 248 163 160
670 120 734 155 DE
762 120 988 156 ORATORE

162 232 229 258 me
265 216 348 258 hoc
385 218 428 257 et
463 231 542 271 pro
580 230 675 258 meo
713 216 845 257 fratre
882 215 1119 270 respondeo
1161 239 1211 244 —
1250 229 1339 257 non
1374 217 1501 257 modo

162 275 244 316 tibi
287 274 571 330 ignoscimus,
614 275 688 316 sed
729 277 772 316 te
817 274 1035 329 diligimus
1084 287 1370 329 magnamque
1420 274 1502 315 tibi

161 334 368 375 habemus
402 333 605 388 gratiam3
637 335 679 374 et
705 347 807 387 qum
837 332 1151 373 humanitatem
1182 335 1225 373 et
1248 332 1502 374 facilitatem

163 391 464 447 adgnoscimus
495 395 616 433 tuam
646 394 740 433 tum
766 391 1025 432 admiramur
1054 390 1184 431 istam
1210 390 1434 432 scientiam
1460 394 1503 432 et

165 450 342 505 copiam.
383 450 595 504 Equidem
621 450 752 491 etiam
776 449 857 491 hoc
883 463 951 490 me
972 449 1220 490 adsecutum
1243 452 1362 503 puto,
1388 449 1502 503 quod
1520 464 1536 490 5

164 523 321 564 magno
348 524 443 550 sum
466 508 632 550 levatus
653 522 794 549 errore
816 511 858 549 et
882 507 958 549 illa
983 507 1264 548 admiratione
1283 507 1503 563 liberatus,

165 568 278 621 quod
309 567 456 608 multis
491 582 587 608 cum
614 567 709 608 aliis
737 581 903 621 semper
929 566 1130 607 admirari
1163 566 1366 621 solebam,
1391 566 1501 607 unde

165 628 277 667 esset
308 625 383 666 illa
414 628 536 666 tanta
567 629 643 666 tua
673 625 719 666 111
751 625 890 666 causis
923 624 1136 665 divinitas.
1198 623 1289 666 Nec
1321 624 1434 665 enim
1458 627 1501 666 te

163 684 247 725 ista
279 683 475 738 attigisse
508 684 761 737 arbitrabar,
793 698 899 737 quae
932 682 1259 738 diligentissime
1292 696 1501 737 cognosse

165 746 207 783 et
226 742 411 796 undique
439 742 662 797 collegisse
689 756 852 795 usuque
879 742 1051 783 doctum
1076 740 1234 795 partim
1260 741 1501 782 conrexisse
1522 757 1556 782 10

95 801 286 843 363video
317 800 476 854 partim
509 800 821 854 comprobasse.
870 799 1020 853 Neque
1053 813 1101 840 eo
1133 799 1274 840 minus
1307 799 1503 853 eloquen—

164 859 270 900 tiam
312 863 432 899 tuam
469 861 511 899 et
554 858 691 899 multo
729 857 867 913 magis
903 858 1108 898 virtutem
1152 860 1194 898 et
1237 858 1503 912 diligentiam

166 917 352 958 admiror
393 920 435 958 et
477 916 603 957 simul
645 917 809 971 gaudeo
849 916 1055 957 iudicium
1097 915 1228 956 animi
1267 916 1351 959 mei
1392 930 1503 957 com-

164 975 350 1030 probari,
371 975 483 1029 quod
504 989 670 1029 semper
696 974 828 1015 statui
848 974 1060 1015 neminem
1081 974 1314 1028 sapientiae
1333 974 1503 1015 laudem

166 1037 209 1075 et
229 1033 495 1087 eloquentiae
523 1033 612 1074 sine
633 1047 799 1074 summo
826 1033 969 1073 studio
996 1036 1039 1074 et
1064 1033 1210 1074 labore
1238 1035 1280 1073 et
1307 1032 1502 1074 doctrina
1522 1048 1555 1073 15

166 1092 369 1146 consequi
409 1106 545 1146 posse.
610 1091 693 1133 Sed
731 1094 876 1132 tamen
918 1091 1120 1144 quidnam
1161 1094 1225 1132 est
1268 1091 1345 1143 [id]
1390 1091 1503 1144 quod

166 1150 312 1191 dixisti
342 1150 434 1191 fore
459 1153 507 1190 ut
532 1150 613 1190 tibi
637 1150 970 1204 ignosceremus,
1002 1149 1037 1190 si
1064 1163 1368 1204 cognossemus
1395 1163 1502 1203 quae

165 1212 208 1249 te
235 1223 362 1250 causa
393 1208 439 1248 in
465 1222 703 1249 sermonem
727 1207 998 1261 impulisset?
1047 1206 1163 1255 Quae
1189 1210 1253 1248 est
1280 1207 1393 1248 enim
1419 1207 1503 1248 alia

167 1281 306 1321 causa,
335 1266 416 1307 nisi
453 1267 566 1320 quod
589 1266 714 1307 nobis
742 1269 784 1307 et
809 1266 963 1307 horum
989 1265 1323 1307 adulescentium
1349 1265 1504 1319 studio,

168 1325 240 1378 qui
271 1328 314 1366 te
347 1324 633 1366 attentissime
665 1324 901 1379 audierunt,
932 1338 1095 1365 morem
1127 1338 1272 1379 gerere
1297 1324 1502 1365 voluisti?
1522 1340 1556 1365 20

97 1383 276 1425 364Tum
295 1383 384 1424 ille:
411 1383 623 1437 Adimere,
646 1383 800 1437 inquit,
826 1396 995 1423 omnem
1014 1382 1326 1424 recusationem
1347 1380 1502 1423 Crasso

97 2287 154 2327 90

165 1441 300 1495 volui,
338 1456 464 1495 quem
496 1455 575 1496 ego
607 1441 735 1494 paulo
769 1441 954 1482 sciebam
985 1441 1052 1482 vel
1087 1440 1315 1495 pudentius
1346 1440 1413 1481 vel
1442 1440 1504 1481 in-

166 1499 296 1540 vitius
332 1524 381 1529 —
415 1499 516 1540 nolo
550 1499 663 1540 enim
689 1499 826 1540 dicere
853 1500 902 1540 de
928 1502 1018 1540 tam
1044 1498 1164 1540 suavi
1188 1499 1359 1540 homine
1385 1498 1504 1540 fasti-

166 1558 327 1599 diosius
358 1582 407 1587 ——
437 1558 489 1598 ad
513 1557 595 1599 hoc
622 1572 754 1612 genus
775 1557 982 1598 sermonis
1009 1557 1216 1598 accedere.
1260 1556 1370 1605 Quid
1389 1556 1503 1598 enim

165 1616 326 1670 poterit
375 1615 542 1657 dicere?
598 1613 876 1656 Consularem
926 1629 970 1656 se
1023 1617 1149 1667 [esse]
1199 1615 1417 1656 hominem
1461 1618 1503 1655 et
1522 1630 1555 1656 25

168 1674 437 1715 censorium?
491 1673 655 1714 Eadem
700 1676 849 1714 nostra
896 1687 1023 1714 causa
1066 1676 1142 1714 est.
1209 1672 1279 1713 An
1319 1676 1502 1714 aetatem

170 1732 361 1773 adferet?
406 1730 692 1779 Quadriennio
719 1731 858 1772 minor
884 1734 960 1772 est.
1003 1731 1073 1771 An
1106 1745 1148 1772 se
1180 1731 1285 1772 haec
1310 1731 1502 1772 nescire?

168 1789 283 1838 Quae
316 1803 395 1844 ego
429 1803 542 1843 sero,
580 1804 686 1843 quae
720 1789 878 1830 cursim
916 1788 1094 1843 arripui,
1132 1804 1238 1842 quae
1278 1789 1502 1831 subsicivis

169 1848 327 1902 operis,
363 1850 413 1888 ut
445 1847 582 1900 aiunt,
618 1847 699 1888 iste
732 1862 756 1887 a
785 1861 918 1901 puero
951 1861 1117 1888 summo
1150 1847 1291 1888 studio
1325 1847 1502 1888 summis

168 1906 426 1947 doctoribus.
470 1904 592 1946 Nihil
618 1905 755 1946 dicam
781 1906 830 1946 de
855 1905 1041 1959 ingenio,
1062 1905 1129 1946 cui
1154 1920 1232 1959 par
1256 1920 1380 1947 nemo
1406 1906 1500 1946 fuit.
1521 1922 1555 1948 30

167 1964 226 2005 Et
257 1964 369 2005 enim
402 1978 468 2005 me
501 1964 712 2005 dicentem
744 1963 815 2017 qui
841 1963 1018 2017 audiret,
1047 1978 1172 2004 nemo
1199 1978 1388 2017 unqua-m
1413 1967 1502 2005 tam

168 2022 234 2063 sui
260 2022 495 2076 despiciens
521 2022 603 2062 fuit
629 2022 732 2075 quin
757 2024 947 2076 speraret
973 2024 1047 2062 aut
1077 2021 1228 2063 melius
1255 2026 1330 2063 aut
1355 2022 1503 2063 eodem

166 2081 292 2121 modo
327 2094 369 2120 se
401 2094 527 2134 posse
559 2080 715 2135 dicere·
747 2078 900 2121 Crasso
928 2079 1092 2121 dicente
1117 2094 1242 2122 nemo
1268 2083 1359 2121 tam
1384 2080 1503 2121 adro-

168 2153 274 2193 gans
296 2138 368 2192 qui
395 2138 591 2179 similiter
617 2153 660 2179 se
686 2152 875 2191 unquam
901 2137 1115 2179 dicturum
1141 2153 1232 2180 esse
1259 2138 1501 2179 confideret.

168 2196 304 2245 Quam
346 2197 400 2237 ob
440 2211 531 2237 rem
570 2211 622 2237 ne
662 2196 823 2237 frustra-
862 2196 907 2236 hi
944 2196 1051 2254 tales
1090 2196 1171 2238 viri
1207 2196 1420 2251 venerint,
1457 2199 1500 2237 te
1521 2213 1554 2239 35

169 2254 409 2310 aliquando,
441 2252 604 2308 Crasse,
635 2254 867 2295 audiamus.

97 2337 164 2369 365
284 2312 393 2354 Tum
418 2312 509 2353 ille:
541 2311 601 2353 Ut
632 2312 694 2353 ita
725 2312 810 2354 ista
842 2327 932 2354 esse
965 2313 1206 2368 concedam,
1234 2312 1387 2368 inquit,
1416 2312 1502 2354 An-
