1643 2526
194 121 215 160 1
223 119 277 161 76
702 120 765 154 DE
793 119 1016 155 ORATORE

122 226 166 257 54
194 214 275 264 Qui
301 215 364 256 ita
383 215 583 269 dicerent,
609 229 681 256 eos
706 215 881 270 negavit
907 215 1043 256 adhuc
1071 230 1114 256 se
1140 214 1296 256 vidisse
1317 214 1531 255 Antonius

192 276 233 314 et
264 273 317 314 iis
350 273 431 314 hoc
461 287 618 314 nomen
650 273 757 314 dixit
789 273 1055 326 eloquentiae
1089 273 1190 314 solis
1223 288 1314 314 esse
1345 272 1533 313 tribuen-

192 333 302 372 dum.
366 330 504 379 Quare
544 345 689 372 omnes
727 332 834 372 istos
873 346 939 372 me
979 334 1152 373 auctore
1187 331 1373 372 deridete
1405 334 1532 384 atque

192 390 471 444 contemnite,
512 390 584 443 qui
618 405 661 430 se
693 390 865 444 horum,
905 390 977 443 qui
1014 405 1127 431 nunc
1158 390 1221 431 ita
1252 389 1533 444 appellantur,

192 448 412 489 rhetorum
443 448 681 502 praeceptis
715 463 883 489 omnem
920 451 1137 489 oratorum
1169 448 1256 489 vim
1288 447 1531 502 complexos

193 521 284 547 esse
317 507 581 547 arbitrantur
611 521 747 560 neque
781 507 916 547 adhuc
942 521 1069 560 quam
1096 511 1327 560 personam
1358 507 1532 546 teneant

193 568 267 605 aut
293 564 395 618 quid
418 565 701 619 profiteantur
726 565 965 619 intelligere
991 568 1235 619 potuerunt.
1278 564 1392 605 Vero
1420 564 1532 605 enim

193 623 372 676 oratori,
410 638 516 676 quae
555 626 654 663 sunt
684 623 729 663 in
759 623 982 664 hominum
1013 623 1120 677 vita,
1161 623 1329 676 quando
1362 622 1532 676 quidem

191 681 236 722 in
261 696 311 722 ea
329 684 523 722 versatur
550 684 694 722 orator
721 684 846 734 atque
873 696 922 722 ea
948 684 1012 722 est
1039 682 1076 722 ei
1104 681 1295 722 subiecta
1320 680 1532 734 materies,

193 739 336 780 omnia
368 739 561 792 quaesita
593 739 739 780 audita
770 740 881 780 lecta
906 739 1124 793 disputata
1151 742 1336 780 tractata
1369 738 1533 793 agitata

122 809 165 839 55
193 813 283 839 esse
322 798 487 838 debent.
549 798 630 838 Est
674 798 786 838 enim
826 797 1070 852 eloquentia
1109 812 1194 838 una
1235 797 1441 850 quaedam
1481 797 1531 837 de

194 856 370 897 summis
414 856 664 911 virtutibus3
716 870 973 909 quamquam
1016 859 1116 896 sunt
1162 870 1307 896 omnes
1350 855 1531 896 virtutes

194 914 391 967 aequales
424 917 465 954 et
496 929 639 968 pares,
679 915 751 954 sed
788 918 933 955 tamen
970 917 1035 955 est
1073 914 1234 968 species
1273 913 1356 954 alia
1392 913 1530 968 magis

193 972 277 1013 alia
302 972 492 1013 formosa
518 976 560 1013 et
585 973 784 1026 illustris3
817 973 927 1013 sicut
952 972 1056 1013 haec
1077 973 1153 1020 vis,
1181 986 1287 1025 quae
1308 971 1531 1012 scientiam

193 1031 415 1084 complexa
439 1045 581 1071 rerum
608 1045 731 1071 sensa
757 1031 911 1071 mentis
939 1033 981 1071 et
1009 1030 1186 1072 consilia
1213 1030 1273 1071 sic
1298 1029 1439 1071 verbis
1465 1044 1531 1070 ex-

191 1089 336 1143 plicat,
361 1092 409 1129 ut
429 1103 513 1143 eos,
540 1089 612 1142 qui
634 1089 820 1143 audiant,
846 1103 1112 1143 quocumque
1133 1088 1375 1130 incubuerit
1394 1088 1532 1141 possit

191 1147 427 1201 impellere,
460 1161 567 1200 quae
595 1161 677 1199 quo
710 1147 846 1187 maior
878 1150 943 1187 est
968 1147 1046 1199 vis,
1075 1147 1155 1188 hoc
1184 1150 1248 1187 est
1275 1146 1411 1201 magis
1437 1160 1533 1200 pro-

192 1206 328 1246 bitate
347 1205 561 1270 iungenda
582 1219 830 1258 summaque
850 1205 1092 1259 prudentia,
1124 1219 1304 1258 quarum
1322 1204 1531 1245 virtutum

193 1263 438 1317 expertibus
466 1263 501 1304 si
523 1263 687 1304 dicendi
714 1263 880 1317 copiam
906 1263 1218 1316 tiadideiimus,
1242 1276 1329 1303 non
1351 1277 1423 1303 eos
1444 1262 1532 1316 qui-

126 1358 178 1398 15

123 1426 166 1456 5ss
194 1380 442 1421 dederimus.
473 1380 639 1434 DHanc,
670 1380 857 1434 inquam,
895 1379 1111 1435 cogitandi
1142 1379 1530 1433 pronuntiandique

193 1438 404 1479 rationem
450 1438 620 1491 vimque
665 1438 829 1478 dicendi
872 1441 1036 1479 veteres
1082 1437 1233 1478 Graeci
1277 1437 1531 1491 sapientiam

191 1497 482 1537 nominabant
504 1496 656 1555 JHinc
688 1496 751 1536 illi
776 1496 976 1551 Lycurgi,
1005 1496 1104 1537 hinc
1130 1495 1301 1549 Pittaci,
1331 1495 1431 1536 hinc
1459 1494 1532 1536 So-

191 1555 310 1595 lones
355 1558 482 1608 atque
504 1542 585 1595 ab
635 1554 715 1596 hac
765 1530 1043 1595 similitudine
1088 1553 1344 1595 Coruncanii
1392 1553 1530 1593 nostri

192 1613 380 1654 Fabricii
413 1612 597 1654 Catones
632 1611 850 1666 Scipiones
882 1612 1072 1666 fuerunt,
1109 1626 1196 1652 non
1227 1615 1315 1652 tam
1346 1611 1530 1652 fortasse

193 1671 307 1712 docti
340 1671 412 1711 sed
450 1671 614 1724 impetu
652 1671 806 1711 mentis
840 1670 969 1710 simili
1002 1673 1043 1710 et
1074 1670 1306 1710 voluntate.
1367 1669 1530 1710 Eadem

193 1733 336 1770 autem
370 1729 442 1769 alii
473 1728 701 1783 prudentia
732 1729 804 1769 sed
837 1728 1014 1769 consilio
1048 1728 1099 1768 ad
1131 1728 1243 1768 vitae
1277 1728 1418 1768 studia
1450 1727 1531 1768 dis-

191 1787 284 1842 pari
311 1787 497 1841 quietem
524 1790 651 1840 atque
679 1787 814 1827 otium
841 1787 988 1840 secuti,
1012 1789 1060 1826 ut
1086 1785 1356 1840 Pythagoras
1376 1786 1529 1827 Demo-

192 1846 324 1887 critus
359 1845 650 1900 Anaxagoras,
689 1859 714 1885 a
744 1845 940 1899 regendis
973 1844 1219 1885 civitatibus
1252 1847 1368 1884 totos
1401 1859 1444 1885 se
1477 1844 1530 1885 ad

1553 755 1585 780 10

1552 1046 1584 1072 15

193 1322 288 1363 dem
316 1324 505 1362 oiatores
532 1321 806 1374 effecerimus,
833 1322 904 1362 sed
923 1322 1164 1362 furentibus
1186 1297 1392 1374 quaedam
1413 1335 1531 1361 arma
1550 1338 1584 1364 20

1550 1628 1583 1654 25

192 1904 481 1959 cognitionem
522 1918 663 1944 rerum
703 1903 1032 1955 transtu1e1·unt3
1077 1917 1183 1955 quae
1222 1902 1311 1943 vita
1353 1904 1581 1956 proptera)

191 1962 549 2016 tranquillitatem
581 1964 623 2002 et
654 1964 830 2015 propter
860 1960 995 2015 ipsius
1028 1960 1228 2001 scientiae
1261 1961 1530 2015 suavitatem,

193 2035 276 2073 qua
305 2020 414 2060 nihil
447 2023 512 2060 est
541 2019 787 2060 hominibus
819 2019 1056 2073 iucundius,
1086 2019 1234 2073 pluris,
1266 2033 1393 2072 quam
1423 2019 1529 2059 utile

122 2088 165 2119 57
192 2078 275 2119 fuit
306 2078 432 2119 rebus
463 2078 661 2132 publicis,
692 2077 927 2118 delectavit.
983 2077 1147 2130 Itaque,
1178 2080 1227 2118 ut
1253 2077 1291 2117 ei
1317 2077 1458 2118 studio
1485 2091 1529 2118 se

193 2136 560 2177 excellentissimis
604 2136 788 2191 ingeniis
833 2135 1026 2176 homines
1070 2135 1337 2189 dediderunt,
1386 2150 1436 2175 ex
1479 2149 1529 2175 ea

192 2209 358 2235 summa
388 2194 591 2235 facultate
617 2194 740 2236 vacui
767 2208 814 2234 ac
839 2193 963 2234 liberi
995 2194 1200 2247 temporis
1233 2194 1368 2234 multo
1393 2192 1528 2246 plura,
1547 2208 1581 2234 35

192 2267 319 2307 quam
351 2255 442 2293 erat
472 2267 662 2307 necesse,
699 2251 935 2293 doctissimi
972 2252 1166 2292 homines
1200 2251 1289 2292 otio
1319 2250 1452 2291 nimio
1485 2253 1528 2291 et

189 2311 373 2366 ingeniis
400 2310 626 2351 uberrimis
649 2310 871 2352 affluentes
893 2310 1077 2351 curanda
1104 2310 1186 2351 sibi
1213 2323 1303 2350 esse
1329 2323 1377 2350 ac
1404 2323 1526 2362 quae-
