1643 2526
363 81 505 115 LIBER
529 81 573 116 II.
624 80 725 116 CAP.
755 83 901 115 12—13.
942 83 960 122 ξ
987 83 1137 115 46-54.
1367 78 1420 120 79

83 177 248 232 agenda
280 178 380 217 sunt
412 178 454 218 et
486 190 594 229 quae
632 189 711 230 ego
743 174 871 229 paulo
905 177 1022 229 ante,
1060 188 1189 228 quom
1226 174 1423 227 eloquen-

83 235 190 276 tiam
220 235 453 289 laudarem,
484 234 571 275 dixi
597 233 779 275 oratoris
806 247 910 287 esse,
941 247 1077 286 neque
1102 233 1264 273 habent
1296 247 1421 273 suum

82 294 225 335 locum
255 293 391 334 ullum
420 293 467 333 in
498 292 705 333 divisione
736 291 925 346 partium
952 305 1089 345 neque
1117 294 1280 332 certum
1304 305 1423 345 prae-

85 355 306 406 ceptorum
347 365 480 406 genus
522 354 564 392 et
604 350 769 405 agenda
809 353 909 390 sunt
951 363 1040 390 non
1082 349 1222 390 minus
1264 349 1421 390 diserte

49 427 65 453 5
86 425 213 464 quam
239 424 346 463 quae
371 410 418 450 in
441 409 517 450 lite
544 409 755 463 dicuntur,
787 408 1030 463 obiurgatio
1057 407 1299 449 cohortatio
1326 421 1422 449 con-

85 468 258 522 solatio,
299 482 482 521 quorum
520 467 629 508 nihil
670 470 735 508 est
776 467 889 521 quod
927 481 1015 507 non
1052 480 1218 507 summa
1256 465 1422 507 dicendi

84 529 334 568 ornamenta
371 526 597 580 desideret,
642 526 715 566 sed
752 539 802 566 ex
841 524 1021 565 artificio
1060 539 1127 565 res
1165 524 1273 565 istae
1304 538 1423 578 prae-

84 588 208 640 cepta
237 599 324 626 non
356 588 575 638 quaerunt.
624 583 768 637 Plane,
797 583 939 637 inquit
971 581 1162 637 Catulus,
1194 582 1422 623 adsentior.

200 643 295 698 Age
337 657 457 698 vero,
499 642 640 696 inquit
684 642 920 696 Antonius,
964 641 1101 695 qualis
1153 641 1335 682 oratoris
1380 644 1423 682 et

32 719 65 744 10
85 702 235 755 quanti
265 701 452 742 hominis
490 701 537 742 in
574 701 750 742 dicendo
781 703 908 754 putas
941 714 1032 740 esse
1063 699 1291 740 historiam
1323 699 1422 740 scri-

82 760 213 802 bere‘?
246 758 304 814 Si,
329 763 378 801 ut
399 759 550 800 Graeci
571 759 845 813 scripserunt,
871 758 1038 812 summi,
1063 758 1204 811 inquit
1225 756 1421 812 Catulus3

84 818 133 873 si,
163 821 212 859 ut
236 818 388 872 nostri,
417 818 527 858 nihil
553 832 658 872 opus
686 820 751 858 est
777 819 965 871 oratore,
997 816 1101 857 satis
1129 819 1194 857 est
1217 830 1305 856 non
1330 830 1422 857 esse

83 876 340 918 mendacem.
401 875 549 930 Atqui,
579 890 631 916 ne
662 878 834 916 nostros
867 878 1128 929 contemnas,
1164 874 1305 928 inquit
1338 873 1423 915 An-

85 935 248 989 tonius,
290 934 441 976 Graeci
479 948 647 987 quoque
687 931 803 989 [ipsi]
843 933 903 974 sic
943 933 1069 974 initio
1111 932 1423 986 scriptitarunt,

32 1009 65 1035 15
85 996 134 1034 ut
164 996 312 1034 noster
338 991 458 1047 Cato,
489 995 537 1033 ut
562 992 721 1046 Pictor,
752 995 801 1033 ut
831 991 944 1032 Piso.
1006 991 1114 1032 Erat
1146 991 1260 1032 enim
1290 990 1423 1031 histo-

83 1052 148 1092 ria
177 1051 286 1092 nihil
318 1051 433 1092 aliud
463 1050 547 1091 nisi
579 1050 796 1091 annalium
828 1049 1053 1104 confectio,
1094 1049 1213 1091 cuius
1246 1049 1308 1090 rei
1339 1063 1423 1089 me-

1448 650 1491 682 51

1449 1000 1492 1032 52

84 1109 329 1163 moriaeque
366 1109 561 1163 publicae
600 1108 845 1149 retinendae
878 1122 1007 1149 causa
1038 1108 1090 1148 ab
1121 1107 1248 1148 initio
1280 1121 1422 1148 rerum
1488 1158 1494 1161 ,

83 1167 376 1209 Romanarum
399 1181 533 1221 usque
560 1168 615 1208 ad
637 1166 682 1208 P.
702 1166 892 1208 Mucium
916 1166 1164 1221 pontificem
1190 1165 1424 1206 maximum

83 1241 152 1268 res
179 1240 324 1267 omnes
353 1225 622 1280 singulorum
647 1239 857 1266 annorum
881 1225 1114 1266 mandabat
1138 1224 1296 1265 litteris
1321 1237 1424 1278 pon-

32 1301 67 1326 20
85 1284 192 1326 tifex
231 1284 442 1325 maximus
483 1284 768 1337 efferebatque
808 1283 854 1323 in
894 1283 1039 1324 album
1076 1285 1119 1323 et
1154 1282 1424 1336 proponebat

85 1342 279 1384 tabulam
311 1342 444 1396 domi,
482 1344 675 1396 potestas
707 1345 755 1382 ut
786 1344 899 1382 esset
929 1341 1088 1395 populo
1121 1340 1423 1395 cognoscendi:

84 1401 116 1441 ii
143 1401 216 1454 qui
248 1400 379 1441 etiam
409 1414 521 1441 nunc
554 1400 725 1441 amiales
758 1399 932 1440 maximi
963 1398 1251 1440 nominantur.
1300 1398 1423 1439 Hanc

87 1458 412 1500 similitudinem
453 1458 665 1500 scribendi
706 1457 832 1498 multi
877 1457 1012 1498 secuti
1054 1459 1173 1510 sunt,
1216 1456 1289 1511 qui
1334 1456 1423 1497 sine

86 1517 185 1558 ullis
224 1516 485 1558 ornamentis
526 1518 804 1557 monumenta
841 1515 980 1556 solum
1017 1517 1260 1568 temporum
1290 1514 1425 1555 homi-

34 1590 68 1616 25
86 1590 190 1616 num
226 1575 419 1616 locorum
458 1576 797 1629 gestarum[que]
831 1588 974 1614 rerum
1010 1573 1285 1626 reliquerunt.
1341 1572 1426 1613 Ita-

88 1648 168 1687 que
201 1633 337 1687 qualis
377 1633 488 1687 apud
521 1631 705 1673 Graecos
737 1632 1002 1686 Pherecydes
1034 1631 1283 1672 Hellanicus
1315 1630 1425 1671 Acu-

88 1692 189 1732 silas
220 1691 304 1732 fuit
336 1691 491 1744 aliique
521 1690 737 1745 permulti,
767 1690 866 1731 talis
898 1693 1045 1731 noster
1072 1687 1179 1730 Cato
1212 1691 1254 1730 et
1278 1688 1425 1730 Pictor

88 1753 130 1791 et
155 1749 269 1804 Piso,
302 1749 374 1804 qui
403 1763 540 1803 neque
572 1752 719 1790 tenent
751 1748 905 1802 quibus
931 1748 1057 1788 rebus
1086 1750 1260 1788 ornetur
1286 1747 1425 1788 oratio

90 1832 143 1837 —-
175 1808 302 1848 modo
341 1807 454 1848 enim
489 1807 588 1848 huic
626 1807 712 1848 ista
743 1810 842 1847 sunt
873 1806 1108 1860 importata
1143 1830 1191 1834 —
1228 1808 1288 1859 et,
1326 1805 1426 1845 dum

35 1882 70 1907 30
88 1866 365 1920 intellegatur
397 1865 498 1918 quid
529 1865 685 1920 dicant,
714 1879 845 1906 unam
876 1864 1041 1905 dicendi
1072 1864 1242 1905 laudem
1271 1866 1427 1917 putant

89 1939 180 1966 esse
211 1923 479 1965 brevitatem.
527 1923 709 1964 Paulum
735 1938 779 1964 se
805 1923 939 1966 erexit
964 1925 1007 1963 et
1033 1922 1194 1962 addidit
1221 1921 1426 1962 maiorem

87 1982 294 2023 historiae
333 1995 486 2023 sonum
520 1982 637 2023 vocis
674 1981 740 2023 vir
778 1984 978 2035 optumus
1017 1979 1161 2022 Crassi
1201 1979 1425 2020 familiaris

89 2040 329 2094 Antipater.
378 2038 518 2080 Ceteri
548 2054 636 2080 non
666 2042 941 2081 exornatores
972 2053 1115 2079 rerum
1142 2039 1215 2079 sed
1240 2041 1427 2078 tantum-

1450 1409 1493 1439 53

1452 1931 1496 1962 54

90 2099 216 2139 modo
241 2100 484 2139 narratores
509 2097 693 2139 fuerunt.
741 2098 835 2151 Est,
858 2096 1000 2150 inquit
1020 2095 1211 2150 Catulus,
1234 2099 1283 2136 ut
1309 2096 1426 2137 dicis.
1445 2095 1496 2136 13

36 2171 71 2199 35
93 2155 175 2198 Sed
204 2156 287 2197 iste
318 2156 409 2210 ipse
442 2154 612 2197 Coelius
642 2170 778 2209 neque
811 2154 1008 2196 distinxit
1037 2154 1264 2195 historiam
1295 2154 1426 2194 varie-

91 2217 181 2255 tate
217 2214 411 2256 locorum
447 2227 582 2268 neque
622 2214 850 2255 verborum
887 2213 1168 2254 collocatione
1205 2215 1248 2253 et
1285 2214 1426 2252 tractu

93 2272 300 2314 orationis
337 2272 424 2313 leni
461 2274 504 2313 et
540 2272 754 2326 aequabili
790 2271 1021 2326 perpolivit
1050 2271 1156 2312 illud
1189 2284 1314 2324 opus,
1354 2268 1428 2310 sed
