1643 2526
381 69 525 104 LIBER
550 69 577 104 I.
629 68 730 103 CAP.
758 71 906 103 10—11.
947 72 966 111 ἓ
992 71 1142 104 38-45.
1381 69 1433 109 11

92 164 355 220 Pythagorei
393 178 539 205 omnes
577 166 704 218 atque
736 163 991 205 Democritii
1024 163 1237 217 ceterique
1269 163 1315 204 in
1345 162 1437 204 iure

94 238 172 265 sua
201 222 369 278 physici
400 222 677 276 vindicarent,
709 222 850 263 ornati
881 222 1076 263 homines
1108 222 1154 263 in
1185 221 1362 263 dicendo
1395 224 1437 263 et

95 296 263 337 graves,
303 281 591 335 quibusquom
622 280 703 321 tibi
733 280 849 321 iusto
882 284 1149 322 sacramento
1183 280 1437 322 contendere

93 354 181 381 non
208 340 367 381 liceret.
419 340 632 394 Urgerent
657 342 878 394 praeterea
902 339 1259 393 philosophorum
1286 353 1436 394 greges

57 398 179 442 5iam
211 399 263 439 ab
296 398 371 439 illo
403 398 522 439 fonte
555 400 598 439 et
631 397 769 452 capite
797 396 984 451 Socrate,
1015 398 1124 438 nihil
1155 401 1197 438 te
1230 398 1279 438 de
1311 397 1436 438 bonis

92 457 219 498 rebus
251 457 297 497 in
327 456 435 509 vita,
469 456 579 497 nihil
616 456 664 497 de
702 455 845 510 malis,
881 456 990 497 nihil
1028 457 1077 497 de
1110 456 1242 497 animi
1273 470 1438 510 permo-

92 515 298 569 tionibus,
333 514 442 555 niln'l
474 515 522 555 de
555 514 779 555 hominum
810 514 1016 569 moribus,
1049 514 1158 555 nihil
1190 515 1239 555 de
1270 514 1436 555 ratione

92 574 207 615 vitae
232 573 444 628 didicisse,
471 573 581 613 nihil
614 572 786 614 omnino
815 573 1044 627 quaesisse,
1073 572 1182 613 nihil
1209 572 1315 614 scire
1342 587 1438 614 con-

91 632 327 686 vincerent3
371 634 413 672 et
451 646 548 672 cum
585 631 773 672 universi
810 631 856 671 in
893 634 934 672 te
972 631 1183 685 impetum
1222 631 1437 685 fecissent,

40 709 73 733 10
92 693 185 731 tum
217 690 409 745 singulae
440 689 628 730 familiae
660 689 781 731 litem
812 689 894 730 tibi
918 690 1199 730 intenderent.
1248 689 1437 731 Instaret

91 749 335 803 Academia,
368 763 488 802 quae,
519 748 720 802 quicquid
747 748 939 803 dixisses,
969 748 1013 789 id
1038 751 1080 789 te
1106 748 1249 802 ipsum
1279 762 1436 802 negare

93 811 276 862 cogeret.
354 805 488 848 Stoici
535 821 634 848 vero
684 806 822 847 nostri
872 806 1213 860 disputationum
1263 821 1436 847 suarum

93 868 221 920 atque
258 864 650 920 interrogationum
686 865 850 919 laqueis
889 868 931 906 te
968 865 1192 905 inretitum
1229 867 1435 905 tenerent.

94 923 371 978 Peripatetici
398 926 541 965 autem
568 923 698 964 etiam
728 923 833 964 haec
863 923 970 978 ipsa,
1003 937 1109 977 quae
1141 923 1315 977 propria
1348 937 1438 964 ora-

40 999 73 1025 15
93 985 237 1023 torum
268 985 394 1036 putas
427 996 518 1023 esse
552 981 797 1022 adiumenta
829 985 955 1035 atque
983 984 1234 1022 ornamenta
1260 981 1437 1036 dicendi,

92 1055 117 1082 a
148 1055 191 1081 se
230 1040 319 1094 peti
356 1041 575 1081 vincerent
614 1043 828 1095 opor--teie
870 1055 917 1081 ac
956 1054 1045 1080 non
1083 1040 1222 1080 solum
1259 1040 1437 1080 meliora

93 1099 166 1140 sed
198 1099 328 1139 etiam
367 1099 503 1139 multo
540 1098 665 1152 plura
696 1098 977 1139 Aristotelem
1008 1098 1436 1152 Theophrastumque

1462 699 1505 732 43

92 1158 142 1198 de
167 1157 264 1198 istis
291 1157 418 1198 rebus
445 1171 572 1210 quam
600 1156 738 1198 omnis
765 1156 931 1198 dicendi
957 1156 1187 1211 magistros
1215 1156 1436 1211 scripsisse
1485 1161 1493 1165 ”

93 1216 376 1257 ostenderent.
450 1215 605 1256 Missos
649 1215 761 1256 facio
811 1215 1140 1256 mathematicos
1191 1215 1435 1270 grammati-

39 1292 74 1318 20
94 1288 166 1315 cos
198 1273 405 1328 musicos,
446 1288 627 1327 quorum
665 1273 830 1314 artibus
861 1276 1003 1314 vestra
1041 1273 1127 1314 ista
1166 1273 1331 1314 dicendi
1371 1273 1435 1314 vis

92 1346 144 1373 ne
186 1332 363 1372 minima
406 1332 576 1385 quidem
614 1332 819 1373 societate
857 1331 1142 1386 coniungitur.
1205 1331 1342 1380 Quam
1381 1332 1434 1372 ob

93 1405 183 1431 rem
220 1390 307 1431 ista
343 1392 465 1430 tanta
499 1393 673 1443 tamque
704 1390 840 1430 multa
870 1390 1122 1444 profitenda,
1154 1388 1317 1442 Crasse,
1348 1404 1437 1430 non

94 1462 256 1489 censeo.
320 1446 434 1489 Satis
465 1448 510 1488 id
541 1450 605 1489 est
636 1462 858 1503 magnum,
897 1448 1010 1501 quod
1045 1451 1168 1502 potes
1206 1451 1437 1502 praestare,

93 1509 142 1547 ut
171 1506 217 1547 in
246 1506 415 1547 iudiciis
448 1521 497 1547 ea
529 1521 674 1560 causa,
710 1521 1019 1560 quamcumque
1052 1509 1099 1546 tu
1131 1506 1254 1560 dicis,
1285 1506 1436 1547 melior

39 1582 73 1608 25
94 1568 136 1606 et
166 1564 432 1619 probabilior
470 1579 561 1606 8338
599 1564 811 1620 videatur3
854 1567 903 1606 ut
935 1564 979 1604 in
1012 1564 1283 1606 contionibus
1317 1567 1360 1605 et
1390 1564 1436 1605 in

93 1623 317 1664 sententiis
344 1623 531 1664 dicendis
560 1623 612 1664 ad
642 1623 983 1677 persuadendum
1008 1625 1084 1664 tua
1108 1623 1341 1677 plurimum
1367 1638 1436 1664 va-

91 1681 178 1722 leat
222 1681 378 1737 oratio3
428 1681 607 1735 denique
651 1684 701 1722 ut
741 1681 1024 1736 prudentibus
1070 1682 1245 1736 diserte,
1289 1681 1434 1722 stultis

92 1740 222 1781 etiam
253 1754 350 1781 vere
383 1739 548 1781 videare
587 1740 735 1781 dicere.
796 1739 892 1781 Hoc
931 1740 1112 1794 amplius
1153 1740 1189 1780 si
1231 1739 1332 1794 quid
1362 1754 1435 1794 po-

91 1798 214 1852 teris,
249 1812 337 1838 non
372 1798 416 1838 id
454 1798 560 1838 mihi
590 1798 806 1839 videbitur
839 1801 1003 1852 orator,
1038 1799 1111 1839 sed
1143 1797 1324 1839 Crassus
1358 1813 1434 1839 sua

39 1873 74 1899 30
94 1856 276 1910 quadam
294 1856 479 1910 propria,
498 1871 585 1897 non
605 1857 819 1898 communi
841 1860 1062 1898 oratorum
1075 1856 1281 1897 facultate
1295 1871 1433 1911 posse.

212 1914 322 1955 Tum
346 1914 432 1968 ille,
462 1913 563 1956 Non
589 1929 696 1969 sum,
724 1915 879 1969 inquit,
902 1915 1085 1970 nescius,
1111 1913 1327 1969 Scaevola,
1351 1915 1435 1956 ista

91 1972 204 2014 inter
237 1971 421 2013 Graecos
460 1973 543 2014 dici
575 1976 617 2014 et
649 1973 878 2027 disceptari
916 1973 1064 2014 solere.
1126 1973 1284 2014 Audivi
1321 1973 1434 2014 enim

95 2044 284 2072 summos
310 2031 517 2085 homines,
543 2046 639 2072 cum
661 2034 862 2084 quaestor
882 2045 932 2072 ex
951 2030 1203 2072 Macedonia
1222 2031 1435 2072 venissem

93 2088 285 2130 Athenas
323 2089 500 2130 florente
532 2089 781 2144 Academia,
821 2092 866 2130 ut
902 2089 1167 2144 temporibus
1205 2089 1292 2130 illis
1330 2089 1435 2130 fere-

39 2162 74 2188 35
93 2147 232 2201 batur,
259 2161 387 2201 quom
413 2161 506 2188 eam
527 2145 787 2188 Charmadas
814 2150 857 2188 et
877 2145 1170 2189 Clitomachus
1197 2150 1240 2188 et
1259 2147 1435 2188 Aeschi-

93 2219 168 2246 nes
202 2205 466 2259 optinebant.
515 2205 622 2246 Erat
654 2206 784 2246 etiam
809 2205 1093 2261 Metrodorus,
1125 2206 1198 2260 qui
1225 2205 1433 2247 cumillis

93 2277 178 2304 una
208 2263 351 2318 ipsum
387 2263 509 2305 illum
541 2262 802 2305 Carneadem
833 2264 1081 2320 diligentius
1115 2264 1325 2318 audierat,
1361 2263 1435 2304 ho-

1461 1225 1506 1257 44

1450 1894 1502 1934 11

1459 1961 1504 1992 45
