1643 2526
532 91 630 126 CAP.
659 94 809 126 12-13.
860 94 878 133 g
905 93 1053 126 38—45.
1377 90 1465 131 399

125 188 256 230 etiam
295 203 345 229 ex
383 187 682 241 dissimilibus,
725 200 850 240 saepe
889 200 940 226 ex
980 185 1167 239 paribus.
1237 184 1374 233 Quam
1412 185 1466 226 ob

124 261 214 288 rem
253 246 560 300 descriptiones
602 259 770 299 quoque
809 247 909 285 sunt
947 245 991 284 in
1028 243 1109 285 hoc
1149 257 1302 299 genere
1341 258 1466 297 saepe

124 309 249 360 aptae
276 308 318 346 et
344 304 608 346 enumeratio
636 302 1000 356 consequentium,
1025 302 1070 342 in
1095 302 1329 356 primisque
1356 316 1468 343 com-

124 366 268 405 movet
299 363 527 417 explicatio
558 361 757 403 vocabuli
788 376 836 402 ac
866 361 1065 401 nominis.

66 439 104 464 ·5
243 420 287 463 C.
322 421 430 463 Sunt
456 421 649 475 exposita
673 421 759 461 iam
784 420 871 460 fere
899 434 960 473 ea,
992 434 1099 473 quae
1126 419 1175 460 de
1201 419 1316 461 facto
1344 434 1468 474 quae·
1492 428 1536 457 4⁶3

125 495 205 534 que
244 481 293 521 de
331 480 435 521 facti
473 479 758 534 appellatione
796 481 1069 532 quaeruntur.
1131 477 1297 532 Nempe
1331 477 1467 533 igitur

125 554 174 580 ea
211 542 393 592 restant,
431 552 556 592 quae,
593 553 689 579 cum
726 540 769 578 et
805 537 968 578 factum
1010 539 1181 577 constat
1219 540 1261 577 et
1298 551 1468 590 nomen,

127 598 270 651 qualia
301 597 387 638 sint
418 600 594 638 vocatur
624 596 671 637 in
701 595 907 636 dubium?
957 594 1002 635 P.
1041 595 1123 635 Est
1153 595 1233 649 ita,
1270 598 1318 635 ut
1350 595 1465 636 dicis.

125 654 169 697 C.
203 655 318 704 Quae
352 658 451 696 sunt
481 655 615 709 igitur
639 654 684 695 in
710 669 759 695 eo
787 668 940 709 genere
972 653 1145 708 partes?
1182 652 1228 694 P.
1260 653 1350 694 Aut
1374 653 1466 694 iure

73 731 106 755 ιο
125 714 288 755 factum
332 714 567 768 depellendi
612 716 685 753 aut
727 712 958 753 ulciscendi
1003 711 1162 752 doloris
1209 712 1348 767 gratia
1393 715 1466 752 aut

123 772 298 826 pietatis
338 776 412 813 aut
448 771 678 826 pudicitiae
717 774 791 811 aut
828 771 1048 825 religionis
1088 773 1162 811 aut
1197 770 1362 824 patriae
1393 784 1467 811 no-

125 831 237 872 mine
265 834 338 871 aut
365 831 543 884 denique
569 830 824 871 necessitate
857 829 1028 870 inscitia
1061 843 1172 870 casu.
1219 828 1331 869 Nam
1358 844 1465 882 quae
1492 838 1537 868 43

124 893 245 930 motu
278 889 409 930 animi
441 892 483 930 et
516 888 838 953 perturbatione
875 888 990 928 facta
1028 887 1117 928 sine
1156 887 1321 928 ratione
1355 890 1468 942 sunt,

125 962 175 989 ea
200 947 466 988 defensiones
499 950 646 988 contla
679 946 838 988 crimen
868 946 913 986 in
943 946 1148 1000 legitimis
1180 945 1348 986 iudiciis
1380 960 1467 986 non

73 1022 105 1047 15
124 1006 296 1060 habent,
321 1006 366 1046 in
390 1006 537 1046 liberis
558 1005 940 1059 disceptationibus
960 1004 1116 1044 habere
1136 1007 1328 1058 possunt.
1372 1004 1466 1045 Hoc

123 1064 169 1105 in
196 1079 360 1119 genere
389 1064 436 1104 in
462 1078 544 1117 quo
573 1063 696 1117 quale
730 1063 786 1104 sit
818 1063 1048 1117 quaeritur,
1080 1077 1130 1103 ex
1163 1063 1468 1116 contiwoveisia,

122 1122 214 1163 iure
246 1137 377 1164 necne
411 1125 553 1163 actum
586 1121 642 1162 sit
675 1121 820 1175 quaeri
853 1121 980 1175 solet3
1016 1135 1197 1175 quorum
1231 1121 1465 1174 disputatio

124 1196 175 1222 ex
193 1181 386 1222 locorum
407 1180 690 1234 descriptione
711 1180 914 1221 sumenda
935 1182 1011 1220 est.
1059 1178 1102 1220 O.
1130 1179 1285 1234 Agesis
1314 1182 1468 1234 [ergo],
1492 1188 1536 1219 44

125 1239 327 1292 quoniam
345 1239 390 1279 in
411 1239 779 1279 confirmationem
806 1241 848 1279 et
868 1237 1242 1292 reprehensionem
1263 1237 1466 1278 diviseras

72 1315 105 1339 ρο
127 1297 334 1338 orationis
365 1297 493 1338 fidem
525 1300 567 1338 et
600 1297 759 1338 dictum
793 1297 842 1337 de
875 1297 1009 1337 altero
1043 1299 1120 1349 est,
1161 1310 1323 1350 expone
1354 1311 1468 1337 nunc

126 1356 175 1396 de
207 1355 562 1410 reprehendendo.
618 1355 663 1395 P.
697 1357 785 1395 Aut
810 1358 951 1395 totum
977 1358 1042 1395 est
1067 1355 1322 1409 negandum,
1355 1355 1469 1408 quod

124 1414 170 1454 in
197 1415 566 1468 argumentatione
594 1413 859 1454 adversarius
888 1413 1129 1466 sumpserit,
1158 1413 1194 1453 si
1219 1413 1368 1454 fictum
1395 1416 1468 1453 aut

124 1472 282 1513 falsum
309 1487 399 1513 esse
425 1472 564 1525 possis
598 1472 760 1526 docere,
791 1474 864 1512 aut
895 1471 1235 1525 redarguendum
1267 1486 1328 1523 ea,
1360 1485 1468 1524 quae

125 1545 202 1584 pro
223 1531 312 1571 veri
339 1530 550 1571 similibus
578 1534 749 1584 sumpta
775 1533 890 1571 sunt:
923 1530 1109 1584 primum
1141 1529 1270 1570 dubia
1296 1532 1469 1583 sumpta

73 1606 107 1631 25
127 1603 218 1630 esse
244 1603 322 1643 pro
349 1588 495 1643 certis3
527 1589 675 1629 deinde
701 1588 831 1629 etiam
855 1588 901 1628 in
926 1588 1148 1642 perspicue
1174 1587 1294 1628 falsis
1322 1588 1469 1628 eadem

124 1661 251 1701 posse
283 1647 383 1701 dici3
415 1650 507 1687 tum
528 1662 578 1687 ex
597 1647 663 1701 iis,
695 1661 801 1701 quae
834 1647 1075 1701 sumpserit,
1106 1661 1194 1686 non
1219 1646 1331 1687 effici
1356 1647 1469 1699 quod

125 1706 239 1746 velit.
299 1705 503 1747 Accidere
544 1708 686 1746 autem
729 1708 915 1759 oportet:
959 1708 1007 1745 ut
1049 1705 1237 1759 singula,
1280 1704 1340 1746 sic
1378 1704 1469 1744 uni-

125 1778 248 1804 versa
278 1763 540 1818 frangentur.
604 1762 986 1805 Commemoranda
1025 1766 1124 1804 sunt
1162 1763 1294 1803 etiam
1333 1777 1469 1803 exem-

126 1821 215 1876 pla,
258 1822 412 1875 quibus
448 1821 495 1862 in
532 1822 661 1863 simili
699 1822 989 1876 disputatione
1028 1821 1235 1862 creditum
1267 1835 1353 1861 non
1386 1824 1467 1874 est,

74 1897 107 1921 30
128 1880 423 1933 conquerenda
460 1880 652 1921 condicio
691 1880 927 1921 communis
969 1879 1167 1933 periculi,
1208 1879 1243 1920 si
1284 1879 1467 1934 ingeniis

126 1937 349 1978 hominum
382 1937 708 1979 criminosorum
736 1939 792 1979 sit
819 1938 1012 1992 exposita
1043 1938 1133 1978 vita
1163 1937 1467 1978 innocentium.

246 1994 291 2036 C.
323 1995 533 2044 Quoniam
559 1997 668 2037 unde
694 1997 981 2050 inveniuntur,
1014 2010 1120 2049 quae
1149 1996 1200 2036 ad
1225 1996 1352 2036 fidem
1378 2011 1468 2050 per-

127 2053 285 2107 tinent,
328 2054 482 2108 habeo,
525 2069 651 2108 quem
689 2055 741 2096 ad
781 2055 955 2095 modum
994 2054 1038 2094 in
1080 2054 1256 2095 dicendo
1299 2040 1513 2108 singula4

128 2115 367 2153 tractentur
422 2116 610 2166 expecto.
688 2112 733 2154 P.
785 2112 1216 2168 Argumentationem
1267 2127 1467 2166 quaerere

75 2188 108 2212 35
127 2170 302 2223 videris,
339 2185 446 2224 quae
485 2174 549 2211 est
581 2171 822 2226 argumenti
855 2171 1119 2225 explicatio[3
1158 2185 1265 2224 quae
1299 2173 1469 2223 sumpta

128 2243 179 2269 ex
215 2228 322 2269 locis
358 2228 430 2282 iis,
468 2228 540 2282 qui
579 2232 678 2270 sunt
716 2229 917 2283 expositi,
955 2229 1216 2270 conficienda
1248 2231 1290 2269 et
1322 2227 1469 2267 distin-

128 2287 295 2342 guenda
333 2286 514 2327 dilucide
553 2289 650 2339 est].
712 2286 756 2328 C.
788 2287 919 2328 Plane
957 2287 1098 2341 ipsum
1136 2287 1247 2327 istuc
1285 2285 1468 2338 requiro.

1487 1973 1538 2012 13
