1643 2526
416 109 559 144 LIBER
584 109 626 144 ΙΙ.
679 109 778 147 CAP.
809 114 864 145 16.
903 113 921 153 ἓ
948 115 1097 146 63—69.
1372 113 1428 154 83

87 205 137 246 de
175 204 348 246 musicis
387 205 515 246 rebus
555 219 643 246 non
682 205 842 260 poterit
883 206 986 260 quin
1023 207 1137 249 dicat
1177 208 1258 250 hoc
1298 222 1425 250 onere

87 266 285 317 suscepto
328 277 534 305 recusare.
608 264 802 318 Denique
847 264 904 319 ei,
936 265 1018 319 ‚qui
1061 266 1288 320 profitetur
1331 281 1424 309 esse

87 337 211 363 suum
236 336 323 362 non
349 322 488 363 solum
514 322 563 363 de
589 322 650 363 eis
677 323 992 377 controversiis,
1025 338 1131 378 quae
1158 325 1424 380 temporibus

87 384 129 421 et
159 380 353 434 personis
390 384 564 422 notatae
604 384 721 436 sunt,
757 381 838 423 hoc
876 385 941 423 est
974 383 1023 423 de
1057 383 1254 425 omnibus
1287 384 1426 425 foren-

51 456 67 481 5
87 439 224 493 sibus,
268 439 340 479 sed
378 439 508 480 etiam
546 439 595 480 de
637 453 839 495 generum
878 440 1059 482 infinitis
1101 442 1423 495 quaestionibus

86 497 241 551 dicere,
279 497 446 538 nullum
482 500 626 552 potest
664 512 755 539 esse
794 512 927 553 genus
967 499 1174 541 orationis
1213 501 1326 555 quod
1367 501 1425 542 sit

86 559 321 610 exceptum.
384 554 465 597 Sed
498 556 533 597 si
564 556 683 597 illam
716 571 882 610 quoque
919 561 1087 612 partem
1122 559 1423 612 quaestionum

86 614 246 655 oratori
289 614 485 655 volumus
530 615 705 670 adiungi
747 629 903 670 vagam
946 619 988 656 et
1031 616 1211 657 liberam
1255 620 1297 658 et
1337 618 1422 659 late

84 675 315 727 patentem,
345 675 393 713 ut
419 673 468 713 de
494 673 620 714 rebus
647 673 771 715 bonis
800 677 874 714 aut
904 674 1041 729 malis,
1072 676 1317 729 expetendis
1350 679 1425 717 aut

34 749 67 773 10
85 730 312 786 fugiendis,
337 730 529 772 honestis
556 734 630 772 aut
654 732 865 786 turpibus,
883 733 1062 774 utilibus
1087 737 1160 774 aut
1184 734 1424 789 inutilibus,

86 789 135 830 de
161 789 331 843 virtute,
362 789 411 830 de
436 789 616 843 iustitia,
647 790 697 830 de
723 790 998 845 continentia,
1029 792 1079 832 de
1103 792 1341 847 prudentia,
1373 793 1423 834 de

85 847 378 902 magnitudine
412 848 555 902 animi,
587 849 637 888 de
662 848 934 903 liberalitate,
966 850 1015 890 de
1041 850 1212 905 pietate,
1245 851 1294 891 de
1321 850 1423 892 ami-

86 906 205 960 citia,
237 906 286 946 de
319 905 480 960 officio,
512 906 561 947 de
593 906 693 961 fide,
725 907 774 947 de
807 907 958 948 ceteris
991 908 1223 949 virtutibus
1256 912 1423 950 contra-

84 964 242 1017 riisque
279 964 395 1005 vitiis
434 964 657 1005 dicendum
696 966 857 1006 oratori
893 969 1110 1022 putemus,
1152 967 1339 1021 itemque
1372 968 1421 1008 de

34 1040 66 1066 15
86 1037 130 1063 re
162 1022 350 1076 publica,
388 1023 438 1063 de
474 1023 672 1077 imperio,
709 1023 758 1064 de
795 1038 840 1064 re
878 1024 1071 1079 militari,
1110 1025 1159 1066 de
1198 1026 1423 1080 disciplina

86 1080 286 1135 civitatis,
317 1081 366 1121 de
398 1081 620 1122 hominum
652 1082 856 1136 moribus,
888 1083 1161 1124 adsumamus
1195 1098 1288 1125 eam
1321 1098 1422 1138 quo-

86 1154 165 1193 que
197 1142 381 1193 partem,
413 1139 485 1180 sed
515 1139 594 1194 ita,
631 1142 679 1180 ut
711 1140 768 1181 sit
799 1140 1121 1195 circumscripta
1151 1142 1329 1183 modicis
1361 1157 1422 1184 re-

85 1197 295 1252 gionibus.
356 1197 567 1251 Equidem
605 1198 765 1253 omnia,
809 1213 915 1252 quae
952 1200 1170 1254 pertinent
1207 1201 1259 1241 ad
1296 1215 1420 1241 usum

86 1256 259 1310 civium,
300 1269 462 1296 morem
499 1256 738 1311 hominum,
778 1271 884 1310 quae
916 1262 1140 1299 versantur
1170 1258 1216 1299 in
1248 1273 1422 1300 consue-

33 1333 66 1357 20
86 1315 232 1355 tudine
264 1314 389 1366 vitae,
424 1314 469 1354 in
499 1314 665 1355 ratione
697 1315 758 1355 rei
789 1315 998 1370 publicae,
1027 1317 1073 1356 in
1104 1317 1184 1358 hac
1216 1317 1421 1359 societate

87 1372 212 1426 civili,
252 1372 298 1413 in
335 1386 461 1413 sensu
498 1372 684 1413 hominis
717 1374 944 1427 communi,
980 1374 1026 1414 in
1055 1378 1222 1429 natura,
1257 1375 1304 1416 in
1335 1390 1423 1417 mo-

85 1431 203 1471 ribus
236 1430 629 1484 comprehendenda
657 1445 747 1472 esse
775 1432 935 1472 oratori
966 1435 1090 1487 put03
1122 1433 1158 1474 si
1190 1433 1343 1487 minus,
1374 1437 1423 1475 ut

86 1488 317 1544 separatim
338 1489 387 1530 de
406 1489 459 1529 iis
480 1489 606 1530 rebus
632 1489 987 1544 philosophorum
1012 1505 1128 1531 more
1154 1492 1423 1546 respondeat,

86 1550 130 1589 at
162 1550 288 1601 certe,
317 1550 366 1588 ut
397 1547 442 1587 in
474 1562 602 1588 causa
631 1548 862 1601 prudenter
892 1548 1031 1602 possit
1060 1549 1267 1604 intexere3
1304 1550 1422 1591 hisce

33 1623 66 1649 25
86 1609 230 1647 autem
259 1605 365 1659 ipsis
398 1606 447 1646 (16
479 1606 605 1646 rebus
637 1609 686 1647 ut
716 1606 779 1646 ita
809 1607 1023 1660 loquatur,
1054 1607 1118 1648 uti
1144 1608 1182 1648 ei
1214 1607 1285 1662 qui
1316 1608 1423 1663 iura,

87 1664 159 1719 qui
183 1664 313 1719 leges,
344 1663 417 1717 qui
443 1663 637 1704 civitates
671 1664 986 1706 constituerimt
1016 1665 1150 1707 locuti
1183 1669 1293 1720 sunt,
1326 1666 1423 1707 sim-

85 1722 254 1777 pliciter
285 1724 327 1762 et
359 1722 588 1776 splendide,
627 1722 715 1763 sine
746 1723 835 1764 ulla
867 1723 973 1764 serie
1006 1723 1348 1778 disputationum
1379 1727 1422 1765 et

88 1781 176 1821 sine
208 1779 350 1820 ieiuna
382 1780 698 1821 concertatione
724 1782 963 1822 verborum.
1018 1781 1113 1823 Hoc
1138 1782 1233 1823 loco
1258 1797 1311 1824 ne
1339 1797 1423 1837 qua

87 1838 144 1880 sit
177 1838 420 1892 admiratio,
460 1838 496 1879 si
533 1841 599 1880 tot
636 1842 937 1893 tantarumque
975 1854 1117 1881 rerum
1148 1840 1267 1882 nulla
1299 1855 1324 1881 a
1354 1855 1422 1882 me

34 1913 68 1939 30
86 1899 313 1951 praecepta
343 1899 573 1951 ponentur,
608 1897 669 1938 sic
701 1900 862 1938 statuo:
906 1901 954 1939 ut
984 1898 1029 1938 in
1062 1898 1213 1939 ceteris
1246 1898 1424 1954 artibus,

87 1969 217 2008 quom
247 1954 407 1995 tradita
444 1954 530 1995 sint
567 1955 770 2010 cuiusque
802 1956 906 1997 artis
939 1956 1210 2011 difficillima,
1247 1957 1423 2012 reliqua,

88 2013 188 2067 quia
219 2015 293 2053 aut
323 2012 516 2054 faciliora
547 2016 621 2054 aut
655 2013 811 2055 similia
843 2017 954 2068 sunt,
991 2015 1102 2055 tradi
1133 2029 1221 2056 non
1250 2029 1422 2056 necesse

88 2085 196 2121 esse3
238 2073 288 2111 ut
326 2070 371 2111 ‘m
412 2070 596 2126 pictura,
640 2072 713 2125 qui
755 2072 978 2113 hominum
1021 2072 1205 2126 speciem
1247 2073 1422 2128 pingere

87 2129 371 2183 perdidicerit,
400 2143 525 2183 posse
551 2144 647 2171 eum
673 2130 858 2171 cuiusvis
885 2130 950 2171 vel
976 2130 1138 2172 formae
1164 2131 1231 2172 vel
1257 2131 1424 2184 aetatis,

35 2202 69 2228 35
89 2187 218 2228 etiam
250 2187 286 2228 si
316 2201 404 2228 non
435 2187 641 2242 didicerit,
677 2189 852 2243 pingere
883 2203 1020 2242 neque
1053 2203 1144 2230 esse
1175 2189 1424 2244 periculum,

90 2245 162 2299 qui
198 2245 365 2286 leonem
404 2248 478 2286 aut
514 2248 684 2287 taurum
721 2247 873 2301 pingat
911 2247 1100 2302 egregie,
1140 2262 1193 2288 ne
1230 2248 1342 2288 idem
1378 2246 1425 2286 in

88 2303 235 2344 multis
262 2303 356 2345 aliis
384 2303 727 2358 quadrupedibus
754 2304 893 2346 facere
925 2319 1011 2346 non
1042 2306 1180 2359 possit
1207 2329 1260 2334 —
1286 2318 1424 2358 neque

1096 2375 1142 2407 6*

1441 537 1494 578 16

1449 607 1493 638 67

1448 1211 1491 1243 68

1448 1794 1492 1824 69
