1643 2526
127 618 182 659 43

197 113 281 154 352
769 113 966 149 ORATOR

197 209 338 250 enim‘?
364 224 547 264 possem,
567 224 665 251 cum
685 209 886 251 afuissem
907 210 1032 250 domo
1054 208 1301 250 adulescens
1321 212 1363 251 et
1381 209 1535 251 horum

198 268 437 309 studiorum
475 282 603 309 causa
640 267 776 309 maria
812 268 1062 309 transissem
1097 270 1139 308 et
1171 267 1430 309 doctissimis
1461 268 1535 309 ho-

197 326 383 367 minibus
410 326 568 367 referta
587 326 737 367 domus
758 329 870 367 esset
891 329 933 367 et
953 326 1118 381 aliquae
1138 325 1321 367 fortasse
1345 326 1534 368 inessent

196 385 241 425 111
277 399 470 425 sermone
506 387 656 425 nostro
695 385 985 426 doctrinarum
1021 387 1149 425 notae
1188 399 1366 438 cumque
1405 385 1533 440 vulgo

198 443 357 497 scripta
395 445 544 484 nostra
586 443 847 498 legerentur,
890 443 1157 484 dissimulare
1198 457 1265 483 me
1307 443 1533 484 didicisse?
1571 458 1586 484 5
1629 455 1633 461 ¹

197 501 307 549 Quid
347 503 456 553 [erat
492 503 583 554 cur]
622 502 849 556 probarem
885 501 969 542 nisi
1007 501 1121 555 quod
1160 516 1312 555 parum
1351 501 1534 543 fortasse

196 559 492 614 profeceram?

316 618 437 667 Quod
464 633 560 659 cum
583 618 646 659 ita
672 618 740 673 sit,
765 621 909 659 tamen
935 633 983 659 ea
1010 633 1116 672 quae
1143 632 1271 672 supra
1296 618 1410 659 dicta
1435 621 1534 659 sunt

197 677 293 731 plus
324 677 369 717 in
401 677 656 731 disputando
689 691 816 730 quam
848 692 897 718 ea
928 678 977 718 de
1017 677 1171 731 quibus
1210 676 1432 718 dicendum
1471 680 1536 717 est

130 735 422 790 147dignitatis
453 735 706 775 habuerunt.
762 735 825 776 De
852 735 992 776 verbis
1019 735 1131 776 enim
1163 734 1466 789 componendis
1494 738 1535 776 et
1556 752 1588 777 10

199 794 248 834 de
282 793 457 848 syllabis
489 793 797 847 propemodum
834 793 1150 835 dinumerandis
1189 796 1231 834 et
1266 793 1534 834 dimetiendis

198 852 439 906 loquemur3
483 866 590 905 quae
629 851 760 892 etiam
792 851 828 892 si
861 855 979 906 sunt,
1020 851 1147 893 sicuti
1184 851 1290 892 mihi
1327 851 1536 906 videntur,

197 910 448 964 necessaria,
479 912 623 950 tamen
653 910 762 951 fiunt
793 910 1136 965 magnificentius
1163 924 1292 964 quam
1320 910 1535 951 docentur.

198 969 279 1010 Est
303 969 347 1009 id
374 968 546 1009 omnino
577 983 736 1022 verum,
768 972 812 1009 at
836 969 1007 1023 proprie
1032 968 1077 1009 in
1102 968 1183 1009 1109
1209 968 1374 1009 dicitur.
1422 967 1536 1009 Nam

200 1027 390 1068 omnium
421 1041 673 1082 magnarum
703 1027 859 1068 artium
887 1027 998 1068 sicut
1022 1028 1224 1068 arborum
1250 1026 1431 1068 altitudo
1457 1040 1535 1068 nos
1558 1042 1589 1068 15

200 1086 394 1140 delectat,
418 1085 580 1126 radices
608 1085 846 1139 stirpesque
871 1100 957 1126 non
981 1085 1104 1140 item,
1136 1085 1208 1126 sed
1231 1099 1321 1125 esse
1346 1085 1422 1126 illa
1447 1085 1538 1126 sine

198 1144 265 1184 his
297 1158 384 1185 non
413 1147 569 1198 potest.
630 1143 698 1184 Me
734 1147 878 1185 autem
915 1143 1002 1185 sive
1033 1142 1433 1198 pervolgatissimus
1465 1143 1536 1184 ille

198 1217 359 1257 versus,
391 1202 463 1256 qui
495 1205 612 1243 vetat

315 1283 489 1325 Artem
520 1284 705 1338 pudere
737 1283 977 1338 proloqui
1011 1297 1156 1336 quam
1187 1283 1419 1338 factites,

199 1377 466 1418 dissimulare
492 1391 580 1417 11011
611 1376 714 1417 sinit
740 1377 845 1430 quin
871 1376 1066 1431 delecter,
1092 1376 1179 1417 sive
1206 1379 1328 1417 tuum
1348 1376 1536 1417 studium
1556 1392 1590 1417 20

200 1451 224 1477 a
255 1451 320 1477 me
353 1436 434 1476 1109
467 1435 666 1476 volumen
699 1434 925 1489 expressit,
962 1438 1107 1476 tamen
1143 1434 1196 1475 iis
1236 1448 1342 1487 quos
1378 1434 1537 1488 aliquid

132 1494 530 1549 148reprehensuros
562 1493 810 1548 suspicabar
834 1493 1176 1548 respondendum
1201 1492 1294 1533 fuit.
1354 1492 1476 1541 Quod
1502 1493 1538 1534 si

130 2227 187 2269 44

134 2296 196 2328 149

200 1568 249 1594 ea
275 1567 381 1606 quae
408 1552 494 1593 dixi
519 1566 606 1592 non
630 1552 693 1592 ita
719 1554 872 1606 essent,
904 1551 998 1605 quis
1030 1554 1174 1593 tamen
1203 1566 1246 1592 se
1271 1554 1361 1592 tam
1387 1551 1538 1592 durum

200 1614 497 1666 agrestemque
533 1610 774 1664 praeberet,
812 1609 884 1663 qui
921 1610 1030 1651 hanc
1068 1609 1172 1650 mihi
1204 1623 1291 1650 non
1322 1610 1441 1650 daret
1472 1623 1539 1650 ve-

199 1669 328 1723 niam,
358 1671 406 1709 ut
432 1683 528 1709 cum
555 1683 671 1709 meae
698 1668 888 1708 forenses
915 1671 1027 1709 artes
1054 1670 1096 1708 et
1122 1667 1310 1708 actiones
1341 1667 1537 1721 publicae
1557 1682 1590 1708 25

200 1726 504 1781 concidissent,
543 1741 630 1767 non
666 1740 732 1767 me
771 1729 845 1766 aut
881 1726 1084 1780 desidiae,
1123 1725 1237 1779 quod
1274 1724 1412 1766 facere
1450 1740 1537 1766 non

200 1799 388 1839 possum,
414 1787 488 1825 aut
507 1784 760 1838 maestitiae,
785 1784 853 1825 cui
871 1784 1038 1837 resisto,
1062 1784 1206 1837 potius
1228 1797 1355 1837 quam
1379 1783 1536 1825 litteris

201 1843 425 1884 deflerem?
467 1842 581 1891 Quae
615 1842 784 1896 quidem
815 1856 882 1882 me
915 1843 1040 1882 antea
1070 1842 1115 1882 in
1144 1841 1304 1882 iudicia
1335 1844 1460 1896 atque
1492 1842 1538 1882 in

201 1901 363 1943 curiam
407 1901 689 1955 deducebant,
730 1915 842 1941 nunc
886 1900 1103 1941 oblectant
1147 1899 1280 1955 domi3
1322 1914 1400 1941 nec
1436 1914 1535 1941 vero

200 1960 359 2001 talibus
403 1960 530 2000 modo
573 1959 719 2013 rebus,
766 1959 903 2013 qualis
950 1958 1019 1999 1119
1062 1958 1170 1999 liber
1214 1958 1421 2013 continet,
1465 1958 1538 1999 sed
1556 1974 1590 2001 30

200 2018 336 2059 multo
370 2018 500 2058 etiam
538 2017 805 2072 gravioribus
838 2023 880 2058 et
911 2016 1163 2071 maioribus3
1208 2031 1314 2070 quae
1346 2016 1382 2057 si
1413 2019 1538 2057 erunt

199 2076 431 2130 perfectae,
473 2076 666 2129 profecto
704 2074 900 2116 maximis
938 2075 1065 2116 rebus
1106 2074 1346 2115 forensibus
1377 2074 1536 2115 nostris

203 2136 263 2186 [et
295 2134 496 2185 externis]
529 2134 718 2175 inclusae
750 2135 793 2174 et
825 2133 1081 2174 domesticae
1112 2133 1283 2174 litterae
1314 2132 1537 2187 responde-

199 2193 318 2234 bunt.
370 2191 451 2233 Sed
481 2192 533 2232 ad
562 2192 807 2233 institutam
839 2191 1174 2245 disputationem
1204 2193 1478 2232 revertamur.

319 2249 653 2291 Collocabuntur
681 2250 817 2305 igitur
846 2250 988 2304 verba,
1019 2252 1092 2291 aut
1122 2252 1172 2290 ut
1201 2249 1313 2290 inter
1339 2263 1382 2290 se
1409 2263 1537 2303 quam
1556 2263 1589 2290 35
1615 2246 1618 2250 ⁴

200 2309 419 2363 aptissime
452 2308 707 2350 cohaereant
738 2311 927 2349 extrema
963 2322 1060 2367 cum
1095 2307 1244 2362 primis
1283 2321 1415 2361 eaque
1447 2307 1534 2348 sint
