1643 2526
430 89 574 124 LIBER
598 90 659 126 ΠΙ.
711 90 809 126 ΟΑΡ.
836 93 892 125 34.
932 94 951 131 ξ
980 94 1174 126 133—139.
1394 91 1474 132 197

135 185 314 228 scientia
357 185 508 227 ornati.
577 184 653 226 Sin
695 185 849 239 aliquis
894 185 1063 227 excellit
1107 200 1217 227 unus
1257 200 1278 227 e
1316 186 1478 241 multis,

134 243 264 285 ecfert
298 258 361 298 se,
392 243 427 284 si
458 258 592 285 unum
625 244 784 298 aliquid
817 243 972 298 adfert,
1010 247 1085 285 aut
1116 244 1314 285 bellicam
1347 245 1478 286 virtu-

133 305 220 343 tem
252 305 325 343 aut
356 317 483 343 usum
521 302 705 357 aliquem
739 302 971 343 militarem
1006 328 1054 332 —
1092 317 1199 356 quae
1232 317 1332 344 sane
1363 318 1476 345 nunc

134 361 304 414 quidem
331 361 633 402 obsoleverunt
662 385 711 390 -
741 364 814 402 aut
839 361 944 402 iuris
972 361 1196 402 scientiam
1226 386 1275 391 —
1303 376 1356 403 ne
1384 362 1474 403 eius

97 435 113 460 5
134 419 304 473 quidem
323 419 530 474 universi,
547 434 648 460 nam
666 419 947 474 pontificium,
967 420 1080 473 quod
1100 422 1165 461 est
1186 420 1475 474 coniunctum,

130 492 256 519 nemo
289 478 415 519 discit
452 502 498 507 -—
536 481 610 519 aut
641 478 941 533 eloquentiam,
979 493 1107 532 quam
1138 478 1183 519 in
1215 479 1400 520 clamore
1432 482 1475 520 et

133 537 178 577 in
209 536 437 578 verborum
470 551 597 578 cursu
627 537 816 591 positam
847 540 1019 591 putant3
1052 537 1243 578 omnium
1269 552 1370 578 vero
1402 538 1475 578 bo-

130 609 283 636 narum
317 595 492 649 artium,
529 595 709 649 denique
747 595 957 636 virtutum
993 595 1185 650 ipsarum
1224 596 1473 637 societatem

132 653 517 708 cognationemque
553 668 641 694 non
677 657 846 694 norunt.
910 653 992 695 Sed
1029 657 1077 695 ut
1110 655 1162 695 ad
1195 653 1381 695 Graecos
1413 669 1474 695 re-

79 728 110 753 10
130 711 265 753 feram
299 712 548 766 orationem,
585 712 739 766 quibus
772 726 913 753 carere
946 712 1027 753 hoc
1061 713 1231 766 quidem
1265 713 1473 754 sermonis

130 785 284 825 genere
321 785 408 811 non
443 784 673 824 possumus
715 794 762 800 -—
797 785 898 811 nam
934 774 984 812 ut
1020 771 1201 812 virtutes
1240 786 1265 812 a
1301 771 1475 826 nostris,

131 829 191 870 sic
224 829 442 870 doctrinae
475 831 574 870 sunt
607 829 659 869 ab
692 829 778 869 illis
810 830 993 884 petenda
1024 854 1099 883 —,
1137 832 1303 884 septem
1340 830 1473 871 fuisse

130 887 330 928 dicuntur
360 901 445 927 uno
479 890 684 941 tempore,
715 888 787 942 qui
820 888 1034 941 sapientes
1067 891 1110 929 et
1140 888 1401 929 haberentur
1433 891 1475 929 et

130 948 394 987 vocarentur.
456 945 514 985 Hi
547 960 693 986 omnes
725 949 895 999 praeter
925 946 1140 987 Milesium
1166 946 1344 987 Thalem
1376 946 1475 988 civi-

78 1019 110 1045 15
131 1004 293 1045 tatibus
333 1004 420 1044 suis
458 1003 746 1058 praefuerunt.
809 1004 913 1052 Quis
946 1005 1112 1045 doctior
1146 1005 1280 1045 isdem
1312 1008 1474 1059 tempo-

130 1063 249 1103 ribus
268 1062 354 1103 illis
375 1064 450 1102 aut
471 1062 589 1103 cuius
616 1062 862 1115 eloquentia
886 1062 1043 1103 litteris
1069 1062 1322 1104 instructior
1341 1063 1474 1104 fuisse

133 1121 351 1173 [traditur]
387 1135 515 1174 quam
545 1120 793 1161 Pisistrati?
830 1121 902 1175 qui
933 1121 1097 1175 primus
1129 1121 1308 1163 Homeri
1339 1121 1473 1163 libros

131 1179 330 1220 confusos
363 1181 489 1219 antea
521 1179 581 1220 sic
614 1179 875 1233 disposuisse
908 1179 1082 1234 dicitur,
1119 1182 1167 1220 ut
1203 1194 1316 1221 nunc
1347 1179 1475 1221 habe-
1498 1206 1506 1209 -

129 1252 235 1278 mus.
285 1236 385 1278 Non
415 1237 499 1277 fuit
530 1237 601 1278 ille
634 1237 805 1291 quidem
837 1237 1000 1279 civibus
1034 1238 1122 1279 suis
1148 1238 1282 1292 utilis,
1314 1239 1475 1280 sedita

77 1310 110 1336 20
131 1295 376 1349 eloquentia
412 1295 576 1349 floruit,
619 1298 667 1336 ut
711 1296 866 1337 litteris
908 1296 1185 1350 doctrinaque
1222 1300 1473 1351 praestaret.

130 1353 240 1402 Quid
270 1353 486 1394 Pericles?
531 1354 580 1394 de
613 1353 732 1394 cuius
764 1354 807 1395 vi
839 1354 1004 1395 dicendi
1037 1354 1097 1396 sic
1129 1355 1384 1410 accepimus,
1413 1358 1543 1410 ut,138

131 1426 227 1453 cum
266 1415 415 1453 contra
453 1412 720 1452 voluntatem
751 1412 1081 1453 Atheniensium
1118 1412 1364 1466 loqueretur
1394 1428 1472 1468 pro

131 1471 267 1512 salute
311 1470 476 1524 patriae
520 1470 726 1524 severius,
770 1474 914 1511 tamen
956 1471 1000 1511 id
1042 1471 1202 1525 ipsum,
1246 1472 1359 1525 quod
1400 1472 1473 1513 ille

131 1531 280 1570 contra
310 1528 538 1582 populares
575 1528 770 1569 homines
803 1529 990 1583 doceret,
1029 1529 1235 1583 populare
1275 1529 1474 1571 omnibus

77 1603 110 1628 25
131 1590 174 1628 et
197 1587 430 1628 iucundum
455 1586 687 1641 videretur3
720 1587 872 1641 quoius
897 1587 943 1627 in
967 1587 1100 1628 labris
1124 1591 1287 1629 veteres
1309 1588 1474 1642 comici,

130 1645 261 1687 etiam
292 1660 389 1686 cum
419 1645 483 1685 1111
514 1645 624 1686 male
658 1645 858 1699 dicerent,
896 1646 1010 1699 quod
1041 1649 1134 1687 tum
1165 1646 1349 1687 Athenis
1381 1647 1473 1687 fieri

129 1704 299 1757 licebat,
322 1703 512 1757 leporem
531 1703 749 1745 habitasse
770 1704 967 1745 dixerunt
987 1707 1237 1758 tantamque
1257 1704 1302 1745 in
1325 1705 1474 1746 eodem

130 1763 217 1804 vim
241 1761 386 1815 fuisse,
417 1764 465 1802 ut
489 1761 535 1802 in
561 1776 708 1803 eorum
733 1762 961 1816 mentibus,
993 1763 1066 1816 qui
1093 1763 1325 1817 audissent,
1351 1763 1473 1816 quasi

132 1821 300 1862 aculeos
328 1820 535 1873 quosdam
560 1819 828 1874 relinqueret.
879 1820 939 1861 At
964 1821 1077 1862 hunc
1102 1835 1190 1862 non
1213 1821 1475 1862 declamator

77 1895 111 1920 30
132 1878 285 1932 aliquis
312 1878 364 1918 ad
387 1877 651 1931 clepsydram
681 1879 839 1919 latrare
871 1879 1086 1933 docuerat,
1119 1879 1202 1932 sed,
1234 1882 1283 1920 ut
1315 1879 1474 1933 accepi-

130 1951 237 1991 mus,
269 1935 563 1977 Clazomenius
588 1937 660 1977 ille
687 1936 967 1992 Anaxagoras
999 1937 1065 1977 vir
1096 1952 1286 1978 summus
1316 1937 1362 1977 in
1387 1953 1473 1978 ma—

129 1995 341 2036 ximarum
371 2007 513 2034 rerum
546 1994 734 2035 scientia.
794 1995 945 2048 Itaque
977 1995 1046 2035 hic
1072 1995 1267 2036 doctrina
1292 1995 1471 2036 consilio

130 2051 374 2107 eloquentia
403 2052 611 2093 excellens
643 2052 718 2093 XL
752 2053 873 2094 annis
904 2052 1090 2107 praefuit
1115 2052 1299 2094 Athenis
1331 2056 1374 2094 et
1404 2068 1471 2094 ur-

130 2112 253 2153 banis
285 2110 432 2151 eodem
464 2112 654 2164 tempore
687 2114 729 2152 et
760 2111 924 2152 bellicis
956 2112 1094 2152 rebus.
1145 2110 1256 2159 Quid
1281 2109 1539 2152 Critias‘?139

77 2187 111 2212 35
132 2170 233 2224 quid
253 2167 525 2210 Alcibiades?
558 2168 804 2210 civitatibus
832 2169 1002 2222 quidem
1029 2168 1117 2210 suis
1143 2184 1230 2210 non
1255 2169 1372 2223 boni,
1398 2170 1470 2210 sed

131 2230 243 2269 certe
281 2226 396 2267 docti
435 2228 561 2280 atque
600 2227 867 2281 eloquentes,
906 2241 1046 2268 nonne
1080 2226 1310 2269 Socraticis
1350 2230 1470 2267 erant

131 2283 495 2340 disputationibus
527 2284 711 2326 eruditi?
743 2285 846 2333 Quis
869 2285 1053 2326 Dionem
1074 2284 1347 2340 Syracosium
1375 2284 1470 2324 doc-

1488 632 1545 673 34

1479 702 1543 732 137
