1643 2526
222 134 308 175 374
792 131 983 166 ORATOR

221 229 349 270 tietas
375 227 643 268 formidanda
670 229 734 268 est
761 226 911 281 magis.
961 225 1029 266 Me
1058 228 1197 266 stante
1219 224 1264 266 C.
1286 224 1424 267 Carbo
1452 224 1497 267 C.
1516 226 1563 267 F.
1611 278 1613 280 Ι

222 287 420 328 tribunus
452 285 588 340 plebis
620 285 666 325 in
698 285 896 326 contione
924 284 1031 324 dixit
1056 284 1123 324 his
1149 283 1307 325 verbis:
1340 283 1374 324 O
1398 283 1563 325 Marce

222 345 404 398 Druse,
440 346 636 398 patrem
676 343 877 397 appello
914 367 962 371 —
998 342 1102 383 haec
1136 342 1305 395 quidem
1337 342 1419 383 duo
1450 342 1564 383 binis

223 403 401 457 pedibus
434 402 621 456 incisim3
666 401 814 441 deinde
856 400 1143 441 membratim:
1189 400 1259 441 Tu
1291 400 1458 441 dicere
1489 415 1566 441 so-

223 461 364 501 lebas
407 475 602 501 sacram
639 474 748 500 esse
787 473 888 500 rem
925 458 1202 512 publicam3
1237 483 1285 487 —
1320 458 1424 500 haec
1460 459 1565 500 item
1602 476 1618 500 5

155 519 415 560 <214membm
442 518 592 572 ternis,
622 520 722 572 post
750 517 953 558 ambitus:
987 516 1298 570 Quicumque
1328 531 1432 557 eam
1463 517 1566 558 vio-

225 577 494 630 lavissent,
536 576 593 617 ab
634 575 866 616 omnibus
899 590 1007 615 esse
1041 575 1083 615 ei
1115 589 1306 629 poenas
1337 575 1565 629 persolu-

225 638 322 689 tas3
355 659 408 663 ——
442 634 684 689 dichoreus,
731 633 839 674 m'hil
877 633 989 673 enim
1028 633 1079 673 ad
1116 648 1225 687 rem,
1265 636 1454 675 extrema
1491 633 1566 674 illa

225 693 354 748 longa
381 692 436 733 sit
464 708 517 733 an
547 692 706 746 brevis3
738 692 902 732 deinde:
936 691 1106 732 Patris
1139 691 1329 732 dictum
1361 691 1564 745 sapiens

226 751 491 792 temeritas
518 750 622 790 filii
649 749 1001 803 comprobavit
1025 773 1074 778 —
1097 749 1177 790 hoc
1199 749 1398 790 dichoreo
1419 753 1565 791 tantus
1586 768 1618 792 10

226 809 387 850 clamor
431 808 644 849 contionis
689 808 897 848 excitatus
943 810 1026 861 est,
1068 810 1116 848 ut
1155 807 1404 849 admirabile
1442 811 1564 848 esset.

226 866 391 915 Quaero
418 881 557 907 nonne
576 866 620 906 id
638 880 840 906 numerus
860 865 1075 906 effecerit?
1107 865 1349 906 Verborum
1376 866 1565 907 ordinem

226 925 418 978 immuta,
438 925 504 966 fac
526 924 602 965 sic:
636 922 1003 978 Comprobavit
1034 923 1138 964 filii
1171 924 1455 978 temeritas,
1479 924 1565 965 iam

225 983 332 1024 nihil
364 983 456 1036 erit,
488 983 568 1023 etsi
601 982 863 1023 temeritas
897 997 948 1022 ex
973 982 1109 1022 tribus
1142 982 1342 1023 brevibus
1369 985 1411 1023 et
1436 983 1566 1037 longa

227 1045 304 1096 est,
336 1056 463 1094 quem
494 1041 750 1082 Aristoteles
782 1044 830 1080 ut
863 1040 1072 1094 optimum
1102 1040 1271 1094 probat,
1312 1055 1336 1081 a
1369 1055 1452 1095 quo
1485 1041 1566 1082 dis·
1586 1059 1618 1084 ιε»

157 1099 377 1140 215senti0.
445 1098 520 1139 eAt
558 1099 703 1139 eadem
740 1099 886 1152 verba,
924 1099 1069 1139 eadem
1107 1098 1344 1140 sententia?
1406 1098 1564 1140 Animo

224 1158 337 1199 istuc
382 1157 487 1198 satis
531 1160 614 1211 est,
657 1156 830 1197 auribus
871 1170 956 1196 non
995 1156 1110 1197 satis.
1175 1155 1255 1197 Sed
1292 1157 1335 1197 id
1375 1157 1564 1198 crebrius

226 1215 318 1256 fieri
349 1230 436 1256 non
469 1218 656 1269 oportet,
699 1214 882 1268 primum
922 1214 1035 1254 enim
1071 1228 1272 1255 numerus
1306 1215 1566 1270 agnoscitur,

229 1274 378 1314 deinde
412 1273 553 1327 satiat,
584 1276 734 1326 postea
766 1272 938 1327 cognita
969 1272 1176 1313 facilitate
1209 1273 1505 1314 contemnitur.

158 1331 215 1372 64
347 1330 429 1372 Sed
461 1334 561 1371 sunt
594 1331 807 1371 clausulae
839 1330 1000 1384 plures,
1037 1345 1144 1384 quae
1176 1345 1400 1372 numerose
1432 1335 1474 1372 et
1505 1331 1566 1372 iu-
1586 1348 1620 1372 -20

227 1390 360 1430 eunde
399 1389 563 1430 cadant.
624 1387 737 1429 Nam
779 1392 821 1429 et
859 1388 1058 1442 creticus,
1101 1388 1173 1442 qui
1211 1391 1276 1429 est
1309 1403 1330 1429 e
1362 1389 1492 1444 longa
1523 1393 1566 1430 et

226 1447 344 1488 brevi
376 1450 418 1488 et
449 1447 590 1501 longa,
622 1450 664 1487 et
696 1446 786 1487 eius
813 1447 1002 1500 aequalis
1033 1461 1181 1500 paean,
1213 1447 1285 1500 qui
1317 1447 1457 1500 spatio
1488 1462 1565 1501 par

227 1509 304 1559 est,
337 1505 502 1559 syllaba
532 1505 714 1560 longior,
747 1505 818 1559 qui
845 1504 1186 1545 commodissime
1217 1508 1394 1558 putatur
1424 1505 1470 1546 in
1502 1520 1566 1546 so-

226 1564 362 1604 lutam
395 1563 632 1604 orationem
664 1563 847 1616 inligari,
879 1577 972 1603 cum
1001 1562 1057 1603 sit
1083 1563 1248 1616 duplex.
1298 1562 1410 1604 Nam
1444 1566 1517 1604 aut
1542 1578 1564 1604 e

225 1622 355 1675 longa
393 1624 458 1661 est
496 1624 537 1661 et
574 1621 712 1661 tribus
750 1621 968 1674 brevibus,
1009 1621 1081 1674 qui
1117 1635 1318 1661 numerus
1349 1621 1395 1661 in
1424 1622 1563 1675 primo
1585 1637 1617 1663 25

225 1679 361 1733 viget,
402 1679 514 1719 iacet
550 1678 596 1718 in
634 1681 841 1732 extremo,
885 1682 958 1718 aut
996 1693 1017 1718 e
1055 1678 1235 1719 totidem
1278 1679 1477 1720 brevibus
1522 1683 1565 1720 et

225 1737 367 1791 longa,
400 1735 478 1792 [in]
513 1750 639 1789 quem
672 1739 843 1789 optume
877 1736 1022 1776 cadere
1056 1740 1228 1777 censent
1260 1740 1441 1792 veteres3
1484 1752 1563 1793 ego

157 1806 315 1836 ‘216non
352 1794 476 1848 plane
517 1794 664 1848 reicio,
708 1794 780 1834 sed
821 1793 926 1834 alios
965 1796 1188 1848 antepono.
1256 1794 1322 1835 Ne
1361 1795 1563 1849 spondius

227 1853 397 1906 quidem
440 1852 632 1892 funditus
677 1855 741 1892 est
789 1852 1092 1906 repudiandus,
1136 1852 1235 1907 etsi,
1278 1853 1391 1907 quod
1435 1856 1499 1894 est
1542 1869 1563 1894 e

225 1910 367 1965 longis
389 1910 564 1964 duabus,
590 1910 785 1950 hebetior
805 1910 971 1950 videtur
991 1913 1033 1950 et
1053 1910 1232 1965 tardior;
1264 1911 1394 1952 habet
1420 1914 1565 1952 tamen
1583 1928 1616 1954 30

226 1968 425 2009 stabilem
452 1968 677 2021 quemdam
702 1971 745 2008 et
769 1982 856 2008 non
882 1971 1097 2021 expertem
1124 1969 1346 2024 dignitatis
1374 1970 1565 2024 gradum,

224 2026 271 2066 in
295 2025 575 2066 incisionibus
608 2040 707 2066 vero
740 2025 875 2066 multo
908 2026 1044 2080 magis
1072 2030 1114 2066 et
1139 2027 1185 2067 in
1213 2027 1433 2082 membris3
1463 2042 1565 2081 pau-

227 2084 401 2125 citatem
440 2084 552 2124 em'm
592 2084 747 2137 pedum
785 2083 995 2138 gravitate
1033 2099 1110 2125 sua
1142 2088 1184 2126 et
1215 2085 1417 2126 tarditate
1450 2100 1564 2127 com—

227 2145 389 2195 pensat.
453 2140 534 2182 Sed
566 2141 644 2182 hos
677 2156 773 2182 cum
804 2141 849 2181 in
880 2142 1080 2183 clausulis
1106 2143 1234 2196 pedes
1259 2143 1447 2197 nomino,
1476 2158 1565 2184 non

226 2200 378 2254 loquor
409 2199 459 2240 de
485 2213 569 2239 uno
596 2199 700 2252 pede
727 2202 933 2240 extremo:
966 2200 1163 2255 adiungo,
1195 2201 1307 2254 quod
1338 2201 1562 2242 minimum
1581 2218 1615 2244 35

158 2257 303 2310 217sit,
338 2257 580 2312 proximum
612 2257 890 2311 superiorem,
928 2272 1051 2312 saepe
1089 2258 1219 2299 etiam
1250 2259 1436 2300 tertium.
1496 2258 1562 2301 Ne

226 2316 394 2357 iambus
416 2315 598 2370 quidem,
624 2315 696 2368 qui
717 2319 780 2356 est
801 2330 822 2355 e
842 2315 961 2356 brevi
982 2319 1024 2357 et
1042 2316 1184 2371 longa,
1210 2320 1284 2357 aut
1308 2332 1386 2371 par
1407 2316 1560 2359 choreo
