1643 2526
402 87 546 122 LIBER
571 87 614 123 ΙΙ.
666 86 766 124 ΟΑΡ.
794 90 944 123 84-85.
984 91 1003 131 ἓ
1030 91 1226 123 339—345.
1399 89 1484 130 155

142 183 261 225 danti
299 182 472 237 scripsit
508 180 551 224 C.
584 182 769 237 Laelius,
805 183 873 224 vel
906 186 955 224 ut
986 186 1154 224 nosmet
1187 183 1272 238 ipsi
1304 184 1483 225 ornandi

143 256 271 284 causa
303 240 563 282 Graecorum
594 255 724 296 more,
755 241 791 282 si
824 255 930 295 quos
962 241 1154 297 velimus,
1184 242 1357 284 laudare
1388 257 1484 297 pos-

143 300 293 352 simus,
332 300 388 341 sit
421 314 445 340 a
475 299 600 340 nobis
640 314 806 354 quoque
844 302 1055 341 tractatus
1092 300 1162 342 hic
1193 301 1324 342 locus.
1385 300 1553 343 Per-34⁶.)

143 358 339 413 spicuum
377 361 442 399 est
479 358 614 413 igitur
652 358 734 399 alia
772 372 863 399 esse
899 358 946 399 in
976 358 1148 399 homine
1182 360 1368 413 optanda
1401 359 1484 400 alia

107 417 364 460 5laudanda.
427 415 570 457 Genus
609 415 748 457 forma
784 416 894 458 vires
936 431 1036 471 opes
1079 416 1251 459 divitiae
1293 432 1483 471 quaeque

141 475 316 516 fortuna
353 475 424 516 det
462 477 535 516 aut
573 475 834 516 extrinsecus
867 478 941 516 aut
973 476 1158 529 corpori,
1199 490 1286 517 non
1323 476 1484 517 habent

140 533 187 574 in
219 548 262 575 se
294 548 438 575 veram
469 533 650 587 laudem,
687 547 793 587 quae
826 533 969 574 deberi
1001 533 1152 575 virtuti
1183 534 1258 574 uni
1288 537 1484 590 putatur3

143 592 217 633 sed
248 595 410 646 tamen,
448 591 561 646 quod
596 591 691 646 ipsa
727 591 863 633 virtus
894 591 941 632 in
972 607 1118 633 earum
1148 606 1291 633 rerum
1322 608 1403 634 usu
1435 607 1484 635 ac

141 650 434 691 moderatione
460 649 642 690 maxime
670 650 869 705 cernitur7
899 651 1124 692 tractanda
1154 650 1200 691 in
1230 651 1485 692 laudationi-

90 726 124 751 10
142 709 223 750 bus
267 708 397 749 etiam
440 708 544 749 haec
585 711 686 749 sunt
725 711 903 750 naturae
946 712 988 749 et
1025 709 1223 750 fortunae
1265 709 1396 763 bona,
1439 709 1485 750 in

143 767 298 821 quibus
330 769 395 807 est
428 781 594 807 summa
624 766 734 808 laus:
766 781 854 808 non
880 767 1083 808 extulisse
1111 782 1154 809 se
1180 767 1226 808 in
1256 770 1484 822 potestate,

140 839 228 866 non
258 824 390 866 fuisse
421 824 677 866 insolentem
708 825 754 865 in
783 825 982 880 pecunia,
1021 839 1109 867 non
1147 840 1191 866 se
1228 826 1483 880 praetulisse

143 883 237 924 aliis
268 886 444 938 propter
476 883 781 924 abundantiam
812 883 1027 938 fortunae3
1058 887 1106 925 ut
1139 898 1239 938 opes
1267 887 1309 925 et
1337 884 1483 938 copiae

142 955 230 982 non
267 941 489 996 superbiae
527 941 751 982 videantur
792 956 840 983 ac
881 942 1062 983 lubidini
1103 943 1176 983 sed
1216 942 1404 983 bonitati
1442 945 1484 984 et

91 1017 123 1043 15
143 1000 427 1041 moderationi
463 999 714 1041 facultatem
752 1003 794 1041 et
832 1000 1056 1041 materiam
1095 1000 1270 1042 dedisse.
1331 1000 1554 1043 Virtus343

143 1061 305 1112 autem,
348 1072 455 1112 quae
493 1060 558 1099 est
600 1072 675 1112 per
713 1072 756 1099 se
792 1058 888 1112 ipsa
924 1058 1151 1099 laudabilis
1190 1062 1233 1100 et
1270 1059 1360 1101 sine
1401 1073 1485 1113 qua

141 1116 250 1157 nihil
273 1116 438 1157 laudari
463 1119 620 1170 potest,
644 1119 789 1157 tamen
813 1116 944 1158 habet
968 1117 1103 1171 pluris
1128 1117 1277 1172 partis,
1304 1132 1494 1171 quarum¹

143 1175 269 1216 aliast
311 1175 394 1216 alia
434 1175 487 1215 ad
526 1174 816 1216 laudationem
858 1175 1008 1229 aptior.
1072 1174 1181 1216 Sunt
1221 1175 1335 1217 enim
1377 1175 1484 1217 aliae

142 1233 342 1288 virtutes,
380 1247 486 1287 quae
524 1232 723 1274 videntur
754 1233 799 1274 in
829 1233 1021 1274 moribus
1053 1234 1276 1275 hominum
1310 1237 1352 1275 et
1385 1249 1485 1288 qua-

90 1308 124 1333 20
144 1292 241 1332 dam
279 1291 482 1332 comitate
521 1306 568 1333 ac
599 1291 881 1333 beneficentia
910 1292 1094 1347 positae3
1139 1292 1263 1347 aliae,
1302 1307 1408 1347 quae
1439 1292 1485 1333 in

143 1349 305 1404 ingenii
338 1349 480 1403 aliqua
510 1349 716 1390 facultate
743 1353 817 1390 aut
850 1350 980 1391 animi
1012 1351 1307 1405 magnitudine
1340 1366 1388 1392 ac
1420 1365 1486 1391 ro-

144 1408 258 1448 bore.
301 1406 415 1449 Nam
436 1407 661 1448 clementia
684 1408 853 1448 iustitia
878 1408 1122 1462 benignitas
1145 1409 1249 1450 fides
1275 1409 1483 1449 fortitudo

143 1465 189 1507 in
219 1465 420 1520 periculis
450 1465 746 1507 communibus
772 1466 998 1507 iucundast
1025 1467 1172 1507 auditu
1203 1467 1248 1507 in
1278 1467 1485 1508 laudatio-

143 1524 288 1578 nibus3
333 1538 478 1565 omnes
518 1523 632 1564 enim
669 1523 748 1565 hae
786 1524 965 1565 virtutes
1003 1539 1090 1565 non
1126 1524 1232 1579 ipsis
1264 1528 1373 1579 tam,
1410 1525 1554 1578 qui344

89 1600 123 1626 25
144 1597 213 1623 eas
240 1582 413 1636 habent,
432 1596 559 1636 quam
580 1582 724 1637 generi
750 1582 972 1623 hominum
997 1583 1241 1624 fructuosae
1266 1586 1484 1637 putantur.

145 1639 365 1695 Sapientia
385 1643 427 1681 et
449 1641 700 1695 magnitudo
728 1641 871 1695 animi,
898 1656 981 1695 qua
1007 1655 1153 1682 omnes
1180 1656 1247 1682 res
1273 1641 1483 1683 humanae

143 1701 291 1740 tenues
325 1713 373 1740 ac
404 1713 482 1753 pro
513 1699 649 1739 nihilo
681 1702 906 1754 putantur,
944 1702 986 1740 et
1022 1699 1068 1740 in
1105 1700 1387 1754 excogitando
1419 1700 1483 1741 vis

145 1757 352 1810 quaedam
382 1757 544 1812 ingenii
571 1759 614 1798 et
637 1757 732 1811 ipsa
758 1758 1001 1811 eloquentia
1027 1758 1322 1799 admirationis
1353 1758 1485 1799 habet

144 1829 231 1856 non
262 1815 416 1869 minus,
445 1815 725 1857 iucunditatis
757 1816 917 1870 minus3
959 1816 1077 1870 ipsos
1111 1816 1224 1857 enim
1256 1816 1394 1870 magis
1426 1816 1484 1857 vi-

92 1891 126 1916 30
147 1873 299 1914 dentur
330 1887 436 1927 quos
467 1873 689 1915 laudamus
729 1888 856 1928 quam
892 1874 1011 1929 illos,
1048 1875 1160 1928 apud
1198 1889 1305 1928 quos
1343 1875 1486 1916 lauda-

145 1946 258 1984 mus,
303 1945 451 1972 ornare
497 1946 545 1973 ac
588 1932 710 1973 tueri.
773 1931 856 1973 Sed
892 1935 1036 1974 tamen
1074 1932 1121 1973 in
1150 1932 1362 1974 laudando
1394 1933 1484 1973 iun-

146 1989 282 2044 genda
309 1992 408 2029 sunt
440 1989 570 2031 etiam
600 1990 705 2031 haec
732 2004 887 2045 genera
912 1991 1132 2032 virtutum.
1182 1990 1345 2032 Ferunt
1371 1991 1483 2032 enim

146 2061 267 2088 aures
294 2047 516 2088 hominum
542 2062 671 2101 quom
696 2048 783 2103 illa,
815 2063 922 2102 quae
947 2049 1131 2090 iucunda
1157 2052 1199 2090 et
1226 2052 1361 2104 grata,
1391 2052 1484 2090 tum

145 2105 274 2146 etiam
306 2105 393 2159 illa,
424 2119 530 2158 quae
562 2106 777 2147 mirabilia
803 2110 903 2148 sunt
927 2107 972 2147 in
998 2107 1169 2161 virtute,
1200 2107 1376 2148 laudari.
1425 2107 1483 2147 Et

91 2180 126 2206 35
145 2163 349 2217 quoniam
393 2163 658 2218 singularum
701 2165 910 2206 virtutum
961 2168 1061 2206 sunt
1111 2168 1226 2206 certa
1277 2165 1484 2220 quaedam

146 2221 287 2262 officia
326 2235 373 2262 ac
411 2236 587 2262 munera
624 2226 666 2264 et
703 2237 779 2264 sua
817 2223 967 2277 cuique
1004 2223 1155 2265 virtuti
1186 2224 1279 2265 laus
1310 2222 1485 2276 propria

145 2279 335 2334 debetur,
367 2279 447 2320 erit
479 2279 774 2334 explicandum
804 2281 851 2322 in
881 2281 1004 2323 laude
1035 2281 1227 2323 iustitiae
1254 2281 1355 2335 quid
1387 2295 1485 2322 cum

1499 2083 1554 2125 85

1487 2152 1553 2182 345
