1643 2526
509 93 790 129 ADNOTATIO
817 93 1014 129 CRITICA.
1387 92 1431 127 Ll

98 198 255 234 ducitur.
276 220 319 225 ——
343 204 398 235 17.
417 201 567 235 eriez'nio
581 201 608 235 P
629 200 783 234 Ericino
804 199 832 234 O
848 201 867 233 λ
887 220 929 223 -
953 202 1006 233 18.
1027 199 1215 234 eburniola
1233 198 1261 232 L
1276 200 1295 232 λ
1314 219 1357 223 -
1381 202 1434 233 19.

96 247 220 289 fistula
237 250 414 291 staretque
433 246 461 280 L
475 249 493 280 λ
513 268 556 271 —
577 249 633 281 25.
647 248 769 291 inquit
786 247 867 281 illos
886 247 986 280 uiros
1005 247 1067 290 que?
1086 245 1113 278 L
1128 247 1205 290 (qui
1218 245 1334 289 (1012)
1347 247 1366 278 λ
1391 265 1435 269 —

98 298 153 328 26.
186 294 369 337 irrepsisse
396 294 422 328 P
455 294 503 328 αἶ’
528 298 552 328 ἶ.
578 305 607 328 r.
629 304 667 338 p.
695 297 732 328 ἒε
757 293 907 337 P²m1·g.
934 294 1100 336 irrepz'sse
1126 292 1154 326 O
1188 313 1231 316 —
1264 303 1370 337 quam
1396 303 1437 326 ea

96 339 131 372 H
157 341 243 384 quia
262 351 340 374 mea
358 340 395 374 M
416 361 458 364 -—
486 344 542 374 27.
562 341 652 375 tecla
673 342 702 374 A
723 340 808 375 tella
828 339 856 374 Ο
877 360 920 363 —
941 350 981 373 ea
1003 340 1037 372 M
1059 343 1091 373 et
1110 350 1151 373 ea
1171 340 1347 374 incitatur
1367 339 1393 372 L
1406 341 1435 372 λ.

97 385 157 421 Ita
181 386 375 430 explerunt
398 386 713 429 Mediolanenses,
746 388 788 419 ut
819 385 1148 430 grammaticorum
1174 384 1435 429 interpretatio

98 443 139 467 ea
167 434 209 467 in
239 434 383 468 civitate
418 435 514 468 ratio
552 434 694 468 vivendi
733 444 816 466 cum
852 431 1015 476 imagine
1054 432 1279 466 cohaereret.
1330 431 1435 465 Hanc

97 478 218 523 ipsam
244 479 389 514 seclusi.
440 480 535 514 Nam
568 491 650 514 eam
679 479 882 523 imaginem
915 478 1139 522 explicatam
1170 479 1267 513 velle
1292 479 1332 513 in
1357 488 1436 513 ora-

97 526 280 569 tionibus,
313 537 406 570 quae
439 526 539 570 apud
572 526 699 560 doctos
732 525 902 560 indoctos
927 525 1179 569 habebantur,
1213 526 1341 570 aptum
1369 526 1435 567 est,

98 571 137 606 in
168 572 237 607 hoc
269 584 433 607 sermone
466 572 798 607 eruditissimorum
830 572 979 606 auribus
1012 571 1190 616 ineptum.
1218 594 1260 597 -—
1282 573 1436 617 posteri-

97 620 183 654 tatis
208 618 234 653 C
254 621 409 664 posteris
433 619 479 652 Ρ1
511 641 553 644 -
586 624 641 654 34.
667 620 756 654 utile
780 624 813 654 et
836 631 948 654 statue
973 623 1023 654 est
1047 619 1105 652 Li
1137 640 1179 644 —
1215 624 1270 653 35.
1303 623 1437 664 ayo-este

98 676 168 701 om.
194 666 273 699 L12.
298 686 343 691 —
376 667 424 701 ad
449 677 518 701 om.
546 677 600 700 οο
616 666 659 699 P¹
677 666 704 700 O
738 687 781 690 ——
814 667 1073 709 affirmandum
1099 676 1118 699 e
1134 666 1212 700 οΡι
1229 665 1257 700 O
1289 666 1436 709 firman-

97 713 184 747 dum
208 712 285 746 P2z
322 733 365 738 —
404 717 458 747 36.
496 714 580 748 uoci
604 713 650 746 Pl
683 724 769 748 uoce
800 713 897 747 002
935 734 977 737 —
1017 717 1073 747 37.
1111 713 1291 757 quoddam
1315 714 1356 746 in
1383 713 1435 746 ἰη-

96 760 211 802 ferius
236 759 263 792 L
300 780 344 784 ——-
382 759 421 794 P.
449 763 527 793 223.
556 765 584 794 1.
626 764 659 795 et
684 770 754 795 om.
780 759 817 793 M
854 780 898 785 —
935 760 995 794 sed
1020 761 1094 794 icem
1120 759 1277 794 Schuetz
1308 764 1340 794 et
1363 760 1437 793 iam

96 805 328 840 Henrichsen
356 827 397 830 —
425 810 455 840 2.
485 807 579 841 idem
603 806 640 839 M
673 827 715 831 ——
753 811 784 841 3.
811 807 905 851 quod
930 805 967 839 M
993 817 1130 850 quoque
1154 806 1215 840 L).
1246 827 1289 831 —
1322 810 1354 840 4.
1380 806 1438 840 hic

98 863 167 886 om.
188 852 226 886 M
252 873 294 877 ——
323 857 354 887 5.
383 854 476 888 actio
496 853 534 886 M
550 854 584 896 (e
599 854 658 897 32)
683 874 726 878 -
754 856 784 886 6.
812 854 944 895 deferet
963 853 990 886 L
1017 854 1130 896 defert
1149 855 1168 886 λ,
1193 874 1236 877 -
1264 853 1316 888 Et
1334 852 1373 885 M
1393 873 1436 876 —

99 903 130 933 7.
157 910 279 934 sensus
304 900 407 934 illius
431 899 491 933 Li
528 920 570 923 —
612 903 665 934 14.
692 901 860 934 didicisse
885 899 945 933 L).
984 920 1024 924 ——
1066 904 1119 934 16.
1151 904 1191 935 ut
1217 899 1339 933 delere
1365 899 1435 933 vol.

97 945 181 980 Ern.
207 966 251 970 -—
286 949 340 980 19.
368 946 420 980 Et
447 946 598 981 Crassus
623 956 694 981 om.
720 946 748 979 L
781 967 824 971 —
858 950 913 981 23.
946 950 1036 980 recte
1061 956 1131 980 om.
1159 947 1185 980 L
1214 967 1257 970 —
1283 947 1385 981 uides
1411 945 1436 979 C

98 993 248 1035 confidis
272 992 373 1026 Bake
404 1014 447 1017 —
482 996 534 1027 24.
564 994 677 1028 sentio
703 1004 772 1027 om.
799 993 860 1026 Li
886 1014 928 1017 —
955 993 1081 1037 quue
1106 993 1166 1027 La
1192 1014 1235 1017 —
1268 996 1323 1027 26.
1350 992 1437 1027 Non

98 1039 136 1072 M
164 1039 246 1073 Tibi
272 1040 333 1073 La
365 1060 407 1063 —
439 1040 481 1073 in
506 1039 590 1074 add.
617 1049 635 1072 e
667 1060 710 1064 —
743 1044 882 1074 uestrae
907 1039 967 1072 Li
998 1060 1041 1063 —
1079 1044 1134 1074 27.
1170 1041 1282 1074 aetati
1306 1039 1367 1073 La.
1393 1058 1435 1063 -

98 1090 154 1121 30.
179 1086 278 1121 vobis
303 1096 373 1120 om.
400 1085 438 1118 M
464 1107 507 1110 —
532 1097 659 1120 uerum
683 1085 722 1119 M
759 1107 802 1110 —
841 1089 896 1120 33.
930 1097 1085 1130 curaque
1110 1086 1250 1130 Lamb„
1290 1086 1355 1120 sed
1380 1096 1437 1120 re-

97 1134 242 1176 pugnat
267 1131 365 1175 quod
392 1132 580 1166 antecedit
605 1144 767 1167 curemus
793 1133 830 1167 et
854 1133 931 1167 hac.

192 1178 323 1213 Bruti
348 1178 525 1212 librorum
550 1190 644 1213 unus
663 1179 745 1214 fons
766 1181 824 1213 est
842 1178 907 1213 1110
926 1178 1141 1221 Laudemis,
1169 1179 1213 1213 de
1234 1189 1305 1222 quo
1326 1190 1438 1223 supra

99 1225 270 1259 diximus.
320 1225 374 1259 Ex
404 1225 474 1260 hoc
505 1225 587 1269 ipso
618 1225 855 1260 Florentinus
886 1225 1253 1270 Magliabecchianus
1291 1226 1307 1259 Ι
1335 1230 1365 1270 1,
1393 1229 1437 1259 14
1492 1226 1500 1229 ’

99 1271 142 1316 (F
169 1289 212 1300 =
238 1271 287 1316 lg.
316 1276 336 1306 8
362 1272 448 1315 Ell.)
486 1271 635 1306 videtui
671 1272 915 1316 transcriptus
951 1283 1049 1316 esse⁷
1087 1283 1312 1316 quamquam
1346 1272 1446 1306 certi'

98 1320 214 1352 testes
251 1329 327 1352 non
364 1318 501 1352 adsunt
539 1318 772 1363 (Heerdegen
803 1319 852 1353 M.
878 1319 947 1354 Rh.
980 1321 1161 1363 38,120)
1224 1319 1271 1353 Et
1310 1321 1368 1353 est
1404 1319 1434 1353 is

101 1364 275 1408 optimus,
302 1376 410 1408 quem
436 1364 604 1408 inprimis
631 1365 828 1409 sequimur.
877 1366 1046 1399 Alterum
1065 1365 1186 1399 locum
1206 1366 1311 1400 tenet
1331 1365 1435 1400 Otto

99 1411 282 1445 bonianus
317 1414 404 1445 1592
440 1411 514 1454 (B),
551 1422 660 1454 quem
691 1412 861 1445 Flavium
891 1412 1075 1446 Blondum
1107 1412 1298 1456 scripsisse
1323 1412 1436 1446 Heer-

100 1458 219 1502 degen
255 1457 394 1501 primus
434 1457 561 1492 docuit
599 1458 946 1501 (Fleck.129‚106)
1015 1458 1086 1492 Sed
1122 1459 1281 1492 multum
1319 1459 1435 1502 abezt,

99 1504 198 1548 quod
223 1504 287 1538 1110
312 1504 351 1538 111
375 1503 487 1538 Italia
511 1504 701 1538 illustrata
726 1504 880 1548 gloriari
904 1504 1062 1548 videtur,
1093 1507 1135 1539 ut
1166 1516 1209 1539 ex
1236 1505 1436 1550 archetypo

100 1563 203 1585 suum
230 1550 523 1595 transcripserit:
550 1553 657 1585 tanta
683 1551 875 1586 celeritate
900 1562 1029 1586 manus
1051 1562 1092 1585 ac
1118 1551 1304 1594 firmitate,
1331 1554 1437 1587 tanta

100 1597 378 1632 continuatione
401 1598 596 1632 verborum
615 1597 675 1632 hic
696 1598 789 1632 liber
809 1597 967 1642 scriptus
989 1600 1055 1641 est,
1083 1600 1222 1641 quanta
1248 1610 1291 1632 ex
1317 1610 1436 1633 exem-

98 1643 195 1689 plari
226 1655 344 1688 paene
377 1644 424 1677 ad
455 1644 598 1678 nullum
630 1656 737 1678 usum
770 1646 875 1689 apto,
911 1644 1014 1678 cuius
1049 1644 1194 1679 litteras
1227 1645 1436 1680 discernere

101 1692 212 1734 atque
225 1691 349 1734 legere
364 1690 514 1725 difficile
531 1690 646 1725 fuisse
661 1690 807 1735 dicitur,
827 1690 1041 1725 brevissimo
1055 1694 1222 1736 tempore
1236 1713 1279 1717 —
1295 1703 1316 1726 a
1329 1692 1436 1727 nonis

101 1737 148 1771 ad
171 1737 255 1771 idus
283 1737 460 1771 Octobres
489 1758 530 1762 —
556 1737 635 1772 fieri
661 1749 850 1781 nunquam
876 1738 999 1782 potuit
1024 1738 1120 1779 (Pid.
1148 1739 1204 1773 ed.
1230 1739 1282 1772 ΙΙΙ
1307 1751 1342 1783 p.
1364 1743 1434 1783 32).

99 1783 246 1818 Tertius
267 1785 324 1818 est
344 1783 617 1818 Ottobonianus
637 1788 728 1819 2057
749 1784 815 1828 (Ο).
866 1785 961 1818 Eum
986 1796 1059 1819 non
1078 1786 1157 1819 tam
1177 1785 1285 1820 homo
1307 1786 1435 1820 doetus

100 1841 212 1874 quam
236 1829 409 1864 librarius
436 1830 580 1874 artifeX,
614 1842 685 1874 quo
712 1842 846 1875 genere
871 1833 948 1865 tum
976 1831 1087 1865 Italia
1111 1831 1249 1867 referta
1275 1834 1365 1875 erat,
1392 1843 1436 1867 ex

98 1878 195 1912 libro
226 1877 301 1911 iam
333 1876 423 1911 satis
455 1876 548 1911 bene
583 1877 682 1921 picto
715 1877 886 1913 confecit.
936 1877 1013 1912 Hos
1046 1878 1137 1912 duos
1169 1878 1249 1922 ipse
1282 1879 1434 1922 excussi,

99 1923 127 1957 F
153 1923 313 1958 Thomas
347 1923 477 1968 Stangl
509 1923 623 1958 dedit.
679 1924 807 1968 Neque
838 1935 924 1958 vero
956 1924 1048 1959 haec
1087 1925 1133 1958 ab
1165 1925 1435 1960 Mediolanensi

100 1970 227 2005 schola
258 1969 426 2013 profecta
458 1971 627 2014 exempla
659 1970 858 2005 sufficiunt.
907 1970 1004 2004 Nam
1030 1970 1219 2006 Parisinus
1247 1976 1338 2006 7704
1364 1972 1433 2015 (D),

99 2027 209 2060 quem
235 2015 350 2051 Orelli
379 2016 565 2059 laudavit,
599 2017 732 2051 demde
764 2017 860 2051 liber
884 2017 1093 2060 Nafflauus,
1127 2029 1236 2061 quem
1262 2018 1393 2053 Venet.
1420 2020 1435 2052 Ι

98 2063 249 2097 Ellendt
285 2062 504 2108 appellavit,
543 2063 712 2106 quamvis
751 2074 861 2108 saepe
899 2075 982 2099 cum
1015 2064 1091 2098 illis
1124 2064 1244 2099 tribus
1282 2076 1434 2100 consen-

97 2109 211 2152 tiant,
249 2111 377 2143 tamen
413 2109 503 2143 locis
539 2109 682 2153 aliquot
712 2110 867 2144 meliora
899 2112 936 2144 et
967 2110 1038 2145 fide
1071 2110 1243 2155 digniora
1276 2112 1435 2146 afferunt

99 2167 210 2200 quam
236 2156 328 2190 haec
353 2157 395 2189 ut
420 2155 631 2191 coniectura
656 2157 980 2209 grammaticorum
1012 2159 1161 2202 reperta
1192 2169 1271 2192 esse
1302 2160 1433 2203 putare

97 2202 293 2248 possimus.
342 2202 578 2236 Editiom'bus
608 2214 694 2236 usus
725 2215 805 2237 sum
833 2203 1003 2248 propriis,
1034 2215 1126 2248 quas
1151 2204 1267 2239 Orelli
1295 2204 1434 2249 (Turiei

101 2252 222 2293 1830),
249 2250 327 2292 Mey
323 2260 374 2283 er
399 2248 518 2291 (Halis
546 2250 626 2285 SaX.
656 2253 776 2292 1838),
804 2249 954 2284 Ellendt
980 2250 1204 2295 (Regimont.
1231 2252 1287 2285 Pr.
1318 2255 1434 2301 1844)

98 2296 196 2330 Jahn
214 2261 428 2340 ⁹)(Elerhard
453 2295 716 2345 Βο1·01.1877),
755 2278 886 2341 Stangl
917 2297 1027 2341 (Lips.
1059 2301 1162 2341 1886)
1195 2281 1434 2342 paraverunt

1099 2355 1122 2387 d
1131 2357 1149 2373 ’
