1643 2526
190 125 247 167 98
702 123 765 158 DE
793 121 1018 158 ORATORE

190 221 394 275 fenderet,
423 234 512 261 non
543 218 756 260 dubitavit
789 217 1019 259 seditiones
1050 217 1167 271 ipsas
1201 230 1351 257 ornare
1383 230 1432 258 ac
1463 216 1531 257 de·

191 282 431 321 monstrare
476 277 755 333 gravissumis
795 276 936 317 verbis
977 275 1137 316 multos
1179 289 1303 329 saepe
1342 274 1529 329 impetus

190 337 339 393 populi
370 351 456 378 non
488 336 672 377 iniustos
700 350 804 389 esse,
836 349 942 389 quos
967 336 1185 388 praestare
1210 348 1335 374 nemo
1367 335 1531 388 posset3

191 397 349 437 multas
382 395 513 436 etiam
539 409 560 435 e
586 409 631 435 re
656 393 828 448 publica
855 393 1085 434 seditiones
1113 406 1237 446 saepe
1264 405 1355 432 esse
1381 391 1531 445 factas,

192 457 241 495 ut
290 467 420 508 quom
467 467 590 508 reges
641 455 783 493 essent
833 451 988 505 exacti,
1036 453 1085 491 ut
1129 464 1258 504 quom
1300 449 1566 493 tribunicia5

192 515 385 567 potestas
414 511 666 565 constituta,
690 510 810 550 illam
834 509 1030 550 Norbani
1057 508 1309 549 seditionem
1335 522 1386 549 ex
1410 508 1531 549 luctu

195 571 355 612 civium
387 573 430 611 et
461 584 512 610 ex
545 568 770 623 Caepionis
805 568 915 623 odio,
947 567 1020 621 qui
1053 567 1285 608 exercitum
1317 566 1532 621 amiserat,

125 639 333 683 125neque
358 627 534 682 reprimi
559 627 750 682 potuisse
777 629 819 667 et
844 626 935 667 iure
962 640 1053 666 esse
1080 625 1339 666 conflatam?
1382 624 1533 666 Potuit

193 687 263 728 hic
301 687 420 728 locus
459 689 549 727 tam
587 700 760 739 anceps,
797 688 887 726 tam
923 684 1160 737 inauditus,
1201 687 1290 724 tam
1330 682 1532 738 lubricus,

193 749 284 787 tam
323 759 459 785 novus
505 744 594 784 sine
640 744 823 797 quadam
865 742 1106 784 incredibili
1149 742 1191 782 vi
1235 757 1283 783 ac
1325 741 1531 782 facultate
1553 760 1585 785 ιο

195 803 361 845 dicendi
399 802 605 844 tract-ari?
662 801 773 850 Quid
810 815 890 856 ego
929 801 978 841 de
1021 799 1093 841 Cn.
1131 799 1300 854 Manlii,
1341 799 1442 854 quid
1482 800 1531 840 de

195 861 242 910 Q.
285 861 417 916 Regis
463 859 834 902 commiseratione
880 858 1046 899 dicam?
1097 859 1198 912 quid
1241 858 1291 899 de
1335 858 1429 899 aliis
1471 858 1533 898 in-

193 919 562 960 numerabilibus?
611 918 656 958 in
700 917 854 972 quibus
899 917 981 958 hoc
1023 931 1110 957 non
1153 917 1336 957 maxime
1379 916 1534 957 enituit

195 978 309 1032 quod
334 977 415 1018 tibi
443 991 589 1018 omnes
616 976 732 1031 dant,
763 990 942 1017 acumen
968 975 1180 1029 quoddam
1207 975 1435 1030 singulare,
1460 975 1533 1015 sed

123 1060 179 1101 29
194 1036 299 1077 haec
330 1036 442 1090 ipsa,
474 1049 581 1089 quae
613 1049 725 1075 nunc
757 1034 809 1075 ad
841 1048 907 1074 me
941 1033 1135 1088 delegare
1166 1033 1249 1087 vis,
1287 1048 1336 1074 ea
1367 1047 1533 1087 semper
1554 1050 1586 1077 15

126 1094 241 1159 126in
277 1097 319 1135 te
358 1094 512 1134 eximia
551 1096 593 1133 et
632 1092 897 1147 praestantia
939 1092 1123 1132 fuerunt.
1190 1091 1299 1132 Tum
1337 1089 1532 1132 Catulus:

196 1153 291 1207 Ego
320 1166 431 1206 vero,
459 1151 613 1205 inquit,
643 1150 689 1191 in
713 1150 835 1191 vobis
862 1150 943 1191 hoc
969 1150 1151 1190 maxime
1178 1149 1379 1190 admirari
1405 1150 1534 1204 soleo,

197 1211 323 1264 quod,
356 1224 487 1264 quom
516 1210 629 1250 inter
654 1223 730 1249 vos
755 1209 801 1249 in
827 1208 1003 1249 dicendo
1031 1208 1306 1248 dissimillimi
1339 1206 1446 1261 sitis,
1470 1208 1534 1249 ita

195 1272 340 1309 tamen
382 1271 560 1321 uterque
600 1270 789 1308 vestrum
836 1266 967 1320 dicat,
1006 1269 1054 1306 ut
1099 1266 1137 1307 ei
1179 1266 1288 1307 nihil
1329 1280 1465 1320 neque
1509 1281 1534 1307 a

195 1330 351 1367 natura
382 1327 638 1380 denegatum
668 1339 805 1378 neque
837 1339 862 1365 a
893 1324 1087 1366 doctrina
1110 1339 1198 1365 non
1223 1324 1411 1365 delatum
1442 1338 1533 1366 esse
1553 1344 1587 1369 20

195 1385 400 1425 videatur.
463 1383 620 1438 Quare,
652 1382 822 1437 Crasse,
858 1397 994 1436 neque
1026 1386 1074 1423 tu
1106 1386 1182 1424 tua
1213 1383 1423 1424 suavitate
1454 1396 1533 1424 nos

195 1443 405 1497 privabis,
441 1445 507 1496 ut,
545 1442 580 1483 si
620 1441 720 1496 quid
759 1442 811 1482 ab
844 1441 1036 1482 Antonio
1075 1444 1149 1482 aut
1186 1441 1535 1495 praetermissum

198 1505 272 1542 aut
302 1501 500 1542 relictum
537 1500 612 1554 sit,
648 1514 735 1540 non
773 1500 975 1553 explices,
1012 1514 1150 1553 neque
1188 1503 1248 1553 te,
1278 1499 1459 1552 Antoni,
1498 1499 1535 1540 si

198 1559 301 1613 quid
336 1573 424 1600 non
462 1558 637 1611 dixeris,
674 1557 1015 1598 existimabimus
1047 1572 1135 1598 non
1165 1557 1357 1611 potuisse
1388 1557 1533 1612 potius

128 1627 329 1671 127quam
360 1632 385 1657 a
416 1616 571 1658 Crasso
605 1616 687 1656 dici
718 1615 931 1656 maluisse.
987 1615 1070 1656 Hic
1103 1614 1299 1656 Crassus:
1333 1615 1444 1664 Quin
1474 1619 1587 1670 tu‚25

197 1675 358 1729 inquit,
398 1673 580 1728 Antoni,
622 1673 785 1714 omittis
827 1674 911 1714 ista
952 1687 1060 1726 quae
1103 1674 1386 1728 proposuisti,
1427 1689 1534 1728 quae

197 1747 322 1774 nemo
347 1733 502 1773 horum
522 1731 745 1785 desiderat,
771 1731 925 1785 quibus
948 1746 998 1771 ex
1017 1731 1123 1772 locis
1144 1746 1204 1784 ea,
1226 1747 1332 1785 quae
1359 1732 1535 1773 dicenda

199 1794 299 1832 sunt
330 1790 375 1831 in
401 1790 554 1844 causis,
578 1789 861 1843 reperiantur,
887 1804 994 1843 quae
1021 1804 1280 1843 quamquam
1305 1805 1330 1831 a
1354 1792 1396 1830 te
1421 1804 1533 1831 novo

199 1849 383 1903 quodam
421 1849 547 1889 modo
584 1848 883 1902 praeclareque
921 1847 1136 1901 dicuntur,
1175 1851 1274 1888 sunt
1311 1851 1456 1888 tamen
1492 1851 1535 1889 et

198 1922 243 1948 re
292 1907 486 1948 faciliora
535 1909 578 1947 et
624 1906 863 1960 praeceptis
912 1909 1162 1960 pervagata3
1210 1906 1286 1947 illa
1335 1907 1533 1960 deprome
1554 1925 1588 1950 30

197 1965 323 2006 nobis
350 1965 460 2006 unde
488 1964 666 2018 adferas,
692 1978 799 2018 quae
826 1963 1073 2018 saepissime
1099 1966 1259 2005 tractas
1286 1979 1534 2019 semperque

200 2023 414 2064 divinitus.

130 2092 196 2123 128
316 2081 577 2135 Depromam
608 2079 821 2134 equidem,
851 2079 1010 2134 inquit,
1047 2083 1090 2121 et
1121 2094 1205 2134 quo
1237 2080 1405 2122 facilius
1435 2080 1480 2121 id
1511 2095 1536 2121 a

200 2142 244 2180 te
277 2139 445 2194 exigam
477 2139 590 2192 quod
620 2141 739 2192 peto,
775 2138 883 2179 nihil
920 2138 1001 2178 tibi
1040 2153 1064 2178 a
1100 2153 1167 2179 me
1205 2138 1442 2193 postulanti
1473 2153 1534 2179 re-

200 2197 370 2239 cusabo.
437 2196 556 2237 Meae
606 2196 739 2237 totius
783 2196 829 2237 in
872 2195 1047 2237 dicendo
1097 2197 1277 2238 rationis
1322 2199 1365 2237 et
1406 2196 1533 2237 istius
1553 2213 1588 2239 35

198 2255 334 2310 ipsius
359 2254 592 2308 facultatis,
624 2269 752 2308 quam
778 2254 904 2295 modo
931 2253 1110 2295 Crassus
1134 2255 1180 2295 in
1205 2255 1368 2296 caelum
1393 2254 1533 2295 verbis

200 2313 365 2369 extulit,
390 2316 477 2354 tres
504 2315 603 2353 sunt
629 2327 708 2366 res,
734 2315 781 2353 ut
807 2314 904 2353 ante
931 2312 1034 2354 dixi:
1060 2327 1146 2354 una
1172 2312 1535 2354 concih'andorum
