1643 2526
158 104 178 143 1
190 103 242 144 16
668 101 731 136 DE
758 100 982 136 ORATORE

87 197 277 239 1950isse.
339 196 475 246 Quem
506 196 621 238 enim
652 210 732 251 ego
765 196 983 238 consulem
1013 194 1158 248 fuisse,
1193 194 1496 249 imperatorem

157 259 355 297 ornatum
388 271 412 297 a
444 258 614 309 senatu,
651 257 850 296 ovantem
885 254 931 294 in
963 252 1224 307 Capitolium
1257 252 1494 294 ascendisse

155 314 463 368 meminissem,
510 313 624 354 hunc
670 327 767 354 cum
810 312 1029 353 adflictum
1072 311 1343 352 debilitatum
1386 325 1496 352 mae-

154 376 320 413 rentem
349 372 396 412 in
428 386 641 413 summum
672 370 898 412 discrimen
926 370 1157 411 adductum
1181 369 1380 424 viderem,
1408 383 1496 410 non

154 430 273 484 prius
317 445 412 471 sum
461 432 639 471 conatus
688 428 1024 470 misericordiam
1073 427 1167 468 aliis
1218 441 1495 480 commovere,
1514 443 1531 470 5

156 503 283 542 quam
320 487 613 529 misericordia
650 502 744 528 sum
780 487 870 541 ipse
909 489 1071 540 captus.
1139 484 1262 527 Sensi
1300 485 1496 539 equidem

154 550 249 587 tum
286 560 543 601 magnopere
582 545 743 586 moveri
779 545 958 599 iudices,
1001 558 1131 598 quom
1168 544 1350 585 excitavi
1387 557 1496 584 mae—

156 607 271 645 stum
303 619 352 646 ac
383 604 648 645 sordidatum
680 617 823 644 senem
855 606 898 644 et
929 617 1026 645 cum
1056 603 1142 643 ista
1171 602 1265 655 feci,
1297 616 1405 655 quae
1436 604 1496 656 tu,

157 660 327 716 Crasse,
363 662 531 716 laudas,
566 676 654 702 non
685 665 794 715 arte,
830 661 880 702 de
913 675 996 714 qua
1026 660 1127 714 quid
1158 660 1309 713 loquar
1339 659 1496 714 nescio,

157 721 229 761 sed
261 723 382 761 motu
413 733 570 775 magno
603 719 734 760 animi
767 734 815 760 ac
847 720 1004 773 dolore,
1040 722 1088 759 ut
1120 718 1401 759 discinderem
1432 721 1496 759 tu·
1516 736 1549 760 10

88 778 309 832 196nicam,
341 781 389 818 ut
421 778 639 819 cicatrices
673 778 950 818 ostenderem.
1001 776 1108 819 Cum
1135 775 1178 818 C.
1198 776 1360 817 Marius
1386 791 1495 817 mae-

156 850 296 877 rorem
344 836 548 877 orationis
598 850 716 876 meae
765 849 965 890 praesens
1015 849 1063 876 ac
1113 835 1261 876 sedens
1311 834 1495 875 multum

157 894 359 935 lacrumis
386 894 473 935 suis
500 893 719 935 adiuvaret
746 907 959 947 quomque
985 907 1064 947 ego
1090 892 1212 933 illum
1245 893 1394 933 crebro
1427 907 1496 947 ap-

154 952 319 1006 pellans
352 952 562 1007 collegam
593 952 631 992 ei
664 966 788 992 suum
819 952 1159 993 commendarem
1197 953 1323 1004 atque
1354 950 1494 1005 ipsum

156 1010 409 1051 advocatum
447 1010 499 1050 ad
539 1024 808 1051 communem
843 1010 1151 1063 imperatorum
1182 1009 1399 1050 fortunam
1430 1009 1496 1050 de·
1516 1025 1550 1051 15

156 1068 411 1109 fendendam
434 1068 690 1122 invocarem,
714 1082 801 1109 non
820 1068 903 1108 fuit
923 1067 1027 1109 haec
1047 1067 1137 1108 sine
1158 1067 1263 1108 meis
1283 1067 1497 1121 lacrumis,

155 1140 244 1167 non
275 1126 364 1167 sine
397 1126 542 1167 dolore
574 1140 730 1181 magno
763 1126 982 1166 miseratio
1016 1125 1289 1178 omniumque
1321 1126 1497 1166 deorum

157 1187 200 1225 et
225 1184 447 1225 hominum
474 1187 515 1224 et
542 1184 698 1225 civium
725 1186 767 1224 et
793 1183 1006 1225 sociorum
1030 1183 1288 1237 imploratio.
1333 1182 1496 1232 Quibus

159 1242 357 1283 omnibus
383 1242 537 1295 verbis,
568 1256 675 1295 quae
709 1257 732 1282 a
763 1256 829 1283 me
861 1245 955 1282 tum
988 1244 1087 1282 sunt
1116 1241 1277 1295 habita,
1309 1241 1345 1282 si
1376 1242 1497 1282 dolor

159 1300 338 1341 afuisset
377 1315 515 1354 meus,
553 1314 641 1341 non
677 1300 802 1340 modo
840 1314 926 1340 non
963 1299 1218 1340 miserabilis
1257 1300 1329 1340 sed
1365 1299 1496 1340 etiam
1516 1318 1550 1342 20

156 1358 378 1398 inridenda
409 1358 562 1399 fuisset
594 1357 731 1398 oratio
764 1372 869 1398 mea.
932 1356 1067 1405 Quam
1100 1358 1154 1398 ob
1186 1372 1276 1398 rem
1307 1357 1388 1398 hoc
1419 1371 1495 1398 vos

159 1417 302 1470 doceo,
334 1415 509 1470 Sulpici,
539 1416 677 1456 bonus
704 1430 783 1470 ego
809 1415 1007 1457 videlicet
1038 1419 1165 1469 atque
1197 1415 1386 1456 eruditus
1412 1430 1497 1456 ma-

158 1474 304 1529 gister,
335 1477 384 1515 ut
407 1474 454 1514 in
479 1474 655 1515 dicendo
680 1474 820 1527 irasci,
851 1477 899 1514 ut
926 1474 1079 1528 dolere,
1109 1477 1158 1514 ut
1183 1473 1282 1514 flere
1308 1473 1495 1527 possitis.

90 1533 428 1586 197Quamquam
460 1535 502 1573 te
535 1532 705 1586 quidem
738 1532 838 1585 quid
868 1532 950 1572 hoc
982 1533 1168 1585 doceam,
1200 1531 1271 1585 qui
1301 1532 1347 1572 in
1378 1546 1497 1573 accu-

159 1591 291 1631 sando
325 1590 460 1631 sodali
492 1604 587 1631 meo
619 1592 787 1630 tantum
818 1589 1060 1631 incendium
1090 1604 1177 1630 non
1209 1589 1400 1630 oratione
1433 1603 1496 1630 so·
1515 1607 1549 1633 25

157 1649 247 1689 lum
292 1648 364 1689 sed
408 1648 540 1688 etiam
576 1648 713 1688 multo
752 1648 889 1701 magis
926 1647 968 1687 vi
1006 1650 1048 1688 et
1085 1647 1231 1688 dolor&
1267 1650 1309 1688 et
1347 1647 1496 1689 ardore

159 1706 290 1746 animi
322 1706 572 1760 concitaras,
602 1708 651 1746 ut
682 1719 762 1760 ego
792 1706 844 1746 ad
874 1705 918 1745 id
948 1705 1299 1770 restinguendum
1329 1705 1400 1746 vix
1432 1720 1498 1748 co-

157 1778 283 1805 narer
320 1763 547 1805 accedere?
597 1763 819 1804 Habueras
860 1763 972 1804 enim
1013 1766 1061 1804 tu
1102 1763 1244 1804 omnia
1282 1764 1329 1804 in
1369 1778 1497 1805 causa

159 1822 396 1876 superiora:
439 1822 526 1862 vim
562 1821 711 1876 fugam
748 1821 1053 1875 lapidationem
1091 1821 1387 1863 crudelitatem
1423 1822 1497 1863 tri-

157 1880 373 1920 buniciam
415 1879 462 1920 in
505 1877 731 1934 Caepionis
776 1879 895 1934 gravi
938 1879 1254 1933 miserabilique
1304 1894 1404 1921 casu
1451 1880 1496 1921 in
1514 1898 1549 1923 30

156 1938 362 1979 iudicium
392 1938 594 1992 vocabas3
625 1937 774 1978 deinde
804 1937 1040 1991 principem
1064 1941 1107 1979 et
1133 1941 1305 1979 senatus
1331 1941 1375 1979 et
1399 1938 1497 1980 civi-

157 1996 262 2037 tatis
299 1995 355 2036 M.
388 1995 621 2037 Aemilium
657 1995 796 2050 lapide
835 2010 1084 2049 percussum
1125 2010 1216 2037 esse
1254 1997 1497 2051 constabat3

157 2054 201 2094 vi
243 2054 413 2108 pulsum
458 2068 479 2095 e
523 2054 682 2108 templo
695 2053 766 2119 0L.
800 2051 972 2094 Cottam
1010 2056 1053 2094 et
1088 2053 1134 2094 Τ.
1165 2054 1358 2108 Didium,
1400 2069 1496 2096 cum

88 2148 144 2188 48
158 2112 419 2153 intercedere
462 2111 621 2153 vellent
663 2111 896 2167 rogationi,
943 2126 1067 2153 nemo
1117 2115 1287 2166 poterat
1327 2126 1495 2167 negare.

159 2170 402 2211 Accedebat
432 2172 481 2210 ut
511 2170 615 2211 haec
646 2173 695 2211 tu
727 2170 971 2211 adulescens
1002 2184 1079 2224 pro
1105 2184 1150 2211 re
1174 2170 1346 2224 publica
1377 2169 1496 2223 queri
1514 2187 1548 2212 35

90 2215 325 2269 198summa
345 2242 442 2269 cum
461 2227 671 2283 dignitate
697 2228 1000 2282 existimarere,
1025 2241 1104 2283 ego
1129 2228 1258 2270 homo
1279 2228 1495 2269 censorius

158 2285 230 2327 vix
267 2286 371 2328 satis
409 2285 588 2327 honeste
626 2286 791 2328 viderer
827 2285 1078 2327 seditiosum
1110 2286 1244 2328 civem
1276 2289 1318 2327 et
1348 2286 1393 2326 in
1422 2286 1497 2327 ho-
