1643 2526
391 88 534 123 LIBER
558 87 585 124 Ι.
635 87 735 123 CAP.
765 90 914 123 17—18.
952 91 970 130 ξ,
1000 90 1149 122 74-83.
1384 86 1437 128 19

98 183 284 239 negotiis
310 198 377 225 res
402 184 496 238 ipsa
522 186 619 224 ante
647 182 842 237 confecit,
873 197 1000 236 quam
1026 196 1248 237 possemus
1275 181 1437 235 aliquid

100 243 150 283 de
170 242 296 283 rebus
316 242 449 283 tantis
470 241 705 296 suspicari?
738 240 860 290 Quod
886 241 922 281 si
947 241 1028 282 tibi
1053 243 1223 282 tantum
1247 240 1293 281 in
1311 239 1437 281 nobis
1465 250 1507 281 79

100 300 267 341 videtur
287 314 391 354 esse,
417 300 570 353 quibus
590 299 758 340 etiamsi
782 299 1015 354 ingenium,
1040 302 1088 341 ut
1113 302 1161 340 tu
1186 301 1327 353 putas,
1351 312 1439 339 non

100 373 295 400 maxume
321 358 468 412 defuit,
493 358 686 399 doctrina
706 361 817 399 certe
837 360 880 398 et
901 357 1038 398 otium
1058 360 1100 399 et
1118 357 1288 399 hercule
1309 356 1438 398 etiam

66 434 81 460 5
101 416 289 458 studium
318 416 425 457 illud
457 416 643 457 discendi
676 415 928 457 acerrimum
960 416 1107 469 defuit,
1145 415 1247 469 quid
1279 429 1440 469 censes,

102 475 137 516 si
169 475 221 515 ad
253 474 431 516 alicuius
461 474 683 529 ingenium
714 474 781 515 vel
812 474 949 515 maius
981 474 1068 528 illa,
1100 488 1206 528 quae
1239 487 1319 528 ego
1350 487 1439 514 non

101 533 240 587 attigi,
272 533 539 587 accesserint,
571 533 739 586 qualem
769 532 891 573 illum
918 535 960 573 et
985 535 1193 586 quantum
1226 534 1439 573 oratorem

101 591 322 633 futurum?

218 649 327 689 Tum
358 648 585 703 Antonius,
616 648 779 690 Probas
812 648 930 702 mihi,
963 648 1116 702 inquit,
1146 648 1243 703 ista,
1274 646 1440 702 Crasse,

50 726 83 751 ιο
103 722 209 762 quae
248 707 372 761 dicis,
410 721 488 748 nec
526 707 675 748 dubito
714 707 817 760 quin
854 707 989 747 multo
1021 706 1277 760 locupletior
1306 706 1352 746 in
1383 706 1440 746 di-

101 766 232 807 cendo
258 766 428 807 futurus
455 765 523 819 sit,
554 765 590 806 si
616 765 711 819 quis
739 765 929 806 omnium
953 765 1096 806 rerum
1128 768 1255 818 atque
1283 764 1440 806 artium

101 825 312 865 rationem
347 826 630 877 naturamque
669 823 992 879 comprenderit.
1057 822 1139 864 Sed
1175 823 1362 877 primum
1395 822 1439 863 id
1466 832 1508 863 81

102 882 274 923 difficile
312 885 377 922 est
415 881 551 936 factU,
590 882 841 935 praesertim
878 881 923 921 in
959 882 1039 922 hac
1070 884 1220 922 nostra
1249 880 1338 922 vita
1369 895 1442 921 no-

104 941 286 994 strisque
319 940 689 993 occupationibus3
734 939 881 980 deinde
913 939 1019 980 illud
1051 939 1180 980 etiam
1212 939 1441 980 verendum

50 1016 83 1041 15
103 1002 168 1040 est
207 1013 259 1039 ne
301 997 601 1039 abstrahamur
638 998 690 1039 ab
728 998 808 1038 hac
847 997 1151 1038 exercitatione
1189 1000 1232 1038 et
1268 1011 1442 1038 consue-

102 1057 248 1098 tudine
286 1055 451 1097 dicendi
488 1056 685 1110 populari
723 1059 766 1096 et
796 1055 967 1096 forensi.
1031 1055 1160 1096 Aliud
1192 1055 1305 1095 enim
1336 1054 1442 1095 mihi

103 1115 316 1168 quoddam
343 1114 548 1155 orationis
577 1128 709 1168 genus
730 1128 821 1154 esse
841 1114 1009 1155 videtur
1034 1127 1182 1154 eorum
1207 1113 1443 1167 hominum,
1497 1158 1503 1160 ,

103 1174 151 1214 de
191 1173 344 1226 quibus
382 1172 510 1226 paulo
550 1174 647 1213 ante
685 1172 849 1226 dixisti,
887 1172 1080 1225 quamvis
1116 1172 1181 1212 illi
1219 1174 1366 1212 ornate
1400 1175 1443 1212 et

104 1231 291 1286 graviter
328 1234 402 1271 aut
440 1231 489 1271 de
520 1233 676 1271 natura
706 1245 849 1271 rerum
880 1233 954 1271 aut
989 1230 1038 1271 de
1076 1230 1274 1270 humanis
1312 1230 1439 1270 rebus

51 1307 84 1332 20
102 1289 344 1342 loquantur.
405 1287 602 1329 Nitidum
636 1288 848 1341 quoddam
881 1302 1015 1343 genus
1047 1291 1112 1329 est
1145 1288 1369 1329 verborum
1401 1290 1443 1328 et

102 1348 275 1401 laetum,
306 1349 348 1387 et
379 1346 617 1399 palaestrae
645 1346 782 1400 magis
809 1349 851 1387 et
877 1346 959 1387 olei
986 1361 1113 1399 quani
1143 1346 1270 1386 huius
1304 1345 1440 1387 civilis

103 1406 253 1446 turbae
286 1419 334 1445 ac
365 1404 458 1444 fori.
520 1403 715 1458 Namque
748 1407 936 1459 egomet,
975 1404 1047 1457 qui
1085 1418 1179 1444 sero
1212 1419 1260 1445 ac
1292 1403 1442 1444 leviter
1467 1413 1511 1445 82

105 1463 288 1504 Graecas
319 1462 486 1503 litteras
513 1462 767 1517 attigissem,
799 1466 944 1502 tamen
976 1476 1104 1515 quom
1135 1462 1364 1515 proconsul
1396 1461 1442 1501 in

104 1520 298 1562 Ciliciam
322 1520 595 1574 proficiscens
622 1520 833 1561 venissem
852 1520 1058 1573 Athenas,
1084 1520 1322 1573 complures
1349 1523 1442 1560 tum

52 1596 84 1622 25
102 1580 164 1620 ibi
196 1579 284 1620 dies
316 1593 411 1620 sum
441 1581 617 1632 propter
653 1578 883 1633 navigandi
921 1578 1220 1619 difficultatem
1259 1592 1443 1618 commo-

103 1640 240 1692 ratus,
272 1637 357 1691 sed,
377 1651 472 1678 cum
493 1636 647 1678 cotidie
668 1651 835 1677 mecum
854 1636 1056 1677 haberem
1075 1636 1269 1677 homines
1290 1635 1444 1677 doctis-

104 1696 249 1750 simos,
279 1709 351 1736 eos
376 1695 463 1735 fere
489 1694 618 1749 ipsos,
652 1695 724 1749 qui
756 1695 831 1735 abs
860 1697 903 1735 te
929 1695 1054 1735 modo
1088 1697 1188 1735 sunt
1219 1694 1444 1748 nominati,

105 1768 234 1808 quom
273 1754 355 1794 hoc
394 1753 538 1794 nescio
578 1767 660 1806 quo
701 1753 826 1793 modo
866 1753 977 1806 apud
1015 1767 1087 1793 eos
1125 1752 1445 1806 increbruisset,

104 1827 171 1853 me
208 1812 254 1852 in
291 1811 429 1852 causis
467 1811 700 1852 maioribus
739 1811 866 1852 sicuti
904 1814 947 1851 te
980 1811 1115 1851 solere
1146 1810 1325 1864 versari,
1364 1824 1444 1864 pro

52 1886 87 1911 30
106 1885 150 1911 se
182 1869 359 1923 quisque
390 1871 438 1909 ut
467 1872 637 1923 poterat
663 1869 712 1910 de
740 1869 882 1910 officio
909 1872 951 1909 et
977 1869 1027 1909 de
1059 1868 1225 1909 ratione
1259 1868 1442 1909 oratoris

105 1927 360 1982 disputabat.
422 1926 589 1968 Horum
620 1927 710 1981 alii,
748 1927 874 1968 sicuti
911 1927 993 1967 iste
1030 1927 1122 1980 ipse
1154 1925 1444 1980 Mnesarchus,
1470 1937 1513 1968 83

103 1986 201 2040 hos,
239 1999 344 2039 quos
376 1999 454 2026 nos
487 1988 678 2026 oratores
711 1999 978 2038 vocaremus,
1011 1985 1119 2025 nihil
1151 1999 1242 2025 esse
1275 1984 1444 2026 dicebat

103 2044 187 2085 nisi
208 2043 413 2098 quosdam
439 2043 655 2097 operarios
680 2043 830 2098 lingua
856 2043 981 2084 celeri
1001 2045 1044 2084 et
1069 2043 1319 2097 exercitata,
1352 2056 1442 2083 ora-

106 2105 244 2143 torem
280 2104 440 2155 auteni,
479 2101 562 2142 nisi
600 2101 673 2154 qui
712 2101 880 2155 sapiens
919 2104 1049 2155 esset,
1090 2115 1180 2142 esse
1217 2101 1444 2154 neminem,

54 2176 87 2201 35
107 2163 233 2214 atque
263 2159 402 2213 ipsam
434 2159 733 2213 eloquentiam,
765 2159 876 2212 quod
909 2173 959 2199 ex
984 2159 1090 2200 bene
1117 2158 1282 2200 dicendi
1315 2158 1445 2199 scien-

107 2218 168 2259 tia
205 2220 439 2271 constaret,
478 2232 607 2258 unam
648 2217 860 2271 quandam
901 2231 991 2258 esse
1029 2217 1232 2258 virtutem
1270 2219 1331 2270 et,
1372 2215 1444 2268 qui

107 2290 236 2317 unam
262 2275 464 2317 virtutem
488 2275 680 2330 haberet,
706 2275 844 2317 omnis
869 2275 1026 2316 habere
1047 2289 1200 2328 easque
1222 2288 1312 2315 esse
1332 2273 1446 2314 inter

1122 2342 1169 2376 2*

1456 624 1509 665 18

1466 692 1510 723 80
