1643 2526
516 99 617 135 CAP.
644 103 793 135 40—42.
843 103 863 142 ἓ
891 103 1074 134 146-155
1381 101 1466 142 261

127 195 271 234 autem
303 195 345 234 et
378 196 426 235 tu
463 194 597 248 probe
636 194 740 236 dicis
779 197 822 235 et
859 208 939 250 ego
984 194 1123 236 dicam
1161 195 1274 249 quod
1318 195 1466 236 sentio.

126 250 226 292 Non
258 251 372 292 enim
402 252 527 293 facile
555 267 681 307 quem
707 252 885 294 dixerim
916 252 1012 307 plus
1046 253 1160 294 studi
1187 267 1315 307 quam
1345 254 1468 294 illum

127 312 169 350 et
209 309 261 350 ad
299 309 522 351 dicendum
561 314 603 352 et
641 311 694 352 ad
731 310 869 353 omnis
920 311 1131 352 bonarum
1166 326 1309 352 rerum
1347 311 1468 353 disei-

125 367 262 421 plinas
296 368 553 410 adhibuisse.
614 368 727 410 Nam
759 371 802 410 et
831 370 878 409 in
913 369 1049 410 isdem
1087 370 1464 411 exercitationibus

90 444 105 468 5
125 426 297 467 ineunte
323 430 462 468 aetate
488 426 647 468 fuimus
671 430 713 468 et
738 429 890 481 postea
914 442 998 468 una
1017 427 1218 468 Rhodum
1242 428 1315 469 ille
1336 428 1466 469 etiam

73 734 106 759 10

74 1026 106 1049 15

73 1316 106 1340 20

75 1896 109 1920 30

14 2183 108 2210 ‘35

124 484 341 538 profectus
374 488 451 539 est,
483 499 567 539 quo
599 485 750 526 melior
781 488 894 526 esset
926 488 969 526 et
1000 485 1183 540 doetior3
1215 489 1258 527 et
1287 485 1385 527 inde
1416 489 1465 527 ut

124 542 269 597 rediit,
305 542 473 584 videtur
510 543 616 584 mihi
647 543 693 584 in
724 544 907 585 secunda
939 546 1030 584 arte
1061 545 1224 597 primus
1258 559 1348 585 esse
1380 559 1467 585 ma—

124 600 253 642 luisse
287 616 414 655 quam
444 602 490 642 in
520 602 658 656 prima
690 602 909 643 secundus.
970 601 1112 656 Atque
1144 602 1259 642 haud
1290 602 1378 643 3610
1412 616 1466 643 an

125 673 202 712 par
244 659 511 713 principibus
552 674 643 701 esse
682 660 912 714 potuisset3
958 660 1030 701 sed
1076 660 1256 701 fortasse
1301 660 1467 714 maluit,

126 717 168 757 id
189 717 302 770 quod
327 721 393 758 est
419 718 609 773 adeptus,
639 718 766 773 longe
794 718 986 759 omnium
1010 732 1098 759 non
1124 718 1313 760 eiusdem
1338 719 1464 759 modo

125 775 299 830 aetatis,
342 777 414 817 sed
452 790 599 817 eorum
636 776 765 817 etiam
803 776 876 830 qui
917 776 1098 818 fuissent
1138 776 1184 817 in
1220 776 1311 817 iure
1351 776 1465 818 civili

126 848 215 874 esse
248 834 456 888 princeps.
511 834 593 875 Hic
625 835 802 875 Brutus:
834 835 920 876 Ain
950 835 1028 876 tu‘?
1058 834 1211 888 inquit.
1263 834 1533 876 Etiamne152

126 891 172 940 Q.
207 890 432 933 Scaevolae
467 891 660 934 Servium
696 895 892 934 nostrum
931 892 1185 947 anteponis?
1236 891 1305 934 Sic
1340 893 1466 947 enim,

124 950 318 1004 inquam,
355 950 506 1005 Brute,
543 950 758 1005 existimo,
797 950 903 992 iuris
936 951 1072 992 civilis
1106 965 1309 1005 inagnum
1340 966 1466 992 usum

126 1011 169 1049 et
202 1009 312 1062 apud
345 1008 593 1050 Scaevolam
631 1012 673 1050 et
711 1009 824 1063 apud
860 1009 1019 1050 multos
1058 1009 1208 1063 fuisse,
1248 1012 1384 1049 artem
1420 1009 1466 1049 in

124 1066 205 1107 hoe
231 1081 335 1121 uno,
367 1067 479 1120 quod
504 1081 738 1121 numquam
764 1067 974 1108 effecisset
992 1067 1127 1121 ipsius
1148 1066 1253 1108 iuris
1275 1067 1466 1121 scientia,

123 1124 208 1165 nisi
240 1139 333 1166 eam
364 1128 584 1179 praeterea
615 1125 833 1166 didicisset
865 1128 1014 1179 artem,
1045 1139 1152 1179 quae
1179 1125 1349 1166 doceret
1375 1139 1465 1165 rem

124 1182 366 1224 universam
398 1183 586 1224 tribuere
618 1183 663 1224 in
693 1183 848 1238 partis,
886 1183 1094 1225 latentem
1126 1183 1336 1236 explicare
1369 1183 1467 1224 defi·
1499 1208 1506 1211 -

125 1241 300 1295 niendo,
343 1241 568 1282 obscuram
611 1243 837 1295 explanare
880 1241 1220 1296 interpretando,
1263 1241 1466 1296 ambigua

125 1298 310 1353 primum
346 1299 506 1353 videre,
544 1300 692 1340 deinde
730 1300 1011 1354 distinguere,
1052 1302 1270 1353 postremo
1308 1299 1465 1340 habere

126 1357 330 1411 regulam,
362 1372 445 1410 qua
469 1372 568 1398 vera
594 1360 636 1398 et
660 1357 770 1398 falsa
793 1358 1084 1399 iudicarentur
1109 1361 1151 1398 et
1177 1371 1283 1410 quae
1311 1357 1465 1410 quibus

126 1415 358 1469 propositis
402 1418 544 1456 essent
589 1430 778 1469 quaeque
827 1430 915 1456 non
964 1418 1106 1456 essent
1150 1415 1464 1468 consequentia.

126 1472 208 1514 Hic
247 1473 359 1514 enim
397 1473 552 1514 adtulit
588 1474 697 1515 hanc
736 1476 871 1514 artem
910 1474 1100 1514 omnium
1141 1473 1298 1514 artium
1318 1484 1535 1514 maizu-153

127 1546 240 1572 mam
278 1531 399 1584 quasi
436 1531 575 1573 lucem
612 1532 664 1572 ad
703 1546 769 1586 ea,
809 1546 916 1585 quae
955 1531 1129 1572 confuse
1167 1531 1219 1571 ab
1259 1530 1353 1571 aliis
1392 1535 1466 1572 aut

73 1605 103 1630 :.‘
126 1589 492 1643 respondebantur
511 1592 585 1630 aut
606 1590 854 1644 agebantur.
885 1589 1168 1630 Dialecticam
1186 1589 1290 1629 mihi
1310 1589 1465 1629 videris
1479 1590 1536 1630 42

126 1647 275 1701 dicere,
304 1647 457 1700 inquit.
517 1647 663 1702 Recte,
692 1647 879 1701 inquam,
909 1647 1143 1702 intellegis3
1175 1647 1248 1688 sed
1274 1646 1467 1687 adiunxit

127 1705 256 1746 etiam
287 1708 330 1746 et
360 1705 602 1746 litterarum
633 1705 857 1747 scientiam
888 1708 932 1746 et
962 1705 1163 1759 loquendi
1196 1704 1469 1759 elegantiam,

128 1778 235 1816 quae
267 1777 317 1804 ex
349 1763 519 1817 scriptis
552 1764 661 1818 eius,
702 1778 884 1818 quorum
915 1763 1073 1805 similia
1102 1763 1221 1804 nulla
1253 1765 1371 1816 sunt,
1408 1762 1467 1803 fa-

129 1821 283 1862 cillime
314 1821 498 1874 perspici
528 1824 684 1875 potest.
747 1821 938 1875 Cumque
976 1821 1164 1863 discendi
1201 1835 1330 1862 causa
1367 1821 1536 1862 duo-154

130 1879 208 1919 bus
252 1879 537 1932 peritissumis
582 1893 754 1933 operam
798 1880 1001 1934 dedisset,
1046 1879 1092 1920 L.
1124 1878 1290 1920 Lucilio
1328 1878 1466 1919 Balbo

129 1936 174 1978 C.
206 1936 382 1989 Aquilio
421 1935 562 1978 Gallo:
613 1937 726 1978 Galli
768 1938 955 1979 hominis
1001 1937 1115 1978 acuti
1159 1940 1202 1978 et
1245 1937 1467 1978 exercitati

127 1997 371 2048 promptam
408 1997 450 2035 et
489 1998 684 2048 paratam
726 1996 773 2036 in
810 1995 974 2050 agendo
1013 1999 1055 2036 et
1090 1995 1137 2035 in
1173 1995 1466 2048 respondendo

129 2052 391 2093 celeritatem
432 2052 671 2095 subtilitate
713 2054 1019 2108 diligentiaque
1058 2053 1292 2107 superavit3
1340 2052 1466 2093 Balbi

129 2110 243 2151 docti
281 2113 323 2150 et
361 2110 515 2150 eruditi
555 2110 741 2152 hominis
777 2112 823 2152 111
859 2114 1040 2165 utraque
1078 2126 1123 2151 re
1156 2111 1467 2152 consideratam

128 2168 376 2208 tarditatem
402 2167 506 2208 vicit
530 2169 798 2222 expediendis
825 2169 1181 2222 conficiendisque
1212 2169 1351 2209 rebus.
1397 2166 1466 2208 Sic

129 2229 172 2266 et
213 2225 361 2279 habet,
406 2225 519 2278 quod
562 2229 739 2280 uterque
784 2241 930 2268 eorum
973 2226 1142 2281 habuit,
1186 2230 1228 2267 et
1271 2225 1467 2279 explevit,

129 2284 243 2337 quod
273 2283 441 2337 utrique
474 2283 618 2324 defuit.
680 2286 829 2338 ltaque
860 2288 909 2326 ut
941 2284 1120 2327 Crassus
1161 2284 1266 2325 mihi
1297 2283 1536 2324 videtur155
