1643 2526
94 497 138 528 22

114 603 140 644 6

98 1078 141 1109 23

98 1425 145 1457 24

101 2064 144 2095 25

165 101 188 142 7
193 101 220 142 2
670 100 734 134 DE
763 99 987 135 ORATORE

161 200 308 239 tamen
349 210 498 237 eorum
538 194 754 236 auditores
799 195 965 236 discum
1009 194 1153 235 audire
1200 208 1328 248 quam
1366 193 1502 248 philo-

164 255 346 310 sophum
390 254 573 307 malunt3
622 253 694 307 qui
738 253 868 294 simul
911 256 959 294 ut
1000 252 1234 307 increpuit,
1274 252 1322 293 in
1364 251 1504 293 media

164 313 356 354 oratione
395 313 445 353 de
482 311 693 352 maxumis
730 312 858 352 rebus
897 314 940 352 et
972 310 1253 365 gravissumis
1286 310 1504 364 disputan-

163 374 252 412 tem
287 371 594 425 philosophum
631 384 777 410 omnes
819 369 1034 410 unctionis
1077 384 1205 410 causa
1244 368 1502 422 relinquont.

163 430 232 471 Ita
279 428 541 470 levissimam
587 428 913 468 delectationem
965 427 1274 482 gravissumae,
1321 429 1371 467 ut
1418 426 1503 480 ipsi
1523 441 1539 467 5

163 487 320 542 ferunt,
350 486 531 528 utilitati
563 489 838 540 anteponunt.
901 485 1048 526 Otium
1079 489 1223 526 autem
1254 485 1367 539 quod
1398 484 1504 526 dicis

166 560 271 599 esse,
301 545 536 595 adsentior3
567 558 714 585 verum
741 544 818 584 otii
845 543 1010 585 fructus
1037 547 1102 585 est
1128 543 1259 584 animi
1289 557 1377 584 non
1408 556 1503 584 con—

166 603 302 645 tentio
348 603 421 644 sed
463 602 683 643 relaxatio.
753 601 886 656 Saepe
928 617 979 643 ex
1022 616 1169 643 socero
1213 616 1307 642 meo
1349 600 1504 655 audivi,

167 676 296 716 quom
333 661 370 702 is
409 660 567 702 diceret
606 675 799 702 socerum
838 675 962 701 suum
992 659 1186 701 Laelium
1219 674 1385 713 semper
1415 659 1503 699 fere

167 734 263 761 cum
305 718 502 773 Scipione
544 719 720 759 solitum
759 719 958 759 rusticari
1001 733 1156 772 eosque
1197 717 1504 759 incredibiliter
1524 731 1557 757 10

166 792 460 832 repuerescere
493 791 584 817 esse
617 777 781 831 solitos,
816 791 945 830 quom
975 791 1047 817 rus
1081 791 1131 817 ex
1162 777 1266 817 urbe
1298 778 1504 828 tanquam

166 850 188 877 e
220 835 371 877 vinclis
412 835 707 876 evolavissent.
774 834 873 875 Non
911 835 1044 875 audeo
1082 835 1219 875 dicere
1258 834 1307 874 de
1344 833 1504 874 talibus

166 893 287 948 viris,
325 893 398 934 sed
434 896 579 933 tamen
609 893 672 934 ita
710 892 819 933 solet
855 907 1027 933 narrare
1062 891 1282 946 Scaevola,
1320 891 1503 933 conchas

167 966 239 993 eos
272 955 314 992 et
344 951 571 992 umbilicos
605 951 656 991 ad
689 949 881 991 Caietam
913 954 955 991 et
988 951 1040 991 ad
1070 950 1333 991 Laurentum
1363 950 1504 1004 legere

168 1024 394 1051 consuesse
426 1012 469 1050 et
500 1010 552 1050 ad
585 1023 753 1050 omnem
786 1009 916 1050 animi
947 1009 1242 1050 remissionem
1273 1008 1503 1061 ludumque
1525 1021 1559 1047 15

168 1068 430 1109 descendere.
494 1066 563 1108 Sic
605 1067 716 1107 enim
758 1082 823 1107 res
863 1081 953 1107 sese
991 1067 1140 1121 habet,
1182 1070 1248 1121 ut,
1290 1081 1415 1120 quem
1455 1066 1507 1106 ad

167 1126 341 1167 modum
369 1125 553 1166 volucris
580 1125 773 1166 videmus
806 1125 1115 1178 procreationis
1147 1128 1272 1178 atque
1304 1124 1505 1165 utilitatis

169 1198 269 1225 suae
291 1198 419 1225 causa
439 1183 640 1237 effingere
667 1186 709 1223 et
730 1186 976 1224 construere
996 1183 1131 1237 nidos,
1156 1183 1326 1223 easdem
1352 1185 1508 1236 autem,

169 1256 298 1296 quom
325 1241 485 1295 aliquid
511 1241 737 1294 effecerint,
768 1241 935 1282 levandi
967 1241 1128 1282 laboris
1162 1241 1227 1281 sui
1255 1255 1382 1282 causa
1412 1255 1506 1294 pas-

169 1300 251 1341 sim
283 1315 331 1341 ac
361 1300 494 1340 libere
527 1299 688 1340 solutas
723 1313 847 1353 opere
880 1299 1072 1353 volitare,
1112 1299 1173 1340 sic
1204 1298 1342 1340 nostri
1374 1298 1505 1339 animi
1525 1313 1560 1338 20

167 1358 354 1413 negotiis
379 1357 621 1398 forensibus
648 1360 775 1422 atque
801 1358 965 1398 urbano
990 1371 1114 1411 opere
1137 1357 1291 1398 defessi
1318 1357 1508 1412 gestiant

171 1431 219 1457 ac
245 1416 425 1457 volitare
453 1416 626 1469 cupiant
652 1415 774 1456 vacui
807 1431 909 1457 cura
941 1431 988 1457 ac
1019 1416 1176 1457 labore.
1226 1415 1377 1468 Itaque
1402 1415 1508 1455 illud

170 1488 267 1529 ego,
299 1474 411 1529 quod
441 1473 488 1514 in
519 1488 647 1514 causa
679 1472 865 1514 Cuiiana
900 1473 1128 1515 Scaevolae
1161 1473 1266 1529 dixi
1301 1487 1389 1514 non
1421 1472 1507 1513 dixi

170 1547 290 1574 secus
335 1547 383 1573 ac
428 1532 674 1572 sentiebam.
750 1532 883 1573 Nam
921 1532 977 1573 si'
986 1532 1226 1585 ‚inquam‚
1255 1507 1508 1585 ‘Scaevola

168 1591 334 1631 nullum
375 1590 457 1630 erit
493 1592 799 1630 testamentum
839 1593 953 1630 recte
989 1589 1152 1631 factum
1188 1589 1272 1630 nisi
1310 1589 1422 1642 quod
1459 1564 1508 1629 tu’
1527 1604 1560 1629 25

171 1648 411 1702 scripseris,
449 1661 594 1688 omnes
633 1647 686 1687 ad
722 1650 764 1688 te
803 1648 914 1688 cives
953 1662 1049 1688 cum
1086 1647 1245 1688 tabulis
1277 1647 1509 1700 veniemus,

173 1706 364 1746 omnium
406 1708 665 1746 testamenta
705 1708 753 1746 tu
795 1705 954 1746 scribes
995 1720 1115 1746 unus.
1178 1704 1289 1753 Quid
1327 1705 1483 1760 igitur
1471 1704 1506 1736 9’

169 1763 363 1817 inquam,
406 1762 591 1816 quando
633 1777 733 1818 ages
774 1763 996 1818 negotium
1039 1763 1287 1817 publicum?
1338 1763 1506 1818 quando

171 1821 434 1863 amicorum?
467 1821 633 1874 quando
654 1821 805 1862 tuum?
840 1822 1007 1886 quando
1029 1821 1208 1875 denique
1227 1821 1338 1862 nihil
1358 1836 1482 1876 ages.
1470 1820 1507 1852 9’

170 1879 278 1921 Tum
309 1879 415 1920 illud
447 1879 605 1920 addidi·
652 1878 780 1919 ‘Mihi
819 1879 932 1921 enim
962 1879 1071 1920 libe1
1102 1894 1192 1920 esse
1224 1894 1312 1920 non
1342 1880 1509 1920 videtur
1528 1895 1563 1921 30

171 1937 244 1991 qui
274 1951 361 1978 non
393 1937 621 1990 aliquando
653 1937 762 1978 nihil
794 1937 910 1992 agit.’
972 1937 1024 1978 In
1050 1952 1132 1991 qua
1163 1952 1403 1992 permaneO,
1435 1937 1511 1979 Ca-

169 1995 276 2048 tule,
317 1996 530 2036 sententia
572 2009 741 2050 meque,
783 2010 913 2049 quom
955 1995 1038 2036 huc
1083 1996 1197 2049 veni,
1244 1996 1325 2037 hoc
1368 1996 1510 2050 ipsum

170 2053 279 2094 nihil
311 2067 435 2108 agere
469 2056 511 2094 et
543 2053 667 2107 plane
695 2068 858 2094 cessare
885 2053 1078 2095 delectat.
1141 2053 1265 2107 Nam,
1298 2054 1411 2107 quod
1442 2054 1511 2094 ad-

170 2111 316 2152 didisti
347 2111 535 2165 tertium⁷
565 2125 641 2152 vos
674 2126 765 2152 esse
798 2126 869 2153 eos
903 2112 976 2165 qui
1007 2112 1142 2153 vitam
1173 2112 1394 2153 insuavem
1420 2112 1510 2152 sine

169 2169 236 2211 his
276 2169 428 2210 studiis
466 2169 697 2223 putaretis,
738 2170 783 2210 id
819 2184 885 2211 me
918 2184 1005 2210 non
1036 2170 1162 2211 modo
1193 2184 1281 2211 non
1310 2170 1509 2211 hortatur
1528 2185 1562 2212 35

171 2228 224 2269 ad
255 2227 572 2282 disputandum,
605 2228 677 2268 sed
709 2228 841 2269 etiam
873 2228 1068 2268 deterret.
1130 2228 1244 2269 Nam
1274 2231 1323 2269 ut
1354 2226 1398 2269 C.
1429 2227 1512 2268 Lu-

171 2285 293 2328 cilius
330 2286 460 2326 homo
501 2288 543 2326 et
585 2285 734 2327 doctus
778 2289 821 2327 et
861 2286 1127 2340 perui-banus
1168 2287 1305 2328 dicere
1346 2286 1512 2328 solebat
