1643 2526
149 114 234 155 190
658 112 721 145 DE
749 111 972 146 ORATORE

147 208 265 250 sibus
308 208 473 249 dicendi
514 207 625 248 ratio
668 210 710 248 et
751 206 874 261 copia
913 206 1150 260 petebatur.
1220 205 1285 246 De
1326 205 1485 246 virtute

148 267 273 320 enim,
305 267 354 307 de
387 266 541 319 officio,
574 266 623 306 de
657 279 791 320 aequo
825 268 866 305 et
897 264 1024 318 bono,
1056 264 1105 304 de
1131 263 1341 318 dignitate
1372 263 1485 304 utili-

147 328 236 366 tate
268 325 430 366 honore
462 323 700 379 ignominia
724 323 915 377 praemio
941 336 1080 376 poena
1106 322 1402 375 similibusque
1434 322 1484 362 de

147 384 274 424 rebus
305 383 352 423 in
382 386 608 436 utramque
639 385 806 436 partem
845 380 1009 421 dicendi
1047 379 1211 420 animos
1250 383 1292 420 et
1323 380 1409 421 vim
1442 383 1485 420 et

79 444 285 484 108artem
317 441 473 482 habere
506 441 719 481 debemus.
782 438 864 480 Sed
896 438 1098 493 quoniam
1130 438 1179 478 de
1210 441 1359 479 nostra
1388 452 1484 492 pos·
1503 455 1522 480 5

110 520 115 525 ·
148 500 337 541 sessione
382 498 546 553 depulsi
587 499 634 539 in
676 512 807 552 parvo
852 500 895 538 et
939 510 987 537 eo
1031 496 1225 551 litigioso
1265 496 1482 550 praediolo

147 557 286 600 relicti
312 572 458 598 sumus
486 560 529 598 et
554 557 735 597 aliorum
755 555 925 610 patroni
951 552 1101 595 nostra
1126 557 1269 595 tenere
1289 554 1483 619 tuerique

146 630 234 657 non
263 616 496 670 potuimus,
528 615 581 656 ab
613 615 679 669 iis,
711 615 823 668 quod
848 612 1195 668 indignissimum
1227 615 1304 667 est,
1336 612 1408 666 qui
1439 612 1485 653 in

146 678 342 715 nostrum
373 673 679 728 patrimonium
708 673 966 726 irruperunt,
998 671 1109 725 quod
1136 685 1242 725 opus
1269 674 1333 711 est
1359 671 1483 712 nobis

78 756 133 797 28
150 736 404 774 mutuemur
1504 747 1539 771 lo

80 825 144 855 109
266 790 427 831 Dicunt
457 788 592 843 igitur
622 802 735 829 nunc
767 788 937 841 quidem
967 787 1051 841 illi⁷
1088 787 1160 840 qui
1193 801 1243 827 ex
1273 787 1484 841 particula

148 863 279 903 parva
321 848 440 888 urbis
485 862 533 887 ac
576 846 660 887 loci
703 860 860 887 nomen
907 846 1068 886 habent
1118 848 1160 885 et
1208 844 1483 899 Peripatetici

145 906 390 961 philosophi
435 908 509 946 aut
551 904 796 946 Academici
844 904 1138 957 nominantur,
1188 902 1290 944 olim
1340 906 1484 944 autem

145 968 320 1019 propter
339 963 538 1005 eximiam
557 978 700 1003 lerum
720 962 1001 1003 maximarum
1022 961 1243 1002 scientiam
1265 976 1289 1002 a
1309 960 1482 1002 Graecis

146 1022 309 1077 politici
340 1021 587 1076 philosophi
619 1020 821 1075 appellati
851 1020 1144 1061 universarum
1175 1034 1317 1060 rerum
1347 1019 1483 1074 publi·
1504 1036 1537 1061 15

147 1096 292 1122 earum
322 1080 495 1121 nomine
526 1079 808 1133 vocabantur,
846 1092 1015 1119 omnem
1047 1078 1214 1118 civilem
1246 1079 1483 1119 orationem

146 1139 192 1180 11]
222 1139 376 1179 horum
409 1138 614 1179 alterutro
648 1151 800 1192 genere
832 1136 1009 1189 versari,
1048 1139 1121 1176 aut
1153 1136 1202 1176 de
1233 1136 1356 1176 finita
1388 1150 1483 1178 con-

147 1197 356 1238 troversia
376 1196 502 1238 certis
523 1195 788 1249 temporibus
809 1209 857 1236 ac
877 1194 960 1235 reis
984 1194 1065 1235 hoc
1086 1194 1230 1234 modo:
1255 1193 1482 1235 Placeatne

147 1271 172 1296 a
204 1253 631 1309 Carthaginiensibus
665 1253 855 1307 captivos
887 1255 1057 1294 nostros
1089 1252 1265 1293 redditis
1299 1252 1387 1293 suis
1418 1267 1479 1293 re-

148 1313 370 1367 cuperari?
410 1315 483 1353 aut
519 1312 685 1352 infinite
724 1311 773 1352 de
805 1311 1002 1351 universo
1036 1325 1188 1365 genere
1222 1310 1482 1364 quaerentis:
1502 1328 1536 1352 20

147 1371 256 1420 Quid
276 1370 449 1411 omnino
470 1371 519 1411 de
540 1370 709 1424 captivo
737 1370 1009 1410 statuendum
1030 1383 1077 1409 ac
1104 1368 1372 1409 sentiendum
1398 1369 1483 1409 sit?

145 1429 288 1495 Atque
320 1430 474 1470 horum
506 1428 700 1482 superius
725 1428 831 1468 illud
858 1442 991 1482 genus
1018 1442 1190 1468 causam
1217 1430 1291 1467 aut
1317 1430 1483 1468 contro-

146 1487 328 1528 versiam
355 1487 571 1541 appellant
597 1501 772 1540 eamque
800 1486 951 1539 tribus,
975 1485 1050 1526 lite
1078 1488 1151 1525 aut
1178 1484 1482 1525 deliberatione

147 1550 220 1587 aut
251 1545 507 1599 laudatione
540 1544 763 1596 definiunt3
802 1544 906 1585 haec
945 1546 1088 1584 autem
1120 1543 1254 1583 altera
1286 1543 1480 1596 quaestio

146 1604 316 1644 infinita
371 1606 413 1644 et
470 1603 591 1656 quasi
639 1602 861 1656 proposita
917 1601 1175 1642 consultatio
1224 1601 1481 1642 nominatur.
1502 1619 1534 1643 25

79 1662 290 1715 110Atque
324 1661 546 1712 [hactenus
577 1660 825 1714 loquantur]
860 1659 989 1700 etiam
1020 1659 1099 1699 hac
1136 1658 1181 1699 in
1217 1659 1481 1700 instituendo

147 1720 354 1760 divisione
386 1721 577 1772 utuntur,
609 1718 681 1758 sed
711 1717 785 1771 ita,
815 1731 901 1757 non
932 1720 980 1757 ut
1011 1717 1101 1757 iure
1135 1719 1209 1757 aut
1238 1717 1409 1769 iudicio,
1440 1717 1481 1758 vi

147 1778 326 1831 denique
347 1790 594 1831 recuperare
621 1775 822 1816 amissam
847 1775 1174 1829 possessionem,
1200 1775 1273 1815 sed
1298 1778 1347 1815 ut
1374 1776 1481 1828 [iure

147 1836 279 1887 civili]
314 1835 483 1876 surculo
516 1834 792 1889 defringendo
830 1836 1034 1887 usurpare
1071 1833 1306 1874 videantur.
1368 1833 1482 1875 Nam

147 1895 251 1934 illud
290 1894 470 1934 alterum
509 1907 661 1948 genus,
699 1892 811 1945 quod
849 1894 913 1932 est
950 1891 1215 1945 temporibus
1255 1891 1361 1933 locis
1398 1892 1482 1933 reis
1502 1909 1536 1934 30

147 1952 382 2005 definitum,
409 1951 604 2005 optinent
625 1953 752 2004 atque
777 1949 857 1990 id
846 1964 987 2003 lpsum
1007 1949 1171 1990 lacinia.
1217 1949 1343 1991 Nunc
1370 1950 1483 1991 enim

148 2011 258 2065 apud
283 1986 520 2075 Philonem,
546 2023 671 2063 quem
695 2008 741 2048 in
766 2007 996 2048 Academia
1020 2007 1163 2062 vigere
1190 2008 1328 2062 audio,
1353 2009 1483 2049 etiam

147 2068 328 2109 harum
317 2083 403 2108 lam
424 2082 649 2109 causarum
669 2066 858 2121 cognitio
880 2065 1212 2119 exercitatioque
1234 2042 1481 2107 celebratur.

148 2126 345 2168 Alterum
387 2140 487 2166 vero
531 2125 827 2166 tantummodo
869 2123 915 2164 in
957 2124 1096 2178 prima
1139 2127 1229 2165 arte
1278 2125 1483 2165 tradenda

146 2184 371 2226 nominant
397 2187 439 2224 et
460 2183 642 2224 oratoris
669 2197 760 2223 esse
787 2182 950 2237 dicunt3
976 2182 1048 2222 sed
1072 2197 1209 2237 neque
1234 2182 1321 2223 vim
1345 2196 1481 2235 neque
1500 2198 1533 2224 35

146 2246 345 2284 naturam
390 2242 479 2283 eius
523 2256 601 2282 nec
644 2240 780 2294 partis
817 2254 894 2281 nec
934 2254 1089 2294 genera
1130 2243 1392 2295 proponunt,
1435 2243 1483 2280 ut

146 2300 370 2355 praeteriri
403 2299 575 2341 omnino
607 2298 738 2339 fuerit
769 2298 902 2339 satius
936 2312 1062 2352 quam
1095 2302 1304 2340 attactum
1336 2298 1482 2339 deseri.
