<?xml version="1.0" encoding="UTF-8"?>
<!DOCTYPE html PUBLIC "-//W3C//DTD XHTML 1.0 Transitional//EN"
    "http://www.w3.org/TR/xhtml1/DTD/xhtml1-transitional.dtd">
<html xmlns="http://www.w3.org/1999/xhtml" xml:lang="en" lang="en">
 <head>
  <title>
</title>
<meta http-equiv="Content-Type" content="text/html;charset=utf-8" />
  <meta name='ocr-system' content='tesseract 3.04.00' />
  <meta name='ocr-capabilities' content='ocr_page ocr_carea ocr_par ocr_line ocrx_word'/>
</head>
<body>
  <div class='ocr_page' id='page_1' title='image "./p2scriptaquaemanse01ciceuoft_0544.png"; bbox 0 0 1643 2526; ppageno 0'>
   <div class='ocr_carea' id='block_1_1' title="bbox 133 453 192 551">
    <p class='ocr_par' dir='ltr' id='par_1_1' title="bbox 133 453 192 551">
     <span class='ocr_line' id='line_1_1' title="bbox 138 453 192 493; baseline 0 0"><span class='ocrx_word' id='word_1_1' title='bbox 138 453 192 493; x_wconf 75' lang='lat'>10</span> 
     </span>
     <span class='ocr_line' id='line_1_2' title="bbox 133 522 177 551; baseline 0 0"><span class='ocrx_word' id='word_1_2' title='bbox 133 522 177 551; x_wconf 81' lang='lat'>41</span> 
     </span>
    </p>
   </div>
   <div class='ocr_carea' id='block_1_2' title="bbox 135 836 178 865">
    <p class='ocr_par' dir='ltr' id='par_1_2' title="bbox 135 836 178 865">
     <span class='ocr_line' id='line_1_3' title="bbox 135 836 178 865; baseline 0 0"><span class='ocrx_word' id='word_1_3' title='bbox 135 836 178 865; x_wconf 63' lang='lat'>42</span> 
     </span>
    </p>
   </div>
   <div class='ocr_carea' id='block_1_3' title="bbox 136 1185 180 1214">
    <p class='ocr_par' dir='ltr' id='par_1_3' title="bbox 136 1185 180 1214">
     <span class='ocr_line' id='line_1_4' title="bbox 136 1185 180 1214; baseline 0 0"><span class='ocrx_word' id='word_1_4' title='bbox 136 1185 180 1214; x_wconf 74' lang='lat'>43</span> 
     </span>
    </p>
   </div>
   <div class='ocr_carea' id='block_1_4' title="bbox 137 1593 181 1622">
    <p class='ocr_par' dir='ltr' id='par_1_4' title="bbox 137 1593 181 1622">
     <span class='ocr_line' id='line_1_5' title="bbox 137 1593 181 1622; baseline 0 0"><span class='ocrx_word' id='word_1_5' title='bbox 137 1593 181 1622; x_wconf 70' lang='lat'>44</span> 
     </span>
    </p>
   </div>
   <div class='ocr_carea' id='block_1_5' title="bbox 138 2000 181 2030">
    <p class='ocr_par' dir='ltr' id='par_1_5' title="bbox 138 2000 181 2030">
     <span class='ocr_line' id='line_1_6' title="bbox 138 2000 181 2030; baseline -0.023 0"><span class='ocrx_word' id='word_1_6' title='bbox 138 2000 181 2030; x_wconf 84' lang='lat'>45</span> 
     </span>
    </p>
   </div>
   <div class='ocr_carea' id='block_1_6' title="bbox 209 90 967 130">
    <p class='ocr_par' dir='ltr' id='par_1_6' title="bbox 209 90 967 130">
     <span class='ocr_line' id='line_1_7' title="bbox 209 90 967 130; baseline -0.007 0"><span class='ocrx_word' id='word_1_7' title='bbox 209 90 296 130; x_wconf 68' lang='lat'>434</span> <span class='ocrx_word' id='word_1_8' title='bbox 796 91 967 126; x_wconf 86' lang='lat' dir='ltr'><strong>TOPICA</strong></span> 
     </span>
    </p>
   </div>
   <div class='ocr_carea' id='block_1_7' title="bbox 203 185 1548 2336">
    <p class='ocr_par' dir='ltr' id='par_1_7' title="bbox 203 185 1546 471">
     <span class='ocr_line' id='line_1_8' title="bbox 204 185 1545 244; baseline 0.005 -19"><span class='ocrx_word' id='word_1_9' title='bbox 204 185 341 240; x_wconf 87' lang='lat' dir='ltr'>partis</span> <span class='ocrx_word' id='word_1_10' title='bbox 374 199 628 239; x_wconf 86' lang='lat' dir='ltr'>persequare</span> <span class='ocrx_word' id='word_1_11' title='bbox 659 185 741 227; x_wconf 88' lang='lat' dir='ltr'>hoc</span> <span class='ocrx_word' id='word_1_12' title='bbox 772 187 917 227; x_wconf 88' lang='lat' dir='ltr'>modo:</span> <span class='ocrx_word' id='word_1_13' title='bbox 951 185 996 228; x_wconf 83' lang='lat' dir='ltr'>Si</span> <span class='ocrx_word' id='word_1_14' title='bbox 1022 187 1144 228; x_wconf 92' lang='lat' dir='ltr'>dolus</span> <span class='ocrx_word' id='word_1_15' title='bbox 1176 188 1314 230; x_wconf 86' lang='lat' dir='ltr'>malus</span> <span class='ocrx_word' id='word_1_16' title='bbox 1340 192 1417 244; x_wconf 86' lang='lat' dir='ltr'>est,</span> <span class='ocrx_word' id='word_1_17' title='bbox 1448 205 1545 232; x_wconf 87' lang='lat' dir='ltr'>cum</span> 
     </span>
     <span class='ocr_line' id='line_1_9' title="bbox 206 243 1544 301; baseline 0.004 -18"><span class='ocrx_word' id='word_1_18' title='bbox 206 243 321 284; x_wconf 85' lang='lat' dir='ltr'>aliud</span> <span class='ocrx_word' id='word_1_19' title='bbox 353 243 496 298; x_wconf 80' lang='lat' dir='ltr'>agitur</span> <span class='ocrx_word' id='word_1_20' title='bbox 528 243 643 284; x_wconf 86' lang='lat' dir='ltr'>aliud</span> <span class='ocrx_word' id='word_1_21' title='bbox 681 244 925 299; x_wconf 87' lang='lat' dir='ltr'>simulatur,</span> <span class='ocrx_word' id='word_1_22' title='bbox 966 260 1212 287; x_wconf 85' lang='lat' dir='ltr'>enumerare</span> <span class='ocrx_word' id='word_1_23' title='bbox 1250 246 1351 288; x_wconf 86' lang='lat' dir='ltr'>licet</span> <span class='ocrx_word' id='word_1_24' title='bbox 1389 248 1544 301; x_wconf 89' lang='lat' dir='ltr'>quibus</span> 
     </span>
     <span class='ocr_line' id='line_1_10' title="bbox 203 301 1546 360; baseline 0.004 -19"><span class='ocrx_word' id='word_1_25' title='bbox 203 302 248 342; x_wconf 90' lang='lat' dir='ltr'>id</span> <span class='ocrx_word' id='word_1_26' title='bbox 279 302 416 342; x_wconf 87' lang='lat' dir='ltr'>modis</span> <span class='ocrx_word' id='word_1_27' title='bbox 448 302 544 355; x_wconf 86' lang='lat' dir='ltr'>fiat,</span> <span class='ocrx_word' id='word_1_28' title='bbox 581 301 729 343; x_wconf 91' lang='lat' dir='ltr'>deinde</span> <span class='ocrx_word' id='word_1_29' title='bbox 766 302 811 343; x_wconf 89' lang='lat' dir='ltr'>in</span> <span class='ocrx_word' id='word_1_30' title='bbox 843 317 991 344; x_wconf 88' lang='lat' dir='ltr'>eorum</span> <span class='ocrx_word' id='word_1_31' title='bbox 1024 304 1208 357; x_wconf 76' lang='lat' dir='ltr'>aliquem</span> <span class='ocrx_word' id='word_1_32' title='bbox 1239 304 1301 359; x_wconf 91' lang='lat' dir='ltr'>id,</span> <span class='ocrx_word' id='word_1_33' title='bbox 1338 306 1451 360; x_wconf 87' lang='lat' dir='ltr'>quod</span> <span class='ocrx_word' id='word_1_34' title='bbox 1483 321 1546 347; x_wconf 87' lang='lat' dir='ltr'>ar-</span> 
     </span>
     <span class='ocr_line' id='line_1_11' title="bbox 207 359 1546 420; baseline 0.005 -21"><span class='ocrx_word' id='word_1_35' title='bbox 207 374 312 415; x_wconf 81' lang='lat' dir='ltr'>guas</span> <span class='ocrx_word' id='word_1_36' title='bbox 345 359 442 400; x_wconf 94' lang='lat' dir='ltr'>dolo</span> <span class='ocrx_word' id='word_1_37' title='bbox 475 360 588 400; x_wconf 90' lang='lat' dir='ltr'>malo</span> <span class='ocrx_word' id='word_1_38' title='bbox 620 360 794 415; x_wconf 85' lang='lat' dir='ltr'>factum,</span> <span class='ocrx_word' id='word_1_39' title='bbox 833 361 1066 416; x_wconf 65' lang='lat' dir='ltr'>includere,</span> <span class='ocrx_word' id='word_1_40' title='bbox 1111 363 1224 416; x_wconf 91' lang='lat' dir='ltr'>quod</span> <span class='ocrx_word' id='word_1_41' title='bbox 1256 377 1389 418; x_wconf 83' lang='lat' dir='ltr'>genus</span> <span class='ocrx_word' id='word_1_42' title='bbox 1423 378 1546 420; x_wconf 84' lang='lat' dir='ltr'>argu-</span> 
     </span>
     <span class='ocr_line' id='line_1_12' title="bbox 206 418 1116 471; baseline 0.001 -12"><span class='ocrx_word' id='word_1_43' title='bbox 206 418 339 459; x_wconf 85' lang='lat' dir='ltr'>menti</span> <span class='ocrx_word' id='word_1_44' title='bbox 370 418 412 458; x_wconf 90' lang='lat' dir='ltr'>in</span> <span class='ocrx_word' id='word_1_45' title='bbox 447 418 596 471; x_wconf 87' lang='lat' dir='ltr'>primis</span> <span class='ocrx_word' id='word_1_46' title='bbox 628 419 798 460; x_wconf 87' lang='lat' dir='ltr'>firmum</span> <span class='ocrx_word' id='word_1_47' title='bbox 829 420 963 460; x_wconf 76' lang='lat' dir='ltr'>videri</span> <span class='ocrx_word' id='word_1_48' title='bbox 996 420 1116 461; x_wconf 92' lang='lat' dir='ltr'>solet.</span> 
     </span>
    </p>

    <p class='ocr_par' dir='ltr' id='par_1_8' title="bbox 205 475 1548 2336">
     <span class='ocr_line' id='line_1_13' title="bbox 325 475 1545 533; baseline 0.004 -17"><span class='ocrx_word' id='word_1_49' title='bbox 325 475 568 517; x_wconf 73' lang='lat' dir='ltr'>Similitudo</span> <span class='ocrx_word' id='word_1_50' title='bbox 603 477 806 531; x_wconf 84' lang='lat' dir='ltr'>sequitur,</span> <span class='ocrx_word' id='word_1_51' title='bbox 838 492 944 531; x_wconf 89' lang='lat' dir='ltr'>quae</span> <span class='ocrx_word' id='word_1_52' title='bbox 976 478 1061 519; x_wconf 88' lang='lat' dir='ltr'>late</span> <span class='ocrx_word' id='word_1_53' title='bbox 1092 481 1225 533; x_wconf 88' lang='lat' dir='ltr'>patet,</span> <span class='ocrx_word' id='word_1_54' title='bbox 1262 480 1335 520; x_wconf 91' lang='lat' dir='ltr'>sed</span> <span class='ocrx_word' id='word_1_55' title='bbox 1367 480 1545 521; x_wconf 87' lang='lat' dir='ltr'>oratori-</span> 
     </span>
     <span class='ocr_line' id='line_1_14' title="bbox 205 534 1544 590; baseline 0.004 -16"><span class='ocrx_word' id='word_1_56' title='bbox 205 535 285 575; x_wconf 85' lang='lat' dir='ltr'>bus</span> <span class='ocrx_word' id='word_1_57' title='bbox 330 537 373 575; x_wconf 89' lang='lat' dir='ltr'>et</span> <span class='ocrx_word' id='word_1_58' title='bbox 414 534 682 589; x_wconf 86' lang='lat' dir='ltr'>philosophis</span> <span class='ocrx_word' id='word_1_59' title='bbox 728 536 865 590; x_wconf 81' lang='lat' dir='ltr'>magis</span> <span class='ocrx_word' id='word_1_60' title='bbox 913 551 1040 590; x_wconf 84' lang='lat' dir='ltr'>quam</span> <span class='ocrx_word' id='word_1_61' title='bbox 1083 537 1216 578; x_wconf 83' lang='lat' dir='ltr'>vobis.</span> <span class='ocrx_word' id='word_1_62' title='bbox 1290 537 1387 579; x_wconf 89' lang='lat' dir='ltr'>Etsi</span> <span class='ocrx_word' id='word_1_63' title='bbox 1431 539 1544 580; x_wconf 88' lang='lat' dir='ltr'>enim</span> 
     </span>
     <span class='ocr_line' id='line_1_15' title="bbox 206 593 1545 651; baseline 0.002 -17"><span class='ocrx_word' id='word_1_64' title='bbox 206 607 352 634; x_wconf 86' lang='lat' dir='ltr'>omnes</span> <span class='ocrx_word' id='word_1_65' title='bbox 383 593 467 634; x_wconf 87' lang='lat' dir='ltr'>loci</span> <span class='ocrx_word' id='word_1_66' title='bbox 500 597 599 633; x_wconf 91' lang='lat' dir='ltr'>sunt</span> <span class='ocrx_word' id='word_1_67' title='bbox 632 594 822 634; x_wconf 84' lang='lat' dir='ltr'>omnium</span> <span class='ocrx_word' id='word_1_68' title='bbox 848 594 1187 648; x_wconf 84' lang='lat' dir='ltr'>disputationum</span> <span class='ocrx_word' id='word_1_69' title='bbox 1213 596 1266 636; x_wconf 88' lang='lat' dir='ltr'>ad</span> <span class='ocrx_word' id='word_1_70' title='bbox 1292 599 1545 651; x_wconf 84' lang='lat' dir='ltr'>argumenta</span> 
     </span>
     <span class='ocr_line' id='line_1_16' title="bbox 206 651 1542 706; baseline 0.003 -15"><span class='ocrx_word' id='word_1_71' title='bbox 206 651 526 705; x_wconf 87' lang='lat' dir='ltr'>suppeditanda,</span> <span class='ocrx_word' id='word_1_72' title='bbox 558 655 702 692; x_wconf 84' lang='lat' dir='ltr'>tamen</span> <span class='ocrx_word' id='word_1_73' title='bbox 733 652 827 692; x_wconf 83' lang='lat' dir='ltr'>aliis</span> <span class='ocrx_word' id='word_1_74' title='bbox 861 652 1224 706; x_wconf 71' lang='lat' dir='ltr'>disputationibus</span> <span class='ocrx_word' id='word_1_75' title='bbox 1257 654 1542 695; x_wconf 86' lang='lat' dir='ltr'>abundantius</span> 
     </span>
     <span class='ocr_line' id='line_1_17' title="bbox 206 709 1544 766; baseline 0.003 -17"><span class='ocrx_word' id='word_1_76' title='bbox 206 713 434 750; x_wconf 86' lang='lat' dir='ltr'>occurrunt</span> <span class='ocrx_word' id='word_1_77' title='bbox 478 709 572 750; x_wconf 84' lang='lat' dir='ltr'>aliis</span> <span class='ocrx_word' id='word_1_78' title='bbox 618 710 853 763; x_wconf 83' lang='lat' dir='ltr'>angustius.</span> <span class='ocrx_word' id='word_1_79' title='bbox 922 711 1072 765; x_wconf 86' lang='lat' dir='ltr'>Itaque</span> <span class='ocrx_word' id='word_1_80' title='bbox 1118 726 1274 766; x_wconf 81' lang='lat' dir='ltr'>genera</span> <span class='ocrx_word' id='word_1_81' title='bbox 1316 712 1396 753; x_wconf 85' lang='lat' dir='ltr'>tibi</span> <span class='ocrx_word' id='word_1_82' title='bbox 1439 716 1544 754; x_wconf 80' lang='lat' dir='ltr'>nota</span> 
     </span>
     <span class='ocr_line' id='line_1_18' title="bbox 207 768 1545 824; baseline 0.004 -17"><span class='ocrx_word' id='word_1_83' title='bbox 207 768 310 821; x_wconf 80' lang='lat' dir='ltr'>sint3</span> <span class='ocrx_word' id='word_1_84' title='bbox 354 768 428 807; x_wconf 90' lang='lat' dir='ltr'>ubi</span> <span class='ocrx_word' id='word_1_85' title='bbox 469 771 612 808; x_wconf 88' lang='lat' dir='ltr'>autem</span> <span class='ocrx_word' id='word_1_86' title='bbox 651 768 704 808; x_wconf 91' lang='lat' dir='ltr'>iis</span> <span class='ocrx_word' id='word_1_87' title='bbox 745 771 884 821; x_wconf 87' lang='lat' dir='ltr'>utare,</span> <span class='ocrx_word' id='word_1_88' title='bbox 928 769 1198 822; x_wconf 79' lang='lat' dir='ltr'>quaestiones</span> <span class='ocrx_word' id='word_1_89' title='bbox 1241 770 1358 824; x_wconf 81' lang='lat' dir='ltr'>ipsae</span> <span class='ocrx_word' id='word_1_90' title='bbox 1396 773 1438 811; x_wconf 88' lang='lat' dir='ltr'>te</span> <span class='ocrx_word' id='word_1_91' title='bbox 1476 771 1545 812; x_wconf 88' lang='lat' dir='ltr'>ad-</span> 
     </span>
     <span class='ocr_line' id='line_1_19' title="bbox 206 824 1543 883; baseline 0.004 -18"><span class='ocrx_word' id='word_1_92' title='bbox 206 826 452 866; x_wconf 87' lang='lat' dir='ltr'>monebunt.</span> <span class='ocrx_word' id='word_1_93' title='bbox 516 824 624 866; x_wconf 79' lang='lat' dir='ltr'>Sunt</span> <span class='ocrx_word' id='word_1_94' title='bbox 652 826 764 867; x_wconf 87' lang='lat' dir='ltr'>enim</span> <span class='ocrx_word' id='word_1_95' title='bbox 791 826 1103 882; x_wconf 74' lang='lat' dir='ltr'>similitudines,</span> <span class='ocrx_word' id='word_1_96' title='bbox 1135 842 1241 882; x_wconf 86' lang='lat' dir='ltr'>quae</span> <span class='ocrx_word' id='word_1_97' title='bbox 1268 843 1319 869; x_wconf 82' lang='lat' dir='ltr'>ex</span> <span class='ocrx_word' id='word_1_98' title='bbox 1348 828 1543 883; x_wconf 87' lang='lat' dir='ltr'>pluribus</span> 
     </span>
     <span class='ocr_line' id='line_1_20' title="bbox 206 883 1544 940; baseline 0.002 -15"><span class='ocrx_word' id='word_1_99' title='bbox 206 883 522 925; x_wconf 85' lang='lat' dir='ltr'>conlationibus</span> <span class='ocrx_word' id='word_1_100' title='bbox 559 885 813 938; x_wconf 84' lang='lat' dir='ltr'>perveniunt</span> <span class='ocrx_word' id='word_1_101' title='bbox 851 899 934 938; x_wconf 90' lang='lat' dir='ltr'>quo</span> <span class='ocrx_word' id='word_1_102' title='bbox 974 886 1142 940; x_wconf 86' lang='lat' dir='ltr'>volunt,</span> <span class='ocrx_word' id='word_1_103' title='bbox 1184 887 1266 928; x_wconf 90' lang='lat' dir='ltr'>hoc</span> <span class='ocrx_word' id='word_1_104' title='bbox 1309 887 1453 928; x_wconf 90' lang='lat' dir='ltr'>modo:</span> <span class='ocrx_word' id='word_1_105' title='bbox 1499 886 1544 928; x_wconf 81' lang='lat' dir='ltr'>Si</span> 
     </span>
     <span class='ocr_line' id='line_1_21' title="bbox 206 942 1544 999; baseline 0.003 -17"><span class='ocrx_word' id='word_1_106' title='bbox 206 946 325 983; x_wconf 89' lang='lat' dir='ltr'>tutor</span> <span class='ocrx_word' id='word_1_107' title='bbox 356 942 483 982; x_wconf 87' lang='lat' dir='ltr'>fidem</span> <span class='ocrx_word' id='word_1_108' title='bbox 514 946 731 996; x_wconf 87' lang='lat' dir='ltr'>praestare</span> <span class='ocrx_word' id='word_1_109' title='bbox 771 943 914 997; x_wconf 84' lang='lat' dir='ltr'>debet,</span> <span class='ocrx_word' id='word_1_110' title='bbox 956 944 991 984; x_wconf 91' lang='lat' dir='ltr'>si</span> <span class='ocrx_word' id='word_1_111' title='bbox 1030 944 1189 997; x_wconf 81' lang='lat' dir='ltr'>socius,</span> <span class='ocrx_word' id='word_1_112' title='bbox 1230 944 1284 999; x_wconf 88' lang='lat' dir='ltr'>si,</span> <span class='ocrx_word' id='word_1_113' title='bbox 1324 945 1391 986; x_wconf 90' lang='lat' dir='ltr'>cui</span> <span class='ocrx_word' id='word_1_114' title='bbox 1429 960 1544 986; x_wconf 88' lang='lat' dir='ltr'>man-</span> 
     </span>
     <span class='ocr_line' id='line_1_22' title="bbox 206 1000 1542 1056; baseline 0.003 -16"><span class='ocrx_word' id='word_1_115' title='bbox 206 1001 331 1055; x_wconf 83' lang='lat' dir='ltr'>daris,</span> <span class='ocrx_word' id='word_1_116' title='bbox 358 1001 405 1054; x_wconf 90' lang='lat' dir='ltr'>si,</span> <span class='ocrx_word' id='word_1_117' title='bbox 432 1000 503 1054; x_wconf 88' lang='lat' dir='ltr'>qui</span> <span class='ocrx_word' id='word_1_118' title='bbox 524 1001 723 1042; x_wconf 86' lang='lat' dir='ltr'>fiduciam</span> <span class='ocrx_word' id='word_1_119' title='bbox 744 1002 966 1056; x_wconf 86' lang='lat' dir='ltr'>acceperit,</span> <span class='ocrx_word' id='word_1_120' title='bbox 986 1003 1111 1043; x_wconf 85' lang='lat' dir='ltr'>debet</span> <span class='ocrx_word' id='word_1_121' title='bbox 1131 1003 1261 1043; x_wconf 88' lang='lat' dir='ltr'>etiam</span> <span class='ocrx_word' id='word_1_122' title='bbox 1280 1006 1542 1056; x_wconf 88' lang='lat' dir='ltr'>procurator.</span> 
     </span>
     <span class='ocr_line' id='line_1_23' title="bbox 205 1058 1545 1115; baseline 0.002 -16"><span class='ocrx_word' id='word_1_123' title='bbox 205 1058 323 1100; x_wconf 92' lang='lat' dir='ltr'>Haec</span> <span class='ocrx_word' id='word_1_124' title='bbox 356 1073 406 1099; x_wconf 81' lang='lat' dir='ltr'>ex</span> <span class='ocrx_word' id='word_1_125' title='bbox 442 1059 637 1112; x_wconf 89' lang='lat' dir='ltr'>pluribus</span> <span class='ocrx_word' id='word_1_126' title='bbox 670 1060 917 1113; x_wconf 75' lang='lat' dir='ltr'>perveniens</span> <span class='ocrx_word' id='word_1_127' title='bbox 951 1074 1033 1114; x_wconf 83' lang='lat' dir='ltr'>quo</span> <span class='ocrx_word' id='word_1_128' title='bbox 1066 1061 1175 1115; x_wconf 86' lang='lat' dir='ltr'>vult,</span> <span class='ocrx_word' id='word_1_129' title='bbox 1216 1061 1453 1115; x_wconf 85' lang='lat' dir='ltr'>appellatur</span> <span class='ocrx_word' id='word_1_130' title='bbox 1483 1061 1545 1102; x_wconf 88' lang='lat' dir='ltr'>in-</span> 
     </span>
     <span class='ocr_line' id='line_1_24' title="bbox 206 1116 1544 1172; baseline 0.001 -15"><span class='ocrx_word' id='word_1_131' title='bbox 206 1117 362 1170; x_wconf 87' lang='lat' dir='ltr'>ductio,</span> <span class='ocrx_word' id='word_1_132' title='bbox 389 1131 495 1170; x_wconf 87' lang='lat' dir='ltr'>quae</span> <span class='ocrx_word' id='word_1_133' title='bbox 517 1116 677 1158; x_wconf 79' lang='lat' dir='ltr'>Graece</span> <span class='ocrx_word' id='word_1_134' title='bbox 699 1117 899 1171; x_wconf 77' lang='grc' dir='ltr'><em>ἐπαγωγὴ</em></span> <span class='ocrx_word' id='word_1_135' title='bbox 919 1118 1179 1172; x_wconf 88' lang='lat' dir='ltr'>nominatur,</span> <span class='ocrx_word' id='word_1_136' title='bbox 1205 1133 1288 1172; x_wconf 90' lang='lat' dir='ltr'>qua</span> <span class='ocrx_word' id='word_1_137' title='bbox 1312 1119 1544 1172; x_wconf 89' lang='lat' dir='ltr'>plurimum</span> 
     </span>
     <span class='ocr_line' id='line_1_25' title="bbox 207 1175 1544 1218; baseline 0.002 -3"><span class='ocrx_word' id='word_1_138' title='bbox 207 1178 271 1216; x_wconf 91' lang='lat' dir='ltr'>est</span> <span class='ocrx_word' id='word_1_139' title='bbox 291 1190 392 1215; x_wconf 90' lang='lat' dir='ltr'>usus</span> <span class='ocrx_word' id='word_1_140' title='bbox 418 1175 464 1215; x_wconf 91' lang='lat' dir='ltr'>in</span> <span class='ocrx_word' id='word_1_141' title='bbox 486 1175 753 1216; x_wconf 85' lang='lat' dir='ltr'>sermonibus</span> <span class='ocrx_word' id='word_1_142' title='bbox 775 1175 982 1217; x_wconf 77' lang='lat' dir='ltr'>Socrates.</span> <span class='ocrx_word' id='word_1_143' title='bbox 1027 1175 1225 1217; x_wconf 83' lang='lat' dir='ltr'>Alterum</span> <span class='ocrx_word' id='word_1_144' title='bbox 1251 1176 1544 1218; x_wconf 83' lang='lat' dir='ltr'>similitudinis</span> 
     </span>
     <span class='ocr_line' id='line_1_26' title="bbox 207 1233 1544 1289; baseline 0.001 -16"><span class='ocrx_word' id='word_1_145' title='bbox 207 1248 340 1288; x_wconf 81' lang='lat' dir='ltr'>genus</span> <span class='ocrx_word' id='word_1_146' title='bbox 373 1233 614 1274; x_wconf 88' lang='lat' dir='ltr'>conlatione</span> <span class='ocrx_word' id='word_1_147' title='bbox 648 1234 843 1287; x_wconf 79' lang='lat' dir='ltr'>sumitur,</span> <span class='ocrx_word' id='word_1_148' title='bbox 881 1248 977 1275; x_wconf 91' lang='lat' dir='ltr'>cum</span> <span class='ocrx_word' id='word_1_149' title='bbox 1008 1249 1093 1274; x_wconf 73' lang='grc'>11111</span> <span class='ocrx_word' id='word_1_150' title='bbox 1124 1249 1190 1275; x_wconf 89' lang='lat' dir='ltr'>res</span> <span class='ocrx_word' id='word_1_151' title='bbox 1222 1235 1307 1288; x_wconf 85' lang='lat' dir='ltr'>uni,</span> <span class='ocrx_word' id='word_1_152' title='bbox 1344 1249 1421 1288; x_wconf 88' lang='lat' dir='ltr'>par</span> <span class='ocrx_word' id='word_1_153' title='bbox 1450 1235 1544 1289; x_wconf 89' lang='lat' dir='ltr'>pari</span> 
     </span>
     <span class='ocr_line' id='line_1_27' title="bbox 207 1291 1544 1346; baseline 0.001 -13"><span class='ocrx_word' id='word_1_154' title='bbox 207 1294 491 1345; x_wconf 85' lang='lat' dir='ltr'>comparatur,</span> <span class='ocrx_word' id='word_1_155' title='bbox 521 1291 602 1332; x_wconf 90' lang='lat' dir='ltr'>hoc</span> <span class='ocrx_word' id='word_1_156' title='bbox 635 1292 778 1332; x_wconf 90' lang='lat' dir='ltr'>modo:</span> <span class='ocrx_word' id='word_1_157' title='bbox 823 1291 958 1340; x_wconf 84' lang='lat' dir='ltr'>Quem</span> <span class='ocrx_word' id='word_1_158' title='bbox 990 1293 1041 1333; x_wconf 83' lang='lat' dir='ltr'>ad</span> <span class='ocrx_word' id='word_1_159' title='bbox 1073 1293 1258 1346; x_wconf 90' lang='lat' dir='ltr'>modum,</span> <span class='ocrx_word' id='word_1_160' title='bbox 1296 1292 1332 1333; x_wconf 90' lang='lat' dir='ltr'>si</span> <span class='ocrx_word' id='word_1_161' title='bbox 1362 1293 1408 1333; x_wconf 89' lang='lat' dir='ltr'>in</span> <span class='ocrx_word' id='word_1_162' title='bbox 1438 1294 1544 1334; x_wconf 83' lang='lat' dir='ltr'>urbe</span> 
     </span>
     <span class='ocr_line' id='line_1_28' title="bbox 207 1349 1544 1406; baseline 0.001 -16"><span class='ocrx_word' id='word_1_163' title='bbox 207 1350 257 1391; x_wconf 91' lang='lat' dir='ltr'>de</span> <span class='ocrx_word' id='word_1_164' title='bbox 282 1349 439 1390; x_wconf 90' lang='lat' dir='ltr'>finibus</span> <span class='ocrx_word' id='word_1_165' title='bbox 473 1350 763 1390; x_wconf 83' lang='lat' dir='ltr'>controversia</span> <span class='ocrx_word' id='word_1_166' title='bbox 795 1354 871 1404; x_wconf 87' lang='lat' dir='ltr'>est,</span> <span class='ocrx_word' id='word_1_167' title='bbox 905 1350 1021 1404; x_wconf 82' lang='lat' dir='ltr'>[quia</span> <span class='ocrx_word' id='word_1_168' title='bbox 1046 1351 1151 1392; x_wconf 86' lang='lat' dir='ltr'>fines</span> <span class='ocrx_word' id='word_1_169' title='bbox 1179 1351 1315 1406; x_wconf 81' lang='lat' dir='ltr'>magis</span> <span class='ocrx_word' id='word_1_170' title='bbox 1343 1365 1544 1405; x_wconf 82' lang='lat' dir='ltr'>agrorum</span> 
     </span>
     <span class='ocr_line' id='line_1_29' title="bbox 206 1408 1544 1464; baseline 0.001 -16"><span class='ocrx_word' id='word_1_171' title='bbox 206 1408 404 1449; x_wconf 83' lang='lat' dir='ltr'>videntur</span> <span class='ocrx_word' id='word_1_172' title='bbox 443 1422 533 1448; x_wconf 88' lang='grc'>0330</span> <span class='ocrx_word' id='word_1_173' title='bbox 567 1422 695 1461; x_wconf 86' lang='lat' dir='ltr'>quam</span> <span class='ocrx_word' id='word_1_174' title='bbox 733 1409 887 1461; x_wconf 89' lang='lat' dir='ltr'>urbis,]</span> <span class='ocrx_word' id='word_1_175' title='bbox 932 1409 1089 1449; x_wconf 86' lang='lat' dir='ltr'>finibus</span> <span class='ocrx_word' id='word_1_176' title='bbox 1134 1409 1330 1464; x_wconf 82' lang='lat' dir='ltr'>regendis</span> <span class='ocrx_word' id='word_1_177' title='bbox 1375 1409 1544 1464; x_wconf 87' lang='lat' dir='ltr'>adigere</span> 
     </span>
     <span class='ocr_line' id='line_1_30' title="bbox 208 1466 1546 1522; baseline 0.001 -15"><span class='ocrx_word' id='word_1_178' title='bbox 208 1467 417 1507; x_wconf 83' lang='lat' dir='ltr'>arbitrum</span> <span class='ocrx_word' id='word_1_179' title='bbox 443 1480 530 1507; x_wconf 91' lang='lat' dir='ltr'>non</span> <span class='ocrx_word' id='word_1_180' title='bbox 555 1466 708 1520; x_wconf 88' lang='lat' dir='ltr'>possis,</span> <span class='ocrx_word' id='word_1_181' title='bbox 740 1466 812 1520; x_wconf 87' lang='lat' dir='ltr'>sic,</span> <span class='ocrx_word' id='word_1_182' title='bbox 845 1467 879 1507; x_wconf 91' lang='lat' dir='ltr'>si</span> <span class='ocrx_word' id='word_1_183' title='bbox 907 1481 1016 1520; x_wconf 88' lang='lat' dir='ltr'>aqua</span> <span class='ocrx_word' id='word_1_184' title='bbox 1040 1467 1185 1521; x_wconf 87' lang='lat' dir='ltr'>pluvia</span> <span class='ocrx_word' id='word_1_185' title='bbox 1208 1467 1254 1507; x_wconf 91' lang='lat' dir='ltr'>in</span> <span class='ocrx_word' id='word_1_186' title='bbox 1278 1467 1383 1507; x_wconf 89' lang='lat' dir='ltr'>urbe</span> <span class='ocrx_word' id='word_1_187' title='bbox 1408 1470 1546 1522; x_wconf 85' lang='lat' dir='ltr'>nocet,</span> 
     </span>
     <span class='ocr_line' id='line_1_31' title="bbox 208 1525 1544 1579; baseline 0.001 -14"><span class='ocrx_word' id='word_1_188' title='bbox 208 1525 411 1579; x_wconf 87' lang='lat' dir='ltr'>quoniam</span> <span class='ocrx_word' id='word_1_189' title='bbox 442 1539 509 1565; x_wconf 88' lang='lat' dir='ltr'>res</span> <span class='ocrx_word' id='word_1_190' title='bbox 541 1527 635 1565; x_wconf 81' lang='lat' dir='ltr'>tota</span> <span class='ocrx_word' id='word_1_191' title='bbox 674 1525 810 1579; x_wconf 79' lang='lat' dir='ltr'>magis</span> <span class='ocrx_word' id='word_1_192' title='bbox 850 1539 1052 1579; x_wconf 84' lang='lat' dir='ltr'>agrorum</span> <span class='ocrx_word' id='word_1_193' title='bbox 1084 1528 1165 1579; x_wconf 86' lang='lat' dir='ltr'>est,</span> <span class='ocrx_word' id='word_1_194' title='bbox 1206 1540 1339 1579; x_wconf 83' lang='lat' dir='ltr'>aquae</span> <span class='ocrx_word' id='word_1_195' title='bbox 1376 1525 1544 1579; x_wconf 86' lang='lat' dir='ltr'>pluviae</span> 
     </span>
     <span class='ocr_line' id='line_1_32' title="bbox 208 1583 1545 1637; baseline 0.001 -14"><span class='ocrx_word' id='word_1_196' title='bbox 208 1583 412 1624; x_wconf 83' lang='lat' dir='ltr'>arcendae</span> <span class='ocrx_word' id='word_1_197' title='bbox 458 1583 627 1637; x_wconf 82' lang='lat' dir='ltr'>adigere</span> <span class='ocrx_word' id='word_1_198' title='bbox 673 1583 881 1624; x_wconf 81' lang='lat' dir='ltr'>arbitrum</span> <span class='ocrx_word' id='word_1_199' title='bbox 928 1597 1015 1624; x_wconf 89' lang='lat' dir='ltr'>non</span> <span class='ocrx_word' id='word_1_200' title='bbox 1063 1584 1214 1637; x_wconf 89' lang='lat' dir='ltr'>possis.</span> <span class='ocrx_word' id='word_1_201' title='bbox 1286 1584 1354 1624; x_wconf 80' lang='lat' dir='ltr'>Ex</span> <span class='ocrx_word' id='word_1_202' title='bbox 1397 1584 1545 1624; x_wconf 88' lang='lat' dir='ltr'>eodem</span> 
     </span>
     <span class='ocr_line' id='line_1_33' title="bbox 208 1640 1544 1695; baseline 0 -13"><span class='ocrx_word' id='word_1_203' title='bbox 208 1641 501 1682; x_wconf 88' lang='lat' dir='ltr'>similitudinis</span> <span class='ocrx_word' id='word_1_204' title='bbox 527 1641 622 1681; x_wconf 91' lang='lat' dir='ltr'>loco</span> <span class='ocrx_word' id='word_1_205' title='bbox 649 1641 778 1681; x_wconf 87' lang='lat' dir='ltr'>etiam</span> <span class='ocrx_word' id='word_1_206' title='bbox 805 1642 997 1695; x_wconf 80' lang='lat' dir='ltr'>exempla</span> <span class='ocrx_word' id='word_1_207' title='bbox 1024 1644 1262 1695; x_wconf 86' lang='lat' dir='ltr'>sumuntur,</span> <span class='ocrx_word' id='word_1_208' title='bbox 1293 1644 1341 1682; x_wconf 90' lang='lat' dir='ltr'>ut</span> <span class='ocrx_word' id='word_1_209' title='bbox 1367 1640 1544 1682; x_wconf 85' lang='lat' dir='ltr'>Crassus</span> 
     </span>
     <span class='ocr_line' id='line_1_34' title="bbox 206 1698 1545 1753; baseline -0.001 -13"><span class='ocrx_word' id='word_1_210' title='bbox 206 1700 251 1740; x_wconf 91' lang='lat' dir='ltr'>in</span> <span class='ocrx_word' id='word_1_211' title='bbox 295 1714 423 1740; x_wconf 89' lang='lat' dir='ltr'>causa</span> <span class='ocrx_word' id='word_1_212' title='bbox 461 1698 645 1739; x_wconf 82' lang='lat' dir='ltr'>Curiana</span> <span class='ocrx_word' id='word_1_213' title='bbox 689 1700 891 1753; x_wconf 79' lang='lat' dir='ltr'>exemplis</span> <span class='ocrx_word' id='word_1_214' title='bbox 935 1699 1131 1753; x_wconf 88' lang='lat' dir='ltr'>plurimis</span> <span class='ocrx_word' id='word_1_215' title='bbox 1175 1714 1277 1740; x_wconf 91' lang='lat' dir='ltr'>usus</span> <span class='ocrx_word' id='word_1_216' title='bbox 1321 1700 1428 1753; x_wconf 88' lang='lat' dir='ltr'>est[,</span> <span class='ocrx_word' id='word_1_217' title='bbox 1473 1699 1545 1752; x_wconf 89' lang='lat' dir='ltr'>qui</span> 
     </span>
     <span class='ocr_line' id='line_1_35' title="bbox 208 1757 1543 1811; baseline 0 -13"><span class='ocrx_word' id='word_1_218' title='bbox 208 1760 466 1798; x_wconf 80' lang='lat' dir='ltr'>testamento</span> <span class='ocrx_word' id='word_1_219' title='bbox 501 1757 560 1798; x_wconf 88' lang='lat' dir='ltr'>sic</span> <span class='ocrx_word' id='word_1_220' title='bbox 597 1757 771 1797; x_wconf 87' lang='lat' dir='ltr'>heredes</span> <span class='ocrx_word' id='word_1_221' title='bbox 809 1757 1088 1811; x_wconf 89' lang='lat' dir='ltr'>instituisset,</span> <span class='ocrx_word' id='word_1_222' title='bbox 1125 1760 1173 1797; x_wconf 89' lang='lat' dir='ltr'>ut</span> <span class='ocrx_word' id='word_1_223' title='bbox 1205 1757 1240 1798; x_wconf 92' lang='lat' dir='ltr'>si</span> <span class='ocrx_word' id='word_1_224' title='bbox 1271 1757 1385 1797; x_wconf 85' lang='lat' dir='ltr'>filius</span> <span class='ocrx_word' id='word_1_225' title='bbox 1416 1760 1543 1798; x_wconf 87' lang='lat' dir='ltr'>natus</span> 
     </span>
     <span class='ocr_line' id='line_1_36' title="bbox 208 1815 1545 1869; baseline -0.001 -13"><span class='ocrx_word' id='word_1_226' title='bbox 208 1819 320 1856; x_wconf 84' lang='lat' dir='ltr'>esset</span> <span class='ocrx_word' id='word_1_227' title='bbox 356 1815 402 1856; x_wconf 88' lang='lat' dir='ltr'>in</span> <span class='ocrx_word' id='word_1_228' title='bbox 440 1816 583 1856; x_wconf 85' lang='lat' dir='ltr'>decem</span> <span class='ocrx_word' id='word_1_229' title='bbox 625 1815 841 1856; x_wconf 89' lang='lat' dir='ltr'>mensibus</span> <span class='ocrx_word' id='word_1_230' title='bbox 882 1815 1003 1868; x_wconf 86' lang='lat' dir='ltr'>isque</span> <span class='ocrx_word' id='word_1_231' title='bbox 1040 1818 1234 1856; x_wconf 86' lang='lat' dir='ltr'>mortuus</span> <span class='ocrx_word' id='word_1_232' title='bbox 1265 1815 1384 1869; x_wconf 89' lang='lat' dir='ltr'>prius</span> <span class='ocrx_word' id='word_1_233' title='bbox 1418 1830 1545 1869; x_wconf 86' lang='lat' dir='ltr'>quam</span> 
     </span>
     <span class='ocr_line' id='line_1_37' title="bbox 206 1873 1545 1928; baseline 0 -14"><span class='ocrx_word' id='word_1_234' title='bbox 206 1874 252 1914; x_wconf 89' lang='lat' dir='ltr'>in</span> <span class='ocrx_word' id='word_1_235' title='bbox 290 1889 411 1914; x_wconf 84' lang='lat' dir='ltr'>suam</span> <span class='ocrx_word' id='word_1_236' title='bbox 448 1874 628 1914; x_wconf 85' lang='lat' dir='ltr'>tutelam</span> <span class='ocrx_word' id='word_1_237' title='bbox 666 1873 869 1928; x_wconf 75' lang='lat' dir='ltr'>venisset,</span> <span class='ocrx_word' id='word_1_238' title='bbox 908 1873 1188 1914; x_wconf 84' lang='lat' dir='ltr'>hereditatem</span> <span class='ocrx_word' id='word_1_239' title='bbox 1228 1873 1545 1928; x_wconf 67' lang='lat' dir='ltr'>optinuissent}</span> 
     </span>
     <span class='ocr_line' id='line_1_38' title="bbox 210 1931 1547 1985; baseline 0 -13"><span class='ocrx_word' id='word_1_240' title='bbox 210 1932 327 1980; x_wconf 82' lang='lat' dir='ltr'>Quae</span> <span class='ocrx_word' id='word_1_241' title='bbox 360 1932 710 1973; x_wconf 84' lang='lat' dir='ltr'>commemoratio</span> <span class='ocrx_word' id='word_1_242' title='bbox 743 1932 1034 1985; x_wconf 83' lang='lat' dir='ltr'>exemplorum</span> <span class='ocrx_word' id='word_1_243' title='bbox 1064 1932 1211 1985; x_wconf 82' lang='lat' dir='ltr'>valuit,</span> <span class='ocrx_word' id='word_1_244' title='bbox 1243 1946 1374 1985; x_wconf 89' lang='lat' dir='ltr'>eaque</span> <span class='ocrx_word' id='word_1_245' title='bbox 1399 1945 1475 1972; x_wconf 85' lang='lat' dir='ltr'>vos</span> <span class='ocrx_word' id='word_1_246' title='bbox 1501 1931 1547 1971; x_wconf 91' lang='lat' dir='ltr'>in</span> 
     </span>
     <span class='ocr_line' id='line_1_39' title="bbox 208 1989 1547 2044; baseline 0 -14"><span class='ocrx_word' id='word_1_247' title='bbox 208 1991 501 2044; x_wconf 89' lang='lat' dir='ltr'>respondendo</span> <span class='ocrx_word' id='word_1_248' title='bbox 536 1990 598 2030; x_wconf 92' lang='lat' dir='ltr'>uti</span> <span class='ocrx_word' id='word_1_249' title='bbox 625 1991 807 2030; x_wconf 90' lang='lat' dir='ltr'>multum</span> <span class='ocrx_word' id='word_1_250' title='bbox 835 1990 993 2030; x_wconf 85' lang='lat' dir='ltr'>soletis.</span> <span class='ocrx_word' id='word_1_251' title='bbox 1055 1990 1178 2031; x_wconf 85' lang='lat' dir='ltr'>Ficta</span> <span class='ocrx_word' id='word_1_252' title='bbox 1211 1990 1322 2030; x_wconf 88' lang='lat' dir='ltr'>enim</span> <span class='ocrx_word' id='word_1_253' title='bbox 1355 1989 1547 2043; x_wconf 84' lang='lat' dir='ltr'>exempla</span> 
     </span>
     <span class='ocr_line' id='line_1_40' title="bbox 210 2047 1546 2102; baseline 0 -14"><span class='ocrx_word' id='word_1_254' title='bbox 210 2048 502 2089; x_wconf 88' lang='lat' dir='ltr'>similitudinis</span> <span class='ocrx_word' id='word_1_255' title='bbox 535 2048 695 2089; x_wconf 85' lang='lat' dir='ltr'>habent</span> <span class='ocrx_word' id='word_1_256' title='bbox 726 2048 827 2101; x_wconf 78' lang='lat' dir='ltr'>vim3</span> <span class='ocrx_word' id='word_1_257' title='bbox 872 2048 945 2089; x_wconf 88' lang='lat' dir='ltr'>sed</span> <span class='ocrx_word' id='word_1_258' title='bbox 977 2062 1025 2088; x_wconf 81' lang='lat' dir='ltr'>ea</span> <span class='ocrx_word' id='word_1_259' title='bbox 1058 2048 1245 2089; x_wconf 85' lang='lat' dir='ltr'>oratoria</span> <span class='ocrx_word' id='word_1_260' title='bbox 1276 2047 1413 2102; x_wconf 80' lang='lat' dir='ltr'>magis</span> <span class='ocrx_word' id='word_1_261' title='bbox 1447 2050 1546 2088; x_wconf 80' lang='lat' dir='ltr'>sunt</span> 
     </span>
     <span class='ocr_line' id='line_1_41' title="bbox 210 2105 1548 2160; baseline -0.001 -13"><span class='ocrx_word' id='word_1_262' title='bbox 210 2121 338 2160; x_wconf 89' lang='lat' dir='ltr'>quam</span> <span class='ocrx_word' id='word_1_263' title='bbox 374 2110 534 2159; x_wconf 82' lang='lat' dir='ltr'>vestra3</span> <span class='ocrx_word' id='word_1_264' title='bbox 579 2121 836 2160; x_wconf 87' lang='lat' dir='ltr'>quamquam</span> <span class='ocrx_word' id='word_1_265' title='bbox 876 2106 941 2147; x_wconf 89' lang='lat' dir='ltr'>uti</span> <span class='ocrx_word' id='word_1_266' title='bbox 981 2106 1111 2147; x_wconf 84' lang='lat' dir='ltr'>etiam</span> <span class='ocrx_word' id='word_1_267' title='bbox 1151 2121 1226 2147; x_wconf 81' lang='lat' dir='ltr'>vos</span> <span class='ocrx_word' id='word_1_268' title='bbox 1266 2105 1431 2160; x_wconf 87' lang='lat' dir='ltr'>soletis,</span> <span class='ocrx_word' id='word_1_269' title='bbox 1474 2105 1548 2147; x_wconf 89' lang='lat' dir='ltr'>sed</span> 
     </span>
     <span class='ocr_line' id='line_1_42' title="bbox 208 2164 1547 2219; baseline -0.001 -14"><span class='ocrx_word' id='word_1_270' title='bbox 208 2165 289 2205; x_wconf 87' lang='lat' dir='ltr'>hoc</span> <span class='ocrx_word' id='word_1_271' title='bbox 322 2165 466 2205; x_wconf 90' lang='lat' dir='ltr'>modo:</span> <span class='ocrx_word' id='word_1_272' title='bbox 511 2164 646 2219; x_wconf 83' lang='lat' dir='ltr'>Finge</span> <span class='ocrx_word' id='word_1_273' title='bbox 680 2164 892 2219; x_wconf 87' lang='lat' dir='ltr'>mancipio</span> <span class='ocrx_word' id='word_1_274' title='bbox 925 2164 1108 2218; x_wconf 86' lang='lat' dir='ltr'>aliquem</span> <span class='ocrx_word' id='word_1_275' title='bbox 1141 2164 1305 2205; x_wconf 87' lang='lat' dir='ltr'>dedisse</span> <span class='ocrx_word' id='word_1_276' title='bbox 1336 2164 1397 2218; x_wconf 91' lang='lat' dir='ltr'>id,</span> <span class='ocrx_word' id='word_1_277' title='bbox 1435 2164 1547 2217; x_wconf 86' lang='lat' dir='ltr'>quod</span> 
     </span>
     <span class='ocr_line' id='line_1_43' title="bbox 209 2222 1546 2277; baseline -0.001 -13"><span class='ocrx_word' id='word_1_278' title='bbox 209 2223 422 2277; x_wconf 83' lang='lat' dir='ltr'>mancipio</span> <span class='ocrx_word' id='word_1_279' title='bbox 444 2223 534 2263; x_wconf 86' lang='lat' dir='ltr'>dari</span> <span class='ocrx_word' id='word_1_280' title='bbox 560 2237 646 2263; x_wconf 90' lang='lat' dir='ltr'>non</span> <span class='ocrx_word' id='word_1_281' title='bbox 672 2226 826 2277; x_wconf 89' lang='lat' dir='ltr'>potest.</span> <span class='ocrx_word' id='word_1_282' title='bbox 876 2222 992 2263; x_wconf 86' lang='lat' dir='ltr'>Num</span> <span class='ocrx_word' id='word_1_283' title='bbox 1017 2222 1175 2264; x_wconf 88' lang='lat' dir='ltr'>idcirco</span> <span class='ocrx_word' id='word_1_284' title='bbox 1201 2223 1244 2262; x_wconf 92' lang='lat' dir='ltr'>id</span> <span class='ocrx_word' id='word_1_285' title='bbox 1270 2222 1359 2263; x_wconf 87' lang='lat' dir='ltr'>eius</span> <span class='ocrx_word' id='word_1_286' title='bbox 1385 2222 1546 2263; x_wconf 85' lang='lat' dir='ltr'>factum</span> 
     </span>
     <span class='ocr_line' id='line_1_44' title="bbox 210 2280 1546 2336; baseline -0.001 -14"><span class='ocrx_word' id='word_1_287' title='bbox 210 2284 286 2336; x_wconf 84' lang='lat' dir='ltr'>est,</span> <span class='ocrx_word' id='word_1_288' title='bbox 319 2281 388 2335; x_wconf 90' lang='lat' dir='ltr'>qui</span> <span class='ocrx_word' id='word_1_289' title='bbox 422 2281 615 2335; x_wconf 76' lang='lat' dir='ltr'>accepit?</span> <span class='ocrx_word' id='word_1_290' title='bbox 661 2285 733 2322; x_wconf 85' lang='lat' dir='ltr'>aut</span> <span class='ocrx_word' id='word_1_291' title='bbox 765 2296 867 2322; x_wconf 89' lang='lat' dir='ltr'>num</span> <span class='ocrx_word' id='word_1_292' title='bbox 897 2281 947 2336; x_wconf 87' lang='lat' dir='ltr'>is,</span> <span class='ocrx_word' id='word_1_293' title='bbox 985 2281 1056 2334; x_wconf 88' lang='lat' dir='ltr'>qui</span> <span class='ocrx_word' id='word_1_294' title='bbox 1089 2280 1301 2335; x_wconf 83' lang='lat' dir='ltr'>mancipio</span> <span class='ocrx_word' id='word_1_295' title='bbox 1334 2280 1461 2334; x_wconf 84' lang='lat' dir='ltr'>dedit,</span> <span class='ocrx_word' id='word_1_296' title='bbox 1492 2280 1546 2321; x_wconf 90' lang='lat' dir='ltr'>ob</span> 
     </span>
    </p>
   </div>
   <div class='ocr_carea' id='block_1_8' title="bbox 1564 734 1597 759">
    <p class='ocr_par' dir='ltr' id='par_1_9' title="bbox 1564 734 1597 759">
     <span class='ocr_line' id='line_1_45' title="bbox 1564 734 1597 759; baseline 0.061 -2"><span class='ocrx_word' id='word_1_297' title='bbox 1564 734 1597 759; x_wconf 90' lang='grc'>10</span> 
     </span>
    </p>
   </div>
   <div class='ocr_carea' id='block_1_9' title="bbox 1564 1023 1596 1048">
    <p class='ocr_par' dir='ltr' id='par_1_10' title="bbox 1564 1023 1596 1048">
     <span class='ocr_line' id='line_1_46' title="bbox 1564 1023 1596 1048; baseline 0.031 -1"><span class='ocrx_word' id='word_1_298' title='bbox 1564 1023 1596 1048; x_wconf 83' lang='lat'>15</span> 
     </span>
    </p>
   </div>
   <div class='ocr_carea' id='block_1_10' title="bbox 1564 1312 1598 1337">
    <p class='ocr_par' dir='ltr' id='par_1_11' title="bbox 1564 1312 1598 1337">
     <span class='ocr_line' id='line_1_47' title="bbox 1564 1312 1598 1337; baseline 0.029 -1"><span class='ocrx_word' id='word_1_299' title='bbox 1564 1312 1598 1337; x_wconf 83' lang='lat'>20</span> 
     </span>
    </p>
   </div>
   <div class='ocr_carea' id='block_1_11' title="bbox 1564 1602 1598 1627">
    <p class='ocr_par' dir='ltr' id='par_1_12' title="bbox 1564 1602 1598 1627">
     <span class='ocr_line' id='line_1_48' title="bbox 1564 1602 1598 1627; baseline 0 0"><span class='ocrx_word' id='word_1_300' title='bbox 1564 1602 1598 1627; x_wconf 84' lang='lat'>25</span> 
     </span>
    </p>
   </div>
   <div class='ocr_carea' id='block_1_12' title="bbox 1565 1891 1598 1916">
    <p class='ocr_par' dir='ltr' id='par_1_13' title="bbox 1565 1891 1598 1916">
     <span class='ocr_line' id='line_1_49' title="bbox 1565 1891 1598 1916; baseline 0 0"><span class='ocrx_word' id='word_1_301' title='bbox 1565 1891 1598 1916; x_wconf 89' lang='grc'>30</span> 
     </span>
    </p>
   </div>
   <div class='ocr_carea' id='block_1_13' title="bbox 1566 2180 1599 2205">
    <p class='ocr_par' dir='ltr' id='par_1_14' title="bbox 1566 2180 1599 2205">
     <span class='ocr_line' id='line_1_50' title="bbox 1566 2180 1599 2205; baseline 0.03 -1"><span class='ocrx_word' id='word_1_302' title='bbox 1566 2180 1599 2205; x_wconf 86' lang='grc'>35</span> 
     </span>
    </p>
   </div>
  </div>
 </body>
</html>
