1643 2526
501 124 601 160 CAP.
631 127 778 160 77—78.
829 127 848 166 s
874 126 1072 159 264—271.
1367 122 1452 164 293

111 220 262 274 Itaque
302 219 550 262 omittamus
589 220 734 274 lugere
775 222 817 260 et
848 221 1018 260 tantum
1050 218 1152 273 quid
1184 217 1362 272 quisque
1395 218 1454 259 di-

113 279 244 321 cendo
277 279 480 333 potuerit,
506 278 707 333 quoniam
731 277 776 319 id
802 277 1058 332 quaerimus,
1088 277 1393 331 praedicemus.

231 336 341 378 Sunt
379 336 509 378 etiam
546 351 596 378 ex
632 336 705 391 iis,
748 335 820 390 qui
858 336 1006 377 eodem
1043 335 1156 376 bello
1196 335 1453 389 occiderunt,

111 394 167 436 M.
187 395 383 450 Bibulus,
408 395 481 449 qui
501 398 543 436 et
563 394 823 450 scriptitavit
843 397 1053 448 accurate,
1079 408 1175 435 cum
1199 393 1453 448 praesertim

76 468 199 496 5non
236 457 349 495 esset
388 456 551 508 orator,
594 457 636 494 et
674 453 763 509 egit
800 453 936 494 multa
973 455 1237 507 constanter3
1286 451 1453 506 Appius

113 511 314 553 Claudius
348 526 467 553 socer
498 515 617 566 tuus,
658 512 837 566 conlega
875 514 917 552 et
947 511 1172 552 familiaris
1204 525 1341 552 meus:
1385 510 1455 551 hic

111 571 198 612 iam
230 573 272 611 et
304 571 410 611 satis
443 570 658 611 studiosus
686 573 728 611 et
753 570 873 611 valde
900 584 996 611 cum
1023 570 1173 611 doctus
1200 572 1293 610 tum
1326 568 1455 610 etiam

113 629 370 671 exercitatus
398 631 544 670 orator
570 632 612 670 et
638 643 735 670 cum
760 628 977 683 auguralis
1004 631 1097 669 tum
1124 628 1262 669 omnis
1293 627 1456 681 publici

111 687 216 728 iuris
250 687 604 741 antiquitatisque
630 689 802 728 nostrae
828 687 935 728 bene
966 687 1129 741 peritus
1161 686 1255 727 fuit.
1304 685 1350 726 L.
1371 685 1456 726 Do-

61 762 94 787 10
114 746 261 787 mitius
298 746 418 787 nulla
460 746 531 786 ille
573 746 742 799 quidem
784 748 893 800 arte,
933 745 1006 786 sed
1042 744 1195 786 Latine
1232 747 1378 786 tamen
1414 747 1457 785 et

113 804 250 845 multa
288 819 385 846 cum
424 804 623 845 libertate
662 804 842 846 dicebat.
902 803 1000 844 Duo
1032 806 1253 857 praeterea
1283 802 1455 843 Lentuli

115 863 372 917 consulares,
404 877 586 916 quorum
611 862 791 903 Publius
823 862 895 903 ille
926 864 1172 903 nostrarum
1202 861 1457 902 iniuriarum

114 921 242 976 ultor,
274 924 423 962 auctor
449 920 612 975 salutis,
644 920 846 975 quicquid
869 920 1035 973 habuit,
1067 923 1458 974 quantumcumque

113 979 209 1034 fuit,
240 979 347 1020 illud
378 982 519 1020 totum
550 979 704 1020 habuit
737 994 758 1020 e
791 978 1033 1033 disciplina3
1069 978 1358 1019 instrumenta
1387 992 1460 1018 na-

61 1055 95 1080 15
115 1041 236 1079 turae
281 1038 472 1092 deerant3
523 1038 596 1078 sed
640 1040 785 1078 tantus
831 1037 963 1078 animi
1008 1037 1208 1090 splendor
1251 1039 1294 1077 et
1336 1039 1458 1077 tanta

114 1096 385 1151 magnitudo,
434 1099 483 1136 ut
528 1095 610 1136 sibi
656 1095 816 1150 omnia,
861 1110 967 1149 quae
1013 1095 1225 1136 clarorum
1268 1094 1459 1135 virorum

1470 312 1522 352 77

1443 369 1523 412 ⁷267

1461 813 1526 844 268

115 1158 276 1209 essent,
310 1168 399 1195 non
437 1154 653 1195 dubitaret
692 1154 897 1195 asciscere
936 1168 1067 1207 eaque
1102 1153 1217 1194 omni
1249 1153 1459 1208 dignitate
1500 1203 1508 1206 ί

116 1213 340 1255 obtineret.
402 1212 449 1253 L.
476 1215 619 1254 autem
644 1212 851 1254 Lentulus
885 1212 989 1253 satis
1023 1214 1113 1252 erat
1144 1211 1269 1252 fortis
1303 1214 1460 1266 orator,

117 1271 152 1312 si
172 1272 299 1312 modo
322 1274 478 1325 orator,
504 1271 577 1312 sed
603 1271 821 1326 cogitandi
845 1285 933 1311 non
952 1270 1118 1311 ferebat
1135 1270 1345 1324 laborem3
1377 1283 1460 1310 vox

14 1335 15 1338 ’
63 1347 97 1373 20
117 1345 285 1383 canora,
309 1330 439 1370 verba
457 1343 544 1370 non
569 1329 743 1370 horrida
763 1344 875 1381 sane,
901 1332 948 1370 ut
973 1329 1099 1383 plena
1125 1331 1238 1369 esset
1264 1328 1396 1369 animi
1417 1331 1459 1369 et

116 1388 293 1429 terroris
314 1388 470 1442 oratio3
503 1402 725 1440 quaereres
751 1387 796 1428 in
820 1387 989 1428 iudiciis
1015 1387 1198 1428 fortasse
1226 1386 1390 1441 melius,
1414 1386 1460 1426 in

116 1461 160 1487 re
188 1446 359 1500 publica
391 1446 504 1499 quod
536 1448 627 1486 erat
659 1460 749 1486 esse
781 1445 989 1486 iudicares
1024 1445 1139 1486 satis.
1200 1444 1266 1486 Ne
1298 1444 1343 1485 T.
1371 1444 1528 1497 qui-269

118 1505 213 1546 dem
232 1504 482 1545 Postumius
504 1504 836 1545 contemnendus
856 1503 902 1543 in
922 1504 1117 1558 dicendo,
1149 1503 1198 1544 de
1224 1517 1268 1543 re
1288 1503 1461 1556 publica

118 1577 218 1604 vero
255 1577 343 1603 non
379 1563 520 1603 minus
552 1562 778 1603 vehemens
813 1564 958 1603 orator
990 1577 1118 1616 quam
1149 1561 1334 1602 bellator
1365 1561 1461 1615 fuit,

66 1638 98 1664 25
119 1622 350 1662 effrenatus
383 1624 425 1662 et
457 1635 553 1662 acer
583 1620 730 1675 nimis,
771 1621 843 1661 sed
874 1620 981 1661 bene
1012 1620 1117 1661 iuris
1149 1619 1311 1674 publici
1342 1619 1459 1674 leges

119 1683 247 1733 atque
278 1679 482 1720 instituta
503 1681 784 1734 ,cognoverat

235 1737 329 1779 Hoc
354 1737 449 1778 loco
470 1737 659 1778 Atticus:
691 1737 893 1778 Putarem
918 1740 974 1791 te,
1004 1736 1157 1790 inquit,
1183 1736 1460 1777 ambitiosum

119 1811 224 1850 esse,
261 1796 311 1851 si,
345 1798 394 1836 ut
426 1795 584 1849 dixisti,
621 1795 652 1836 ii
685 1810 790 1849 quos
822 1795 909 1836 iam
940 1795 1013 1836 diu
1045 1794 1225 1849 conligis
1258 1794 1459 1835 viverent.

120 1853 269 1895 Omnis
314 1854 427 1894 enim
468 1868 796 1908 commemoras,
839 1854 911 1907 qui
953 1853 1046 1894 ausi
1088 1853 1315 1906 aliquando
1361 1855 1462 1893 sunt

67 1929 101 1955 30
123 1915 286 1954 stantes
322 1911 460 1966 loqui,
496 1915 545 1952 ut
581 1912 687 1953 mihi
723 1912 970 1966 imprudens
1001 1911 1057 1952 M.
1086 1910 1311 1952 Servilium
1343 1925 1462 1964 prae-

120 1970 271 2012 terisse
297 1970 476 2011 videare
536 1969 648 2025 Non,
678 1970 866 2035 inquam,
898 1984 977 2025 ego
1002 1969 1115 2010 istuc
1140 1969 1307 2024 ignoro,
1336 1968 1462 2010 Pom-

119 2028 239 2083 poni,
271 2029 428 2069 multos
459 2027 610 2083 fuisse,
647 2028 720 2082 qui
752 2004 949 2069 ver⁰bum
959 2042 1179 2081 nunquam
1209 2027 1256 2068 in
1286 2014 1501 2081 publico2⁴

119 2087 342 2141 fecissent,
384 2100 513 2139 quom
555 2086 706 2128 melius
751 2087 971 2140 aliquanto
1008 2088 1185 2140 possent
1223 2100 1351 2140 quam
1388 2085 1462 2126 isti

123 2148 327 2197 oratores,
358 2158 464 2197 quos
491 2144 673 2199 conligo,
699 2144 854 2199 dicere3
887 2144 959 2185 sed
984 2144 1052 2185 his
1079 2143 1461 2186 commemorandis

69 2219 104 2246 35
123 2203 252 2245 etiam
282 2203 390 2243 illud
421 2202 641 2257 adsequor,
671 2206 720 2244 ut
750 2202 1013 2257 intellegatis
1045 2202 1230 2256 primum
1263 2216 1314 2243 ex
1346 2201 1463 2242 omni

121 2275 300 2303 numero
338 2275 466 2314 quam
502 2274 590 2301 non
626 2261 750 2302 multi
783 2261 875 2302 ausi
908 2261 993 2302 sint
1026 2261 1181 2315 dicere,
1224 2260 1372 2301 deinde
1412 2273 1462 2299 ex

1477 1946 1530 1986 78

1489 2014 1531 2044 70

122 2319 176 2362 iis
206 2319 313 2374 ipsis
352 2333 479 2372 quam
516 2319 641 2372 pauci
678 2318 838 2360 fuerint
873 2319 997 2361 laude
1036 2319 1165 2374 digni.
1227 2318 1378 2371 Itaque
1409 2327 1531 2358 ne271
