1643 2526
438 110 583 145 LIBER
608 110 651 146 ΙΙ.
701 110 802 146 CAP.
829 113 885 145 86.
936 114 955 153 ἓ
982 114 1179 146 346-354.
1397 112 1479 153 157

138 205 330 247 sentiam.
403 204 649 261 Adiungam
695 205 825 246 etiam
869 206 919 247 de
969 206 1193 262 memoria,
1241 210 1290 248 ut
1332 207 1479 248 labore

138 263 339 306 Crassum
370 264 507 305 levem
537 279 674 319 neque
714 264 752 305 ei
791 264 1019 319 quicquam
1051 264 1167 306 aliud
1198 265 1247 306 de
1280 280 1364 319 quo
1397 266 1479 307 dis-

138 325 251 364 serat
276 322 515 376 relinquam
533 322 617 363 nisi
637 338 699 376 ea,
724 322 877 376 quibus
898 323 1002 364 haec
1023 326 1290 365 exornentur.
1342 323 1478 380 Perge
1493 325 1548 366 86

137 395 250 434 vero,
280 381 422 435 inquit
449 381 639 423 Crassus.
682 381 900 422 Lubenter
926 382 1039 423 enim
1070 385 1113 423 te
1146 383 1367 438 cognitum
1391 382 1478 423 iam

85 456 101 482 5
139 439 347 481 artificem
379 440 692 494 aliquandoque
725 440 945 481 evolutum
975 440 1060 481 illis
1092 440 1370 496 integmentis
1398 441 1478 482 dis-

139 498 425 539 simulationis
457 501 556 540 tuae
586 499 877 552 nudatumque
902 498 1133 554 perspicio3
1165 503 1208 540 et
1234 500 1347 554 quod
1372 500 1478 541 mihi

136 556 245 597 nihil
277 560 351 597 aut
384 557 532 611 [quod]
570 571 658 597 non
694 557 878 598 multum
916 557 1142 612 relinquis,
1178 559 1477 612 percommode

137 615 244 656 facis
282 619 431 669 estque
468 615 574 656 mihi
617 619 797 670 gratum.
860 616 953 657 Iam
992 616 1105 657 istuc
1146 619 1355 670 quantum
1395 617 1545 658 tibi351

139 688 218 728 ego
251 673 508 727 reliquerim,
539 674 680 727 inquit
712 674 941 729 Antonius,
972 674 1053 715 erit
1077 674 1123 715 in
1148 678 1223 716 tua
1248 678 1476 729 potestate.

87 749 120 774 ιο
142 731 186 773 Si
218 732 332 773 enim
363 747 459 773 vere
492 746 616 787 agere
648 732 847 787 volueris,
879 733 1022 774 omnia
1053 733 1134 774 tibi
1166 733 1380 788 relinquo,
1412 734 1478 775 sin

139 790 419 845 dissimulare,
444 794 492 831 tu
513 805 639 844 quem
660 792 712 832 ad
737 792 911 832 modum
930 791 996 832 his
1025 792 1128 832 satis
1155 792 1288 833 facias
1308 792 1476 834 videris.

141 848 223 890 Sed
260 852 308 890 ut
346 849 398 890 ad
434 864 523 890 rem
560 850 748 904 redeam,
784 864 872 890 non
910 865 1004 891 sum
1035 853 1157 891 tanto
1192 865 1290 905 ego,
1326 850 1479 905 inquit,

138 907 325 962 ingenio,
358 910 516 961 quanto
543 907 851 949 Themistocles
878 908 973 962 fuit,
1004 911 1052 949 ut
1079 908 1307 950 oblivionis
1341 912 1478 950 artem

141 981 268 1020 quam
305 966 535 1007 memoriae
578 966 742 1022 malim,
787 966 1053 1021 gratiamque
1090 967 1228 1008 habeo
1268 966 1479 1008 Simonidi

27 1037 31 1040 ”
87 1041 120 1067 15
140 1024 203 1065 illi
244 1022 339 1079 Cio,
377 1039 502 1078 quem
538 1025 725 1079 primum
763 1024 906 1065 ferunt
944 1028 1079 1066 artem
1116 1026 1346 1067 memoriae
1384 1040 1479 1080 pro-

140 1083 300 1124 tulisse.
374 1083 536 1124 Dicunt
585 1083 716 1138 enim,
767 1098 895 1137 quom
945 1086 1116 1124 cenaret
1160 1082 1384 1125 Crannone
1433 1084 1548 1126 in352

139 1141 360 1182 Thessalia
381 1140 620 1182 Simonides
642 1141 754 1195 apud
770 1141 953 1196 Scopam
971 1141 1241 1183 fortunatum
1260 1143 1499 1184 hominem’

140 1202 182 1241 et
225 1199 414 1241 nobilem
458 1199 764 1254 cecinissetque
807 1200 851 1241 id
896 1215 1083 1255 carmen,
1133 1201 1246 1255 quod
1293 1201 1339 1242 in
1382 1216 1479 1242 eum

141 1258 394 1313 scripsisset,
418 1258 464 1299 in
484 1273 567 1312 quo
594 1258 730 1299 multa
756 1259 934 1299 ornandi
960 1274 1088 1300 causa
1112 1262 1337 1313 poetarum
1362 1274 1480 1301 more

87 1317 185 1359 20111
216 1316 438 1358 Castorem
471 1317 631 1371 scripta
662 1320 704 1358 et
728 1317 948 1358 Pollucem
973 1317 1168 1372 fuissent,
1198 1318 1326 1359 nimis
1357 1318 1480 1359 illum

142 1374 309 1416 sordide
351 1374 560 1416 Simonidi
601 1374 757 1416 dixisse
800 1390 843 1416 se
884 1375 1106 1416 dimidium
1150 1376 1240 1417 eius
1285 1377 1323 1417 ei
1365 1377 1479 1430 quod

140 1436 291 1488 pactus
319 1436 431 1474 esset
455 1447 532 1487 pro
559 1433 634 1474 illo
661 1433 846 1474 carmine
867 1434 1078 1488 daturum,
1102 1434 1314 1488 reliquom
1341 1449 1364 1475 a
1391 1434 1477 1475 suis

141 1491 394 1546 Tyndaridis
416 1506 521 1545 quos
543 1506 673 1546 aeque
693 1492 909 1533 laudasset
928 1494 1106 1546 peteret,
1133 1492 1168 1532 si
1195 1492 1233 1533 ei
1252 1492 1478 1533 videretur.

141 1550 275 1591 Paulo
295 1553 394 1604 post
414 1565 505 1591 esse
532 1549 675 1591 ferunt
700 1550 946 1591 nuntiatum
968 1549 1177 1591 Simonidi
1203 1553 1251 1591 ut
1271 1551 1549 1606 prodiret:353

89 1625 122 1650 25
141 1608 314 1649 iuvenes
365 1611 478 1649 stare
529 1609 581 1649 ad
629 1608 802 1649 ianuam
851 1609 934 1649 duo
984 1609 1209 1662 quosdam,
1260 1609 1332 1662 qui
1383 1623 1480 1650 eum

142 1681 399 1722 magnopere
430 1669 650 1722 vocarent3
682 1667 914 1708 surrexisse
945 1667 1068 1707 illum
1099 1667 1292 1721 prodisse
1324 1667 1480 1709 vidisse

141 1725 365 1766 neminem.
438 1725 532 1767 Hoc
574 1725 748 1766 interim
798 1725 935 1779 spatio
986 1726 1185 1767 conclave
1233 1725 1358 1781 illud,
1407 1726 1481 1766 ubi

142 1783 386 1837 epularetur
430 1782 608 1838 Scopas,
651 1783 903 1838 concidisse·
947 1798 996 1824 ea
1038 1783 1162 1824 ruina
1200 1784 1343 1837 ipsum
1385 1799 1482 1825 cum

144 1842 338 1896 cognatis
367 1855 616 1895 oppressum
642 1842 729 1882 suis
754 1842 965 1883 interisse.
1011 1842 1127 1891 Quos
1149 1856 1277 1896 quom
1303 1842 1480 1883 humare

90 1916 125 1942 30
144 1899 301 1940 vellent
342 1900 408 1940 sui
447 1914 582 1954 neque
622 1903 797 1954 possent
838 1900 1023 1954 optritos
1064 1899 1351 1941 internoscere
1392 1901 1480 1941 ullo

144 1958 284 2012 modo,
317 1956 555 1999 Simonides
588 1958 744 2000 dicitur
776 1973 827 1999 ex
858 1972 921 2013 eo,
954 1958 1066 2012 quod
1097 1958 1364 1999 meminisset
1396 1972 1479 2012 quo

145 2030 292 2057 eorum
339 2015 434 2057 loco
479 2016 657 2070 quisque
708 2016 943 2070 cubuisset,
992 2016 1310 2058 demonstrator
1353 2017 1479 2057 unius

145 2073 348 2127 cuiusque
393 2074 622 2128 sepeliendi
664 2074 807 2116 fuisse.
875 2074 968 2116 Hac
1011 2077 1105 2116 tum
1147 2089 1192 2116 re
1237 2075 1479 2116 admonitus

142 2131 355 2173 invenisse
387 2132 523 2174 fertur
554 2133 747 2174 ordinem
778 2147 869 2174 esse
901 2148 1111 2189 maxume,
1143 2133 1216 2187 qui
1248 2133 1478 2174 memoriae

93 2207 129 2233 35
144 2190 289 2231 lumen
320 2190 515 2231 adferret.
575 2189 725 2245 Itaque
756 2191 829 2246 iis,
865 2191 937 2246 qui
973 2191 1083 2233 hanc
1120 2194 1288 2246 partem
1318 2190 1551 2245 ingenii354

146 2252 399 2300 exercerent,
430 2248 547 2290 locos
581 2263 671 2290 esse
704 2250 929 2304 capiendos
963 2252 1005 2291 et
1037 2264 1104 2305 ea,
1136 2264 1243 2304 quae
1276 2249 1482 2290 memoria

146 2309 289 2348 tenere
320 2307 490 2361 vellent,
521 2306 761 2362 effingenda
792 2308 933 2349 animo
967 2310 1094 2362 atque
1119 2308 1165 2348 111
1188 2308 1242 2348 iis
1268 2307 1374 2348 locis
1402 2306 1483 2347 col-
