1643 2526
391 81 534 115 LIBER
559 81 586 114 Ι.
637 79 737 116 CAP.
766 83 914 116 19—20.
954 83 972 123 ἓ
999 83 1150 116 84-91.
1382 79 1439 121 21

97 175 204 230 ipsis
243 175 355 230 apud
393 190 499 231 quos
538 178 683 231 ageret
721 175 820 216 talis
860 176 1029 229 qualem
1068 190 1112 217 se
1148 175 1240 230 ipse
1274 177 1444 230 optaret

101 233 331 288 videretur3
368 234 412 275 id
442 234 535 275 fieri
566 234 680 275 vitae
712 233 936 289 dignitate,
967 234 1017 275 de
1049 249 1133 288 qua
1162 233 1271 275 nihil
1303 233 1444 275 rheto—

99 291 177 333 rici
207 291 282 333 isti
314 293 510 334 doctores
535 293 581 333 in
605 292 845 347 praeceptis
872 292 960 333 suis
987 292 1278 347 reliquissent3
1310 295 1352 334 et
1378 292 1443 333 uti

101 350 139 391 ei
172 350 244 404 qui
277 350 472 392 audirent
504 351 564 392 sic
603 350 885 392 adficerentur
923 350 1096 405 animis,
1133 353 1181 392 ut
1212 364 1284 392 eos
1318 350 1443 392 adfici

65 425 80 450 5
100 408 227 450 vellet
259 412 422 464 orator3
465 409 578 462 quod
608 409 713 450 item
744 408 836 450 fieri
866 409 985 450 nullo
1018 409 1145 450 modo
1177 423 1322 464 posse,
1357 408 1442 450 nisi

100 470 329 522 cognosset
360 467 410 522 is,
440 468 512 521 qui
539 467 709 522 diceret,
734 470 840 521 quot
865 467 1002 508 modis
1029 467 1252 508 hominum
1277 470 1442 508 mentes

99 527 142 565 et
174 525 327 579 quibus
354 528 396 567 et
424 540 507 579 quo
536 540 688 581 genere
722 525 930 566 orationis
961 525 1006 566 in
1033 540 1243 580 quamque
1275 528 1443 579 partem

100 586 390 625 moverentur:
421 583 526 625 haec
558 587 703 625 autem
734 598 826 625 esse
857 583 1028 638 penitus
1059 584 1106 624 111
1136 584 1276 624 media
1306 583 1442 638 philo-

101 641 252 695 sophia
282 645 449 683 retrusa
481 645 609 696 atque
641 642 799 696 abdita,
831 657 937 696 quae
962 642 1037 683 isti
1063 642 1256 683 rhetores
1281 656 1334 682 ne
1359 641 1442 695 pri-

49 717 82 742 10
102 700 293 740 moribus
338 701 508 754 quidem
550 700 683 741 labris
727 700 985 755 attigissent.
1059 700 1125 741 Ea
1167 699 1441 742 Menedemus
1467 710 1511 742 88

99 758 303 812 exemplis
336 759 474 814 magis
508 773 634 813 quam
673 759 938 814 argumentis
971 759 1207 800 conabatur
1237 758 1440 800 refellere.

99 815 349 857 Memoriter
369 819 482 858 enim
507 818 644 858 multa
665 831 715 858 ex
736 817 1003 858 orationibus
1023 816 1305 858 Demostheni
1324 831 1443 871 prae-

100 874 211 915 clare
245 875 405 929 scripta
435 875 718 929 pronuntians
751 875 930 916 docebat
961 875 1082 916 illum
1114 875 1160 915 in
1191 875 1343 916 animis
1375 874 1443 916 vel

98 932 287 974 iudicum
318 933 385 974 vel
415 933 563 987 populi
594 933 640 974 in
671 948 839 974 omnem
870 936 1036 987 partem
1069 933 1246 974 dicendo
1277 947 1443 987 permo-

46 1008 78 1033 15
99 991 246 1032 vendis
277 1005 365 1032 non
395 991 527 1032 fuisse
559 991 770 1046 ignarum,
801 992 956 1045 quibus
987 1006 1036 1032 ea
1060 992 1187 1033 rebus
1215 1005 1442 1045 conseque-

97 1052 233 1104 retur,
272 1064 379 1103 quae
418 1053 596 1104 negaret
633 1049 704 1090 ille
745 1050 835 1090 sine
872 1049 1146 1104 philosophia
1184 1063 1441 1103 quemquam

97 1121 224 1148 nosse
267 1122 403 1162 posse.
472 1107 584 1149 Huic
625 1108 911 1162 respondebat
951 1122 1039 1149 non
1080 1122 1123 1149 se
1162 1122 1320 1163 negare
1360 1107 1442 1149 De-

1455 1085 1512 1126 20

98 1165 366 1207 mosthenem
399 1180 610 1207 summam
641 1166 911 1220 prudentiam
938 1180 1232 1219 summamque
1257 1166 1344 1207 vim
1369 1166 1442 1207 ha-
1467 1153 1510 1185 89

98 1223 242 1264 buisse
274 1224 452 1278 dicendi,
484 1225 557 1265 sed
584 1224 671 1265 sive
696 1224 768 1265 ille
794 1224 876 1266 hoc
901 1224 1074 1279 ingenio
1101 1224 1315 1278 potuisset
1341 1224 1441 1279 sive,

46 1299 80 1324 ρο
100 1281 143 1322 id
169 1282 282 1335 quod
314 1285 541 1336 constaret,
571 1282 765 1323 Platonis
799 1283 1015 1323 studiosus
1049 1282 1245 1324 audiendi
1277 1283 1442 1337 fuisset,

99 1354 188 1380 non
227 1340 327 1393 quid
363 1340 435 1381 ille
475 1340 706 1394 potuisset,
747 1341 820 1381 sed
861 1341 962 1394 quid
1000 1341 1075 1382 isti
1113 1341 1313 1382 docerent
1350 1355 1441 1382 esse

101 1398 401 1452 quaerendum.
465 1397 598 1452 Saepe
640 1398 770 1439 etiam
809 1398 855 1439 111
892 1413 985 1439 eam
1022 1402 1188 1452 partem
1224 1399 1442 1440 ferebatur
1467 1409 1512 1442 90

100 1456 309 1509 oratione,
342 1459 391 1497 ut
424 1456 597 1497 omnino
631 1456 868 1510 disputaret
898 1457 1060 1498 nullam
1093 1460 1228 1497 artem
1260 1471 1352 1498 esse
1384 1457 1443 1498 di-

99 1514 240 1569 cendi3
270 1514 397 1568 idque
428 1529 557 1568 quom
583 1515 848 1569 argumentis
874 1515 1089 1570 docuerat,
1121 1515 1233 1569 quod
1264 1515 1326 1556 ita
1349 1515 1442 1556 nati

46 1589 80 1614 25
99 1586 307 1626 essemus,
343 1575 391 1613 ut
431 1576 473 1614 et
504 1573 689 1613 blandiri
720 1573 781 1614 eis
815 1573 1048 1627 suptiliter,
1086 1588 1110 1613 a
1142 1573 1297 1627 quibus
1329 1576 1443 1615 esset

55 1644 60 1648 ·
97 1631 348 1685 petendum,
384 1634 427 1671 et
464 1631 728 1672 adversarios
766 1631 991 1673 minaciter
1028 1635 1186 1672 terrere
1217 1646 1441 1686 possemus

99 1691 142 1729 et
166 1703 257 1729 rem
290 1691 455 1743 gestam
485 1703 694 1743 exponere
721 1692 763 1731 et
788 1689 831 1730 id
858 1690 971 1744 quod
1001 1690 1317 1731 intenderemus
1345 1704 1442 1731 con-

98 1747 268 1787 firmare
301 1749 344 1788 et
377 1747 455 1799 [id]
489 1748 602 1800 quod
633 1751 783 1789 contra
815 1748 1025 1789 diceretur
1055 1748 1259 1802 refellere,
1291 1748 1342 1789 ad
1375 1763 1442 1789 ex-

98 1807 283 1846 tremum
315 1805 531 1859 deprecari
558 1805 719 1860 aliquid
745 1809 788 1847 et
814 1806 1029 1861 conqueri,
1061 1806 1215 1860 quibus
1241 1806 1287 1847 in
1312 1807 1440 1848 rebus

45 1880 79 1905 30
99 1863 237 1904 omnis
278 1867 497 1905 oratorum
531 1867 772 1905 versaretur
809 1864 1011 1918 facultas,
1048 1867 1090 1905 et
1123 1864 1236 1918 quod
1268 1878 1442 1905 eonsue-

96 1921 200 1962 tudo
228 1921 562 1975 exercitatioque
587 1922 865 1977 intellegendi
891 1922 1161 1976 prudentiam
1189 1925 1359 1963 acueret
1379 1926 1441 1963 at-

97 1993 177 2033 que
210 1979 435 2033 eloquendi
467 1980 730 2021 celeritatem
762 1980 979 2035 incitaret,
1017 1983 1109 2021 tum
1141 1980 1271 2022 etiam
1304 1995 1439 2022 exem-

94 2037 265 2091 plorum
303 2037 426 2091 eopia
461 2038 690 2079 nitebatur.
753 2038 865 2080 Nam
902 2038 1089 2092 primum
1130 2039 1253 2092 quasi
1294 2038 1437 2080 dedita
1463 2049 1506 2080 91

97 2109 227 2149 opera
245 2095 459 2136 neminem
479 2096 732 2150 scriptorem
759 2097 864 2137 artis
889 2111 942 2137 ne
968 2097 1240 2138 mediocriter
1267 2097 1437 2151 quidem

42 2169 76 2195 35
96 2153 302 2194 disertum
333 2153 465 2195 fuisse
497 2154 684 2208 dicebat,
721 2169 851 2209 quom
888 2157 1099 2209 repeteret
1136 2169 1271 2208 usque
1304 2170 1327 2195 a
1360 2153 1438 2195 Co-

94 2226 190 2253 race
220 2211 365 2253 nescio
398 2225 481 2265 quo
513 2215 556 2253 et
587 2212 721 2266 Tisia,
759 2227 866 2266 quos
906 2213 1010 2254 artis
1042 2213 1159 2254 illius
1191 2213 1436 2254 inventores

94 2272 138 2310 et
176 2269 389 2324 principes
433 2269 564 2311 fuisse
603 2274 837 2327 constaret3
881 2271 1254 2326 eloquentissimos
1293 2273 1437 2311 autem
