1643 2526
519 67 618 102 CAP.
646 70 799 104 37—39.
851 72 870 110 ς
898 71 1094 104 139—145.
1391 70 1475 110 259

136 162 445 216 sententiisque
467 163 775 219 consentiens];
806 177 888 204 vox
913 178 1181 218 permanens,
1205 178 1354 205 verum
1380 164 1477 205 sub-

134 235 262 262 rauca
303 224 467 262 natura.
537 220 619 262 Sed
655 221 736 262 hoc
773 221 926 262 vitium
969 221 1068 263 huic
1111 222 1185 262 uni
1228 221 1275 263 in
1314 222 1475 263 bonum

135 279 421 320 convertebat.
483 279 684 320 Habebat
716 279 829 320 enim
860 279 1001 320 flebile
1041 280 1241 333 quiddam
1284 279 1346 332 [in
1379 291 1545 334 que-142

136 337 365 388 stionibus]
401 340 632 392 aptumque
665 352 761 379 cum
787 338 839 379 ad
870 338 998 379 fidem
1029 337 1267 380 faciendam
1298 341 1391 379 tum
1423 339 1476 379 ad

100 413 115 437 5
135 395 471 437 misericordiam
508 396 873 437 commovendam:
917 399 965 437 ut
1002 410 1148 437 verum
1185 396 1400 438 videretur
1430 396 1477 437 in

134 454 215 495 hoc
233 454 352 508 illud,
378 454 491 507 quod
511 454 830 495 Demosthenen
854 454 998 495 ferunt
1025 455 1074 509 ei,
1102 455 1174 509 qui
1195 455 1477 508 quaesivisset

135 512 236 565 quid
266 512 453 566 primum
484 516 597 554 esset
628 514 673 553 in
704 512 893 567 dicendo,
925 513 1155 568 actionem3
1199 514 1299 566 quid
1331 527 1476 554 secun-

134 571 253 624 dum,
294 571 407 611 idem
446 574 488 612 et
524 571 637 612 idem
678 571 854 612 tertium
894 571 1174 625 respondisse.
1236 570 1368 612 Nulla
1407 585 1474 612 res

133 628 271 683 magis
302 632 499 683 penetrat
529 629 576 670 in
607 629 771 670 animos
804 644 960 683 eosque
991 629 1118 684 fingit
1149 629 1308 670 format
1339 629 1475 670 flectit

82 704 114 729 10
133 687 316 740 talisque
338 690 528 728 oratores
545 687 679 729 videri
697 687 814 742 facit,
835 688 972 741 qualis
991 687 1075 741 ipsi
1095 702 1139 729 se
1160 687 1292 728 videri
1312 688 1473 729 volunt.

249 745 361 787 Huic
394 746 466 786 alii
497 760 643 799 parem
675 760 767 787 esse
802 746 1013 800 dicebant,
1050 746 1122 786 alii
1155 746 1543 800 anteponebant143

130 803 177 844 L.
199 802 410 845 Crassum.
459 804 570 845 Illud
603 804 772 858 quidem
804 807 916 845 certe
943 818 1089 845 omnes
1120 804 1183 844 ita
1213 804 1473 859 iudicabant,

130 862 344 903 neminem
376 876 487 917 esse,
524 862 596 916 qui
632 863 787 903 horum
825 862 958 903 altero
991 865 1088 903 utro
1120 865 1303 916 patrono
1337 862 1473 904 cuius-

133 935 260 975 quam
290 920 511 975 ingenium
549 921 793 974 requireret.
855 921 1066 974 Equidem
1098 935 1357 974 quamquam
1390 920 1471 961 An-

78 996 110 1021 15
131 978 251 1019 tonio
271 981 441 1019 tantum
461 979 618 1033 tribuo,
639 982 846 1033 quantum
879 993 1006 1033 supra
1027 978 1126 1033 dixi,
1151 981 1297 1019 tamen
1317 979 1472 1020 Crasso

128 1036 237 1077 nihil
281 1039 426 1078 statuo
469 1036 562 1078 fieri
604 1037 796 1091 potuisse
839 1037 1081 1091 perfectius.
1154 1037 1262 1077 Erat
1305 1051 1473 1078 summa

130 1094 332 1150 gravitas,
363 1097 454 1136 erat
486 1109 582 1136 cum
615 1095 826 1150 gravitate
857 1095 1028 1137 iunctus
1060 1095 1313 1136 facetiarum
1340 1098 1382 1136 et
1406 1109 1473 1135 ur-

128 1153 334 1194 banitatis
362 1153 587 1207 oratorius,
610 1167 698 1194 non
724 1153 912 1195 scurrilis
939 1154 1071 1207 lepos,
1091 1153 1243 1194 Latine
1269 1153 1471 1207 loquendi

130 1215 328 1253 accurata
359 1214 401 1252 et
434 1211 524 1252 sine
555 1211 754 1253 molestia
786 1211 967 1267 diligens
1000 1211 1230 1266 elegantia,
1266 1211 1312 1252 in
1344 1211 1472 1252 disse-
1498 1208 1506 1211 ”

78 1288 111 1312 20
129 1270 259 1311 rendo
303 1269 411 1310 mira
455 1270 701 1324 explicati03
751 1284 847 1311 011111
888 1270 937 1311 (10
977 1270 1069 1310 11110
1108 1270 1241 1324 civili,
1285 1284 1382 1311 cum
1421 1270 1471 1310 de

129 1341 264 1381 aequo
297 1330 339 1368 et
369 1327 483 1368 bono
516 1327 824 1382 disputaretur,
861 1331 1213 1383 argumentorum
1251 1330 1293 1368 et
1325 1327 1471 1368 simili-

128 1386 326 1427 tudinum
352 1386 485 1440 copia.
534 1385 648 1426 Nam
674 1389 722 1426 ut
748 1385 962 1426 Antonius
990 1386 1235 1427 coniectura
1261 1386 1470 1426 movenda

129 1447 203 1485 aut
236 1444 420 1485 sedanda
446 1443 686 1497 suspicione
713 1446 786 1484 aut
812 1444 1034 1485 excitanda
1064 1444 1358 1484 incredibilem
1382 1444 1470 1484 vim

127 1502 331 1543 habebat:
376 1502 436 1543 sic
467 1502 513 1543 in
543 1502 878 1556 interpretando,
907 1502 953 1542 in
985 1502 1234 1556 definiendo,
1264 1502 1309 1542 in
1341 1502 1470 1556 expli-

75 1577 108 1603 25
130 1561 262 1602 canda
287 1560 502 1614 aequitate
527 1560 636 1600 nihil
661 1563 753 1601 erat
774 1559 928 1601 Crasso
956 1560 1189 1615 copiosius3
1219 1560 1346 1613 idque
1373 1574 1470 1601 cum

129 1632 252 1673 saepe
285 1619 390 1660 alias
422 1621 514 1660 tum
553 1618 665 1673 apud
706 1618 992 1659 centumviros
1030 1618 1075 1659 in
1107 1618 1174 1659 Μ’.
1208 1616 1309 1659 Curi
1342 1632 1470 1659 causa

128 1677 349 1732 cognitum
381 1680 457 1718 est.
518 1676 588 1718 Ita
625 1676 738 1718 enim
776 1677 910 1718 multa
947 1680 1040 1717 tum
1079 1679 1228 1717 contra
1261 1676 1539 1730 scriptum145

125 1749 202 1789 pro
247 1749 382 1788 aequo
421 1738 463 1776 et
499 1735 613 1776 bono
652 1735 776 1789 dixit,
819 1738 868 1776 ut
910 1735 1128 1776 hominem
1172 1734 1468 1776 acutissimum

128 1792 175 1841 Q
196 1792 444 1834 Scaevolam
475 1796 517 1834 et
546 1793 593 1834 in
623 1793 727 1848 iure,
756 1793 802 1834 in
827 1807 911 1846 quo
943 1793 1018 1834 illa
1049 1807 1178 1834 causa
1208 1793 1468 1847 vertebatur,

75 1868 110 1893 30
127 1851 448 1905 paratissimum
479 1852 678 1892 obrueret
710 1854 1060 1907 argumentorum
1092 1851 1467 1905 exemplorumque

128 1909 267 1963 copia3
318 1912 444 1962 atque
480 1909 543 1950 ita
579 1912 673 1950 tum
710 1910 762 1951 ab
800 1910 867 1950 his
905 1909 1098 1964 patronis
1138 1909 1386 1962 aequalibus
1425 1911 1468 1949 et

126 1967 213 2007 iam
245 1967 537 2008 consularibus
571 1983 698 2009 causa
727 1968 802 2008 illa
835 1968 948 2008 dicta
980 1971 1057 2022 est,
1089 1981 1185 2009 cum
1210 1970 1388 2020 uterque
1416 1980 1467 2007 ex

128 2025 342 2066 contraria
377 2028 498 2079 parte
533 2025 600 2067 ius
633 2025 755 2067 civile
788 2026 1049 2080 defenderet,
1086 2029 1134 2066 ut
1173 2024 1466 2080 eloquentium

126 2083 231 2124 iuris
263 2082 548 2137 peritissimus
581 2082 774 2138 Crassus,
804 2084 909 2125 iuris
941 2084 1178 2138 peritorum
1210 2083 1468 2137 eloquentis-

75 2157 110 2184 35
128 2141 260 2183 simus
289 2139 492 2182 Scaevola
514 2144 748 2195 putaretur.
800 2141 881 2190 Qui
908 2142 1078 2196 quidem
1111 2156 1207 2184 cum
1238 2144 1466 2196 peracutus

128 2202 240 2240 esset
271 2199 323 2240 ad
355 2199 682 2254 excogitandum
714 2199 815 2254 quid
852 2200 898 2241 in
927 2200 1019 2241 iure
1052 2203 1126 2241 aut
1155 2200 1202 2240 in
1234 2213 1369 2252 aequo
1401 2212 1468 2238 ve-

127 2271 223 2299 rum
254 2260 328 2298 aut
360 2260 473 2299 esset
504 2260 578 2298 aut
607 2271 695 2299 non
720 2261 843 2313 esset,
873 2261 967 2300 tum
998 2258 1138 2301 verbis
1171 2260 1261 2298 erat
1294 2257 1346 2297 ad
1377 2270 1467 2296 rem

1117 2325 1186 2360 17*

1484 1364 1540 1405 39

1474 1432 1540 1462 144
