1643 2526
342 108 486 143 LIBER
510 108 572 144 111.
624 107 723 143 CAP.
753 112 901 144 13-14,
941 111 960 150 ξ
986 112 1136 143 46-53.
1336 107 1414 149 175

73 204 123 245 de
155 217 200 244 re
233 218 308 244 sua
341 203 509 244 diceret.
571 203 651 244 Isti
684 202 815 257 enim,
856 203 928 256 qui
967 203 1019 244 ad
1055 217 1134 244 nos
1168 217 1316 244 causas
1350 203 1416 244 de—

73 262 228 315 ferunt,
252 261 315 302 ita
339 275 418 303 nos
444 261 694 315 plerumque
719 261 802 316 ipsi
829 261 993 315 docent,
1019 264 1066 302 ut
1091 275 1177 302 non
1203 262 1414 302 desideres

72 320 241 374 planius
280 319 373 361 dici.
434 320 619 361 Easdem
657 334 724 361 res
763 323 906 360 autem
945 320 1122 361 simulac
1153 319 1302 361 Fufius
1341 323 1416 361 aut

74 381 214 419 vester
255 378 443 432 aequalis
481 378 744 432 Pomponius
789 392 915 433 agere
954 378 1113 432 coepit,
1154 392 1242 419 non
1282 393 1414 432 aeque

40 451 55 476 5
75 436 176 490 quid
208 436 362 491 dicant,
392 436 477 477 nisi
509 437 735 478 admodum
768 436 942 489 attendi,
972 436 1195 491 intellego3
1225 437 1288 478 ita
1319 451 1416 478 con-

73 495 169 536 fusa
201 498 266 536 est
299 495 457 549 oratio,
491 495 553 536 ita
590 495 858 549 perturbata,
897 495 1005 535 nihil
1042 498 1091 535 ut
1128 495 1184 535 sit
1215 496 1416 549 primum,

73 553 181 593 nihil
213 556 262 594 ut
294 554 542 607 secundum,
579 556 783 606 tantaque
822 553 1051 594 insolentia
1089 568 1137 594 ac
1169 554 1297 594 turba
1327 569 1416 594 ver-

44 655 48 658 ,
73 612 240 665 borum,
271 615 319 652 ut
346 612 496 665 oratio,
522 626 628 665 quae
654 612 798 652 lumen
824 611 1023 652 adhibere
1048 612 1176 652 rebus
1204 612 1341 666 debet,
1366 627 1416 653 ea

75 670 382 711 obscuritatem
408 673 450 710 et
470 670 668 711 tenebras
692 670 840 710 afferat
867 673 993 724 atque
1014 673 1062 711 ut
1084 670 1268 724 quodam
1287 671 1414 711 modo

22 743 55 767 10
73 728 157 782 ipsi
189 728 271 769 sibi
301 728 347 768 in
378 728 554 769 dicendo
588 729 832 782 obstrepere
865 728 1098 769 videantur.
1162 728 1340 783 Verum,
1379 729 1414 769 si

73 786 232 840 placet,
270 786 471 840 quoniam
508 787 612 828 haec
651 787 755 827 satis
788 801 911 841 spero
943 787 1065 828 vobis
1099 786 1269 840 quidem
1302 790 1415 828 certe

75 845 309 886 maioribus
329 845 511 885 molesta
531 848 572 886 et
592 845 742 899 putida
761 845 906 899 videri,
933 846 984 886 ad
1010 845 1174 898 reliqua
1194 845 1414 899 aliquanto

77 903 291 944 odiosiora
333 917 572 957 pergamus.
641 903 774 957 Atqui
818 903 954 957 vides,
1002 903 1143 957 inquit
1186 903 1416 957 Antonius,

76 976 172 1003 cum
204 961 308 1002 alias
346 976 412 1002 res
452 976 648 1016 agamus,
686 976 811 1015 quam
851 965 893 1002 te
929 961 1054 1003 inviti
1088 961 1309 1002 audiamus
1343 962 1416 1016 qui

22 1033 56 1058 15
77 1019 227 1061 adduci
265 1033 492 1073 possumus
528 1045 575 1049 —
614 1020 663 1060 de
701 1035 768 1060 me
806 1020 919 1060 enim
957 1020 1121 1061 conicio
1162 1045 1215 1049 ——
1254 1020 1415 1061 relictis

74 1081 123 1118 ut
166 1078 362 1118 omnibus
404 1079 530 1118 rebus
569 1081 610 1118 te
650 1082 861 1119 sectemur
900 1081 942 1119 te
984 1078 1223 1133 audiamus3
1265 1078 1328 1119 ita
1366 1079 1415 1119 de

74 1135 258 1176 horridis
289 1136 417 1177 rebus
448 1136 596 1189 nitida,
634 1137 683 1177 de
714 1136 868 1177 ieiunis
900 1136 1038 1191 plena,
1070 1137 1119 1177 de
1151 1137 1415 1192 pervulgatis

74 1208 185 1235 nova
217 1194 424 1247 quaedam
456 1198 521 1235 est
554 1194 690 1235 oratio
722 1198 807 1235 tua.

192 1252 358 1293 Faciles
391 1253 521 1307 enim,
557 1253 715 1307 inquit,
746 1253 927 1307 Antoni,
962 1256 1105 1307 partes
1138 1267 1211 1294 eae
1242 1253 1416 1294 fuerunt
1468 1271 1474 1278 ·

22 1324 55 1349 20
75 1311 194 1364 duae,
226 1325 330 1363 quas
356 1311 482 1351 modo
507 1311 751 1364 percucurri
777 1311 843 1352 vel
869 1311 1013 1364 potius
1039 1326 1172 1365 paene
1203 1311 1417 1366 praeterii,

74 1368 226 1409 Latine
247 1369 447 1422 loquendi
468 1369 674 1422 planeque
696 1369 878 1423 dicendi·
907 1369 1095 1423 reliquae
1116 1373 1216 1410 sunt
1236 1384 1416 1424 magnae

75 1427 320 1481 implicatae
352 1427 493 1467 variae
526 1441 694 1481 graves,
736 1427 889 1480 quibus
927 1427 1064 1468 omnis
1098 1428 1324 1468 admiratio
1356 1428 1417 1468 in-

79 1485 191 1540 genii
225 1485 362 1525 omnis
394 1485 487 1526 laus
515 1485 782 1539 eloquentiae
816 1485 1069 1526 continetur.
1131 1485 1270 1526 Nemo
1303 1486 1417 1526 enim

76 1558 265 1596 unquam
297 1546 362 1584 est
394 1547 625 1597 oiatorem,
664 1544 775 1597 quod
806 1543 959 1585 Latine
992 1544 1256 1598 loqueretur,
1288 1544 1418 1585 admi-

21 1614 55 1640 25
74 1605 205 1642 ratus.
269 1600 313 1642 Si
352 1605 417 1642 est
458 1602 598 1656 aliter,
640 1602 837 1656 irrident,
879 1616 1016 1656 neque
1061 1617 1157 1643 eum
1202 1605 1416 1643 oratorem

73 1660 371 1700 tantummodo
405 1660 478 1701 sed
507 1660 725 1701 hominem
752 1675 839 1701 non
870 1664 1035 1714 putant.
1098 1660 1236 1701 Nemo
1264 1661 1416 1702 extulit

76 1733 172 1759 eum
203 1718 362 1772 verbis,
404 1718 476 1772 qui
512 1719 574 1759 ita
613 1719 807 1772 dixisset,
848 1722 896 1759 ut
929 1719 1001 1774 qui
1034 1719 1231 1760 adessent
1260 1719 1418 1760 intelli-

76 1779 224 1831 gerent
251 1776 352 1830 quid
378 1776 548 1830 diceret,
579 1777 651 1817 sed
678 1777 935 1830 contempsit
967 1792 1076 1831 eum,
1109 1778 1180 1830 qui
1206 1777 1348 1818 minus
1373 1777 1417 1818 id

74 1834 212 1876 facere
239 1834 461 1888 potuisset.
511 1835 562 1875 In
588 1849 672 1888 quo
697 1835 832 1890 igitur
858 1835 1053 1876 homines
1080 1836 1415 1877 exhorrescunt?

22 1905 56 1930 30
77 1907 201 1947 quem
223 1893 451 1946 stupefacti
472 1893 681 1934 dicentem
700 1893 951 1934 intuentur?
977 1894 1022 1934 in
1043 1908 1126 1947 quo
1147 1893 1416 1935 exclamant?

77 1965 202 2004 quem
235 1951 372 2005 deum,
402 1954 451 1991 ut
474 1951 538 1991 ita
563 1952 713 2005 dicam,
743 1952 855 1992 inter
885 1952 1080 1992 homines
1112 1952 1296 2006 putant?
1335 1951 1417 2000 Qui

76 2008 288 2062 distincte,
321 2009 392 2062 qui
419 2010 639 2063 explicate,
671 2010 743 2063 qui
770 2010 1047 2064 abundanter,
1079 2010 1151 2064 qui
1176 2010 1416 2051 illuminate

77 2070 119 2107 et
156 2067 282 2108 rebus
322 2070 364 2107 et
401 2067 540 2108 verbis
582 2068 728 2109 dicunt
771 2071 814 2109 et
850 2068 895 2108 in
931 2068 1026 2121 ipsa
1063 2068 1256 2109 oratione
1296 2069 1417 2122 quasi

77 2125 287 2179 quendam
312 2140 536 2166 numerum
567 2140 820 2180 versumque
847 2126 1094 2168 conficiunt:
1125 2126 1169 2167 id
1195 2130 1273 2180 est,
1305 2127 1417 2180 quod

23 2197 56 2222 35
77 2183 183 2237 dico,
216 2187 375 2224 ornate.
438 2182 519 2231 Qui
551 2184 662 2225 idem
693 2184 756 2225 ita
787 2185 1075 2239 moderantur,
1105 2188 1154 2226 ut
1184 2199 1339 2236 rerum,
1369 2187 1417 2224 ut

75 2256 354 2295 personarum
400 2242 631 2296 dignitates
675 2242 836 2296 ferunt,
878 2242 910 2283 ii
951 2246 1050 2283 sunt
1089 2243 1135 2284 in
1176 2257 1224 2284 eo
1264 2256 1416 2297 genere

75 2299 275 2341 laudandi
301 2300 451 2354 laudis,
478 2300 591 2353 quod
617 2314 696 2355 ego
724 2304 871 2355 aptum
897 2304 939 2342 et
966 2315 1203 2356 congruens
1229 2299 1415 2341 nomino.

1442 214 1485 244 50

1442 739 1483 769 51

1436 904 1486 944 14

1443 1847 1485 1876 53
