1643 2526
195 115 279 156 368
766 113 959 149 ORATOR

196 212 339 250 autem
383 209 618 263 spondeum
662 212 704 250 et
747 209 1008 250 trochaeum.
1077 208 1200 257 Quod
1243 209 1356 250 enim
1397 224 1534 263 paean

194 268 352 309 habeat
383 267 461 308 tris
493 267 653 323 brevis,
690 267 883 321 dactylus
917 271 1060 308 autem
1091 267 1214 321 duas,
1249 267 1459 308 brevitate
1491 271 1535 309 et

197 326 414 367 celeritate
446 326 706 380 syllabarum
740 326 829 366 labi
860 329 985 379 putat
1015 325 1144 366 verba
1174 325 1406 379 proclivius
1438 340 1534 367 con-

196 387 346 437 traque
379 384 567 425 accidere
598 384 644 425 in
676 384 863 438 spondeo
896 386 938 424 et
970 383 1189 437 trochae03
1227 384 1340 437 quod
1372 384 1480 425 alter
1510 399 1532 424 e

194 442 335 497 longis
375 445 543 483 constet
584 443 690 483 alter
727 457 748 483 6
786 442 1006 496 brevibus,
1047 441 1140 482 fieri
1184 441 1362 482 alteram
1404 442 1532 483 nimis
1571 460 1587 484 5

194 501 419 542 incitatam
456 500 634 542 alteram
670 500 797 541 nimis
835 500 1002 541 tardam
1041 500 1296 554 orationem,
1337 503 1534 541 neutram

126 562 488 613 192temperatam.
552 558 634 600 Sed
666 562 708 600 et
738 559 802 599 1111
832 558 997 612 priores
1030 561 1172 599 errant
1197 561 1239 599 et
1264 558 1464 612 Ephorus
1489 559 1535 598 in

197 617 321 671 culpa
347 620 422 658 est.
472 616 586 658 Nam
612 620 654 658 et
680 617 752 670 qui
778 631 940 671 paeana
963 619 1249 671 praetereunt,
1278 631 1365 657 non
1390 616 1535 657 vident

195 675 498 716 mollissimum
518 690 542 716 a
563 690 653 716 sese
673 690 897 716 numerum
924 675 1201 728 eumdemque
1222 674 1534 728 amplissimum

195 733 430 787 praeteriri.
492 733 614 781 Quod
651 733 777 788 longe
810 733 1035 774 Aristoteli
1072 733 1241 774 videtur
1279 747 1416 785 secus,
1461 733 1534 786 qui
1555 750 1587 774 10

194 792 356 833 iudicat
391 791 570 832 heroum
606 806 831 832 numerum
862 791 1133 846 grandiorem
1165 806 1293 845 quam
1325 791 1534 832 desideret
1595 797 1597 799 ’

197 850 338 890 soluta
383 850 539 904 oratio,
580 850 772 890 iambum
815 852 958 890 autem
1001 849 1128 890 nimis
1169 864 1190 889 e
1231 849 1399 903 vulgari
1442 863 1534 890 esse

197 922 403 949 sermone.
463 908 531 948 Ita
567 922 703 962 neque
740 908 946 948 humilem
979 910 1020 948 et
1053 907 1264 948 abiectam
1297 907 1534 949 orationem

195 981 273 1007 nec
298 966 427 1007 nimis
449 966 580 1007 altam
607 970 649 1007 et
675 968 977 1021 exaggeratam
1002 965 1170 1020 probat,
1194 965 1364 1019 plenam
1389 969 1535 1006 tamen

196 1039 290 1066 eam
327 1024 418 1065 vult
457 1039 547 1065 esse
590 1024 832 1079 gravitatis,
868 1027 917 1064 ut
949 1038 1020 1065 eos
1055 1023 1125 1078 qui
1159 1024 1331 1065 audient
1364 1024 1416 1064 ad
1446 1038 1532 1064 ma·
1556 1040 1586 1064 15

127 1082 330 1123 193iorem
345 1082 671 1123 admirationem
684 1082 822 1136 possit
836 1082 1066 1123 traducere.
1099 1081 1363 1123 Trochaeum
1381 1084 1536 1136 autem,

198 1141 271 1194 qui
303 1144 367 1181 est
399 1141 546 1181 eodem
578 1141 717 1194 spatio
751 1155 833 1193 quo
861 1141 1052 1194 choreus,
1084 1140 1304 1181 cordacem
1336 1140 1535 1194 appellat,

200 1199 298 1252 quia
325 1199 562 1239 contractio
590 1202 631 1239 et
658 1199 844 1239 brevitas
865 1198 1119 1253 dignitatem
1144 1212 1231 1238 non
1255 1198 1422 1238 habeat.
1467 1198 1535 1238 Ita

197 1271 361 1310 paeana
391 1258 546 1311 probat
573 1271 706 1311 eoque
734 1257 793 1297 ait
820 1256 884 1297 uti
911 1256 1061 1310 omnis,
1092 1256 1166 1297 sed
1190 1256 1306 1309 ipsos
1332 1270 1418 1296 non
1445 1270 1536 1296 sen-

197 1315 290 1369 tire,
316 1329 412 1356 cum
437 1318 631 1369 utantur3
664 1329 755 1355 esse
783 1318 926 1355 autem
946 1314 1123 1355 tertium
1144 1328 1191 1355 ac
1211 1314 1397 1354 medium
1423 1314 1536 1354 inter
1555 1330 1588 1354 ἕο

198 1373 307 1427 illos,
333 1376 375 1414 et
400 1373 462 1414 ita
486 1373 624 1414 factos
651 1387 722 1414 eos
748 1374 875 1426 pedes
902 1387 1006 1427 esse,
1032 1375 1079 1413 ut
1102 1372 1147 1412 in
1167 1372 1226 1412 eis
1248 1372 1428 1427 singulis
1449 1386 1536 1412 mo-

199 1431 275 1471 dus
307 1431 411 1471 insit
450 1434 523 1471 aut
561 1431 802 1485 sesquiplex
841 1434 913 1471 aut
945 1430 1099 1484 duplex
1132 1433 1205 1471 aut
1235 1445 1322 1484 par.
1384 1430 1535 1483 Itaque

197 1489 279 1543 illi,
319 1490 368 1529 de
407 1489 561 1542 quibus
601 1492 697 1530 ante
736 1489 840 1542 dixi,
881 1489 1178 1529 tantummodo
1218 1488 1535 1529 commoditatis

129 1547 441 1588 194habuerunt
474 1547 696 1601 rationem,
726 1547 888 1587 nullam
921 1546 1155 1602 dignitatis.
1216 1546 1390 1587 Iambus
1423 1546 1535 1586 enim

198 1609 240 1646 et
260 1606 452 1659 dactylus
471 1605 518 1645 in
536 1620 705 1646 versum
726 1605 882 1646 cadunt
901 1605 1102 1658 maxime3
1132 1605 1278 1658 itaque
1298 1607 1346 1644 ut
1365 1618 1535 1645 versum
1554 1620 1587 1645 25

196 1663 386 1717 fugimus
424 1663 468 1703 in
507 1663 717 1716 oratione,
761 1663 820 1703 sic
858 1663 902 1702 hi
941 1666 1039 1703 sunt
1078 1662 1264 1703 evitandi
1296 1661 1535 1703 continuati

196 1722 342 1775 pedes,
386 1721 501 1761 aliud
538 1721 651 1760 enim
689 1721 888 1774 quiddam
927 1723 991 1760 est
1030 1720 1166 1761 oratio
1198 1734 1275 1761 nec
1308 1720 1535 1774 quicquam

196 1779 410 1819 inimicius
438 1793 564 1831 quam
589 1778 664 1818 illa
689 1778 900 1832 versibus3
930 1792 1067 1831 paean
1095 1781 1238 1818 autem
1270 1778 1444 1818 minime
1470 1781 1536 1818 est

199 1840 322 1890 aptus
362 1837 415 1877 ad
451 1851 638 1890 versum,
682 1850 764 1889 quo
802 1835 1006 1876 libentius
1048 1850 1144 1876 eum
1184 1836 1344 1890 recepit
1386 1836 1535 1877 oratio.

197 1895 396 1948 Ephorus
436 1908 534 1935 vero
571 1909 623 1935 ne
657 1894 891 1948 spondeum
923 1894 1109 1947 quidem,
1151 1908 1277 1947 quem
1308 1894 1439 1949 fugit,
1474 1893 1536 1934 in-
1555 1910 1589 1934 30

197 1953 365 2007 tellegit
398 1967 489 1993 esse
523 1952 741 2005 aequalem
773 1951 955 2006 dactylo,
987 1966 1112 2004 quem
1137 1952 1302 2006 probat.
1351 1951 1535 2006 Syllabis

199 2010 311 2051 enim
337 2010 573 2051 metiendos
600 2011 740 2064 pedes,
770 2024 857 2050 non
886 2009 1124 2050 intervallis
1157 2010 1390 2063 existimat3
1423 2009 1537 2063 quod

197 2068 310 2108 idem
341 2068 445 2109 facit
477 2068 522 2108 in
553 2068 774 2121 trochaeo,
812 2067 883 2120 qui
922 2068 1187 2122 temporibus
1225 2071 1268 2108 et
1297 2067 1536 2108 intervallis

199 2129 264 2167 est
294 2140 371 2180 par
401 2126 557 2179 iambo,
589 2127 662 2167 sed
687 2140 736 2166 eo
762 2125 942 2166 vitiosus
973 2126 1019 2166 111
1052 2126 1255 2179 oratione,
1287 2126 1322 2166 si
1353 2128 1537 2180 ponatur

199 2187 425 2238 extremus,
458 2185 570 2237 quod
595 2184 723 2225 verba
754 2184 905 2224 melius
936 2183 981 2224 in
1013 2184 1198 2237 syllabas
1230 2183 1445 2238 longiores
1473 2198 1537 2224 ca-
1558 2199 1587 2225 35

200 2243 315 2283 dunt.
365 2241 507 2295 Atque
533 2242 648 2293 haec,
680 2256 787 2295 quae
820 2244 919 2282 sunt
945 2242 1057 2295 apud
1082 2241 1359 2295 Aristotelen,
1390 2241 1537 2282 eadem

131 2311 224 2341 195a
242 2300 538 2354 Theophrasto
565 2299 886 2353 Theodecteque
913 2299 962 2340 de
988 2314 1147 2354 paeane
1179 2299 1389 2340 dicuntur.
1439 2299 1534 2353 Ego
