1643 2526
74 769 107 792 10

74 1059 106 1084 15

73 1352 107 1376 20

75 1642 108 1667 25

74 1940 108 1965 30

74 2230 107 2256 35

372 74 515 109 LIBER
539 74 600 109 111.
653 74 758 110 CAP.
786 77 936 110 39-40.
976 78 995 117 ξ
1023 77 1218 110 155-162.
1385 74 1472 116 203

125 170 287 270 tegegit
304 173 462 225 posset,
494 170 661 211 duobus
693 169 862 211 tralatis
894 170 1035 211 verbis
1069 169 1347 211 similitudine
1377 169 1473 224 ipsa

125 244 170 269 1n
201 244 267 270 ica
288 263 299 284 ,

127 309 546 364 Quandoquidem
582 311 626 352 is
666 325 715 352 se
748 310 942 352 circum
974 311 1135 351 vestit
1174 310 1328 351 dictis
1367 325 1472 351 sae-

1091 369 1168 423 pit
1201 369 1387 410 sedulo.

243 461 344 503 Non
369 477 589 517 nunquam
616 463 746 504 etiam
771 462 958 504 brevitas
985 461 1214 502 tralatione
1235 462 1473 516 conficitur,

126 524 174 562 ut
194 521 299 562 illud
327 519 378 562 Si
404 522 561 563 telum
587 536 733 562 manu
758 521 908 576 fugit.
954 520 1234 574 Inprudentia
1253 520 1329 561 teli
1349 520 1471 562 missi

125 579 297 621 brevius
328 580 514 634 propriis
546 580 686 621 verbis
726 580 881 634 exponi
918 593 1006 619 non
1042 579 1203 633 potuit,
1245 593 1373 632 quam
1406 583 1472 620 est

125 652 210 679 uno
243 638 486 692 significata
517 638 688 679 tralato.
749 638 844 679 Hoc
874 638 921 678 in
953 652 1106 692 genere
1134 652 1337 692 persaepe
1363 637 1539 680 mihi159

126 696 422 737 admirandum
453 696 621 737 videtur
653 696 754 750 quid
787 696 862 750 sit,
901 696 1013 750 quod
1046 710 1191 736 omnes
1225 696 1394 736 tralatis
1428 699 1471 737 et

127 755 276 795 alienis
308 755 447 810 magis
474 755 738 796 delectentur
762 754 902 796 verbis
930 769 1057 808 quam
1088 754 1272 809 propriis
1300 757 1343 795 et
1369 754 1469 795 suis.

125 812 237 854 Nam
271 813 306 854 si
334 828 401 854 res
435 828 558 854 suom
588 827 745 854 nomen
777 816 819 854 et
844 813 1099 854 vocabulum
1130 813 1352 867 proprium
1382 827 1471 853 non
1483 814 1541 854 40

126 871 275 926 habet,
319 875 363 912 ut
400 886 486 926 pes
517 872 563 912 in
594 872 710 925 navi,
750 874 799 912 ut
835 886 1014 912 nexum
1054 871 1167 925 quod
1202 885 1278 924 per
1314 871 1470 912 libram

127 930 281 985 agitur,
312 933 360 970 ut
385 930 430 970 in
455 944 587 970 uxore
621 930 916 983 divortium,
946 929 1179 971 necessitas
1212 929 1330 984 cogit
1357 930 1470 984 quod

125 1002 212 1029 non
243 988 402 1029 habeas
436 988 603 1029 aliunde
637 1003 820 1040 sumere3
853 988 926 1029 sed
955 988 1001 1028 in
1034 1002 1208 1028 suorum
1240 988 1469 1029 verborum

127 1046 312 1088 maxima
344 1047 467 1101 copia
498 1050 643 1087 tamen
672 1046 868 1087 homines
904 1046 1042 1087 aliena
1073 1046 1210 1087 multo
1243 1046 1400 1101 magis,
1433 1046 1468 1086 si

127 1108 226 1146 sunt
258 1105 423 1146 ratione
456 1105 625 1159 tralata,
657 1105 880 1146 delectant.
941 1104 991 1145 Id
1024 1104 1212 1145 accidere
1246 1105 1370 1145 credo
1402 1104 1539 1146 ve1160

127 1163 241 1217 quod
265 1163 411 1219 ingeni
433 1164 649 1217 specimen
669 1166 734 1204 est
755 1163 955 1216 quiddam
974 1162 1190 1203 transilire
1217 1165 1315 1203 ante
1340 1163 1468 1217 pedes
1498 1211 1505 1213 ⁴

124 1222 315 1276 positum
342 1225 384 1263 et
411 1222 494 1262 alia
524 1222 651 1277 longe
677 1222 861 1276 repetita
887 1236 1069 1276 sumere3
1100 1221 1167 1262 vel
1194 1221 1308 1275 quod
1331 1221 1369 1262 is
1397 1221 1469 1276 qui

127 1280 245 1320 audit
287 1280 370 1321 alio
412 1280 581 1321 ducitur
622 1280 884 1334 cogitatione
924 1294 1061 1333 neque
1102 1282 1247 1320 tamen
1287 1280 1470 1334 aberrat,

128 1353 235 1392 quae
267 1339 496 1380 maximast
528 1338 773 1392 delectatio3
805 1338 872 1379 vel
899 1339 1012 1391 quod
1042 1338 1088 1378 in
1120 1337 1300 1392 singulis
1326 1337 1468 1379 verbis

126 1411 193 1438 res
233 1411 281 1438 ac
319 1400 460 1438 totum
498 1396 635 1437 simile
675 1396 917 1451 conficitur3
960 1396 1027 1436 vel
1065 1397 1177 1449 quod
1216 1396 1354 1437 omnis
1386 1399 1470 1437 tra-

125 1455 244 1509 latio,
277 1470 383 1509 quae
410 1454 580 1509 quidem
607 1457 777 1509 sumpta
802 1455 967 1495 ratione
995 1457 1072 1508 est,
1098 1454 1150 1495 ad
1177 1468 1324 1495 sensus
1350 1454 1468 1508 ipsos

127 1514 395 1568 admovetur,
435 1513 618 1554 maxime
659 1513 897 1567 oculorum⁷
936 1512 1008 1566 qui
1041 1515 1105 1553 est
1137 1527 1286 1553 sensus
1319 1512 1469 1553 acerri-

127 1587 232 1613 mus.
282 1571 395 1613 Nam
428 1575 470 1613 et
504 1572 624 1612 odor
656 1571 914 1612 urbanitatis
943 1574 985 1612 et
1017 1571 1289 1612 mollitudo
1321 1570 1536 1612 huma-161

127 1630 278 1671 nitatis
306 1633 348 1671 et
374 1645 594 1671 murmur
620 1630 749 1670 maris
777 1633 819 1670 et
846 1629 1110 1671 dulcitudo
1136 1629 1342 1670 orationis
1370 1632 1485 1670 sunt-

127 1689 254 1730 ducta
292 1704 316 1730 a
354 1689 506 1730 ceteris
548 1688 762 1743 sensibus3
810 1688 885 1729 illa
924 1702 1024 1729 vero
1067 1688 1289 1729 oculorum
1331 1688 1468 1729 multo

127 1747 303 1801 acriora,
344 1762 450 1801 quae
483 1762 615 1801 paene
647 1750 814 1801 ponunt
844 1746 890 1787 in
922 1749 1153 1800 conspectu
1186 1746 1329 1800 animi,
1361 1760 1468 1799 quae

128 1820 297 1846 cernere
336 1809 378 1846 et
416 1806 557 1846 videre
595 1820 682 1846 non
718 1820 958 1859 possumus.
1020 1804 1141 1845 Nihil
1180 1808 1246 1845 est
1279 1804 1393 1845 enim
1424 1804 1469 1845 in

126 1878 268 1904 rerum
298 1866 465 1917 natura,
497 1863 649 1917 quoius
675 1878 753 1904 nos
779 1878 867 1904 non
890 1863 936 1904 in
969 1863 1062 1904 aliis
1095 1863 1221 1903 rebus
1253 1863 1468 1916 possimus

128 1921 193 1962 uti
219 1922 427 1962 vocabulo
455 1925 496 1963 et
521 1922 704 1963 nomine.
755 1921 877 1963 Unde
904 1921 1017 1962 enim
1044 1921 1181 1962 simile
1202 1921 1298 1962 duci
1323 1923 1469 1975 potest

130 2004 180 2009 —
202 1983 346 2033 potest
373 1983 516 2021 autem
537 1995 587 2021 ex
608 1980 806 2022 omnibus
830 2005 895 2034 —‚
919 1980 1107 2020 indidem
1127 1979 1304 2021 verbum
1324 1994 1469 2033 unum,

127 2038 241 2091 quod
274 2038 598 2079 similitudinem
636 2038 845 2092 continet,
882 2038 1087 2079 tralatum
1123 2038 1268 2078 lumen
1307 2037 1470 2078 adferet

128 2096 324 2137 orationi.
387 2095 479 2144 Quo
516 2097 562 2137 in
603 2111 754 2152 genere
792 2097 978 2151 primum
1017 2099 1082 2137 est
1112 2096 1316 2151 fugienda
1347 2096 1537 2136 dissi-1452

126 2154 342 2195 militudo:
376 2153 515 2195 Caeli
541 2155 778 2209 ingentes
805 2155 1042 2196 fornices.
1093 2153 1296 2203 Quamvis
1323 2153 1470 2208 sphae-

126 2227 218 2253 ram
245 2213 289 2253 in
316 2227 524 2267 scaenam,
555 2216 604 2253 ut
630 2213 796 2268 dicitur,
825 2213 1019 2254 attulerit
1044 2212 1223 2267 Ennius,
1254 2215 1399 2253 tamen
1423 2211 1470 2251 in

127 2270 307 2325 sphaera
338 2270 514 2313 fornicis
548 2271 782 2312 similitudo
814 2271 953 2312 inesse
984 2285 1072 2312 non
1102 2273 1261 2326 potest.
