1643 2526
513 78 613 114 CAP.
639 83 789 116 35-36,
838 83 858 122 g
886 83 1082 116 131—138.
1382 81 1464 122 257

127 174 298 229 elegans
337 175 549 228 quoddam
587 178 629 216 et
667 175 882 217 eruditum
920 174 1127 217 orationis
1167 189 1313 231 genus.
1375 175 1538 218 Necl34

125 232 298 274 habitus
343 236 408 274 est
450 236 595 274 tamen
642 237 764 288 pater
806 233 897 287 ipse
948 231 1125 275 Catulus
1174 234 1372 289 princeps
1421 234 1468 276 in

125 305 303 332 numero
334 294 634 346 patronorum,
671 292 744 333 sed
776 295 868 333 erat
899 291 999 333 talis
1031 295 1098 346 ut,
1129 307 1226 333 cum
1258 293 1466 347 quosdam

127 349 293 391 audires
327 350 399 403 qui
431 353 524 391 tum
556 353 676 392 erant
706 353 993 405 praestantes,
1033 351 1245 392 videretur
1283 365 1374 392 esse
1405 351 1467 392 in-

90 423 106 448 5
126 408 273 463 ferior,
311 423 407 450 cum
446 411 588 449 autem
625 409 767 463 ipsum
806 409 972 450 audires
1012 409 1101 449 sine
1135 410 1466 465 comparatione,

124 480 212 508 non
242 467 368 507 modo
402 470 628 508 contentus
661 481 787 521 esses,
820 467 893 508 sed
924 466 1076 508 melius
1108 481 1194 508 non
1227 482 1460 521 quaereres.

126 523 173 573 Q.
214 524 412 566 Metellus
453 524 706 566 Numidicus
753 529 796 566 et
843 525 932 566 eius
974 525 1153 580 conlega
1192 525 1248 566 M.
1291 525 1534 568 Silanus135

126 583 325 624 dicebant
357 584 406 624 de
439 598 483 624 re
514 584 704 638 publica,
741 584 855 638 quod
893 586 1005 625 esset
1041 584 1128 624 illis
1160 584 1263 625 viris
1296 588 1339 625 et
1370 599 1466 626 con-

126 641 256 682 sulari
289 641 491 696 dignitati
524 642 639 683 satis.
683 641 740 683 M.
774 641 974 683 Aurelius
1010 641 1195 683 Scaurus
1226 656 1313 683 non
1340 657 1464 697 saepe

72 715 106 739 10
126 700 304 754 dicebat,
331 701 403 741 sed
428 700 578 755 polite3
609 700 761 741 Latine
786 715 885 741 vero
911 700 957 741 in
982 700 1132 754 primis
1158 703 1223 742 est
1249 701 1466 756 eleganter

123 758 303 800 locutus.
349 757 464 807 Quae
496 758 589 800 laus
616 759 762 800 eadem
793 759 838 799 in
863 758 914 799 A.
938 757 1098 799 Albino
1124 759 1232 800 bene
1264 760 1465 813 loquendi

123 816 224 871 fuit3
254 831 354 857 nam
380 816 536 857 flamen
560 816 743 858 Albinus
770 817 901 858 etiam
925 817 972 857 in
995 831 1173 858 numero
1200 821 1264 858 est
1289 818 1464 859 habitus

126 875 393 916 disertorum.
457 874 503 923 Q.
535 875 666 916 etiam
699 874 875 930 Caepio,
912 875 977 916 vir
1009 890 1105 916 acer
1136 878 1179 916 et
1215 876 1360 931 fortis,
1392 876 1464 930 qui

125 933 299 974 fortuna
336 933 436 974 belli
478 933 663 988 crimini,
702 933 863 974 invidia
902 934 1051 987 populi
1092 934 1328 975 calamitati
1367 934 1533 1000 fuit.36

73 1004 105 1031 15
125 991 234 1035 Tum
266 992 396 1033 etiam
428 991 471 1033 C.
497 991 543 1032 L.
570 991 763 1033 Memmii
794 992 967 1032 fuerunt
1000 994 1191 1033 oratores
1217 992 1533 1057 mediocres,136

126 1053 394 1091 accusatores
440 1064 556 1091 acres
602 1052 729 1104 atque
775 1050 934 1103 acerbi3
982 1050 1128 1104 itaque
1171 1050 1217 1091 in
1258 1051 1463 1092 iudicium

125 1108 276 1162 capitis
303 1108 462 1149 multos
482 1111 752 1163 vocaverunt,
777 1123 855 1163 pro
881 1108 964 1149 reis
985 1122 1073 1149 non
1099 1123 1224 1162 saepe
1251 1109 1460 1150 dixerunt.

125 1165 194 1221 Sp.
232 1166 414 1207 Thorius
454 1166 558 1208 satis
600 1167 736 1207 valuit
775 1167 821 1207 in
856 1166 1055 1221 populari
1093 1181 1246 1221 genere
1285 1167 1463 1221 dicendi,
1500 1208 1507 1210 ,

122 1225 160 1266 is
187 1225 259 1278 qui
291 1239 443 1280 agrum
474 1224 693 1279 publicum
719 1224 875 1266 vitiosa
907 1228 950 1266 et
974 1225 1117 1266 inutili
1142 1225 1236 1280 lege
1263 1226 1463 1281 vectigali

72 1299 105 1323 ρο
124 1283 291 1324 levavit.
335 1283 393 1324 M.
418 1283 645 1324 Marcellus
671 1283 898 1324 Aesernini
923 1286 1045 1337 pater
1076 1297 1164 1324 non
1193 1284 1265 1324 ille
1293 1284 1462 1337 quidem

123 1341 169 1382 in
204 1341 410 1395 patronis,
442 1341 514 1382 sed
546 1344 588 1382 et
618 1341 663 1382 in
695 1342 905 1395 promptis
937 1344 1081 1382 tamen
1113 1344 1158 1382 et
1185 1356 1273 1382 non
1303 1342 1463 1383 inexer-

126 1399 270 1441 citatis
303 1400 355 1440 ad
394 1399 617 1440 dicendum
654 1399 756 1454 fuit,
792 1403 841 1440 ut
876 1399 990 1440 filius
1029 1399 1119 1440 eius
1157 1399 1203 1440 P.
1240 1400 1460 1441 Lentulus.

124 1457 171 1498 L.
209 1458 339 1498 etiam
378 1456 506 1499 Cotta
547 1458 786 1512 praetorius
829 1457 876 1498 in
918 1457 1198 1498 mediocrium
1243 1461 1531 1500 oratorum137

124 1530 320 1570 numero,
361 1516 526 1557 dicendi
564 1530 652 1556 non
694 1516 757 1557 ita
794 1515 979 1557 multum
1021 1516 1144 1556 laude
1182 1520 1462 1571 processerat,

71 1589 104 1614 23
125 1575 198 1616 sed
241 1574 290 1615 de
332 1574 543 1615 industria
587 1589 683 1615 cum
724 1574 865 1615 verbis
909 1576 1002 1615 tum
1045 1574 1175 1615 etiam
1218 1574 1311 1628 ipso
1355 1589 1460 1615 sono

125 1632 247 1687 quasi
279 1633 521 1674 subrustico
552 1633 887 1687 persequebatur
914 1635 1041 1686 atque
1072 1632 1325 1673 imitabatur
1356 1633 1463 1674 anti-

125 1691 345 1745 quitatem.

240 1748 382 1802 Atque
415 1763 494 1804 ego
526 1751 568 1790 et
599 1749 644 1789 in
674 1748 757 1790 hoc
786 1749 882 1803 ipso
910 1747 1038 1790 Cotta
1070 1752 1113 1790 et
1142 1749 1188 1789 in
1214 1749 1307 1790 aliis
1334 1750 1462 1804 pluri-

123 1807 203 1848 bus
228 1807 432 1862 intellego
459 1822 525 1848 me
550 1821 637 1848 non
661 1807 723 1848 ita
749 1807 930 1848 disertos
954 1807 1150 1848 homines
1177 1811 1219 1848 et
1244 1808 1460 1849 rettulisse

72 1881 107 1905 30
123 1865 170 1905 in
207 1868 424 1906 oratorum
459 1879 683 1906 numerum
728 1868 770 1906 et
805 1866 1052 1907 relaturum.
1113 1865 1194 1906 Est
1225 1866 1336 1906 enim
1367 1880 1463 1920 pro-

124 1923 314 1977 positum
357 1923 570 1978 conligere
614 1938 704 1978 eos,
748 1923 820 1977 qui
860 1924 941 1965 hoc
985 1938 1158 1964 munere
1200 1923 1247 1964 in
1287 1924 1459 1965 civitate

123 1981 261 2022 functi
311 1981 414 2034 sint,
462 1984 510 2022 ut
559 1985 753 2023 tenerent
797 1985 1016 2023 oratorum
1064 1982 1227 2035 locum3
1278 1996 1459 2036 quorum

125 2039 295 2092 quidem
315 2054 421 2093 quae
447 2039 576 2081 fuerit
602 2040 792 2082 ascensio
820 2043 862 2081 et
882 2055 1010 2094 quam
1034 2040 1080 2081 in
1106 2040 1302 2081 omnibus
1329 2040 1457 2081 rebus

124 2097 309 2139 difficilis
343 2097 494 2151 optimi
524 2098 730 2151 perfectio
764 2101 889 2153 atque
923 2098 1137 2139 absolutio
1175 2113 1225 2140 ex
1264 2112 1312 2139 eo
1347 2098 1459 2152 quod

71 2172 104 2196 35
125 2155 261 2197 dicam
295 2155 529 2196 existimari
559 2159 713 2210 potest.
777 2157 914 2206 Quam
946 2157 1070 2198 multi
1104 2157 1217 2198 enim
1247 2157 1334 2198 iam
1367 2166 1528 2197 ora-138

123 2216 238 2255 tores
289 2214 608 2255 commemorati
658 2217 757 2256 sunt
812 2218 855 2256 et
904 2229 1030 2269 quam
1086 2215 1157 2256 diu
1211 2215 1257 2255 in
1312 2228 1459 2255 eorum

125 2272 441 2314 enumeratione
473 2287 709 2328 versamur,
747 2287 843 2315 cum
874 2276 1018 2315 tamen
1050 2274 1184 2328 spisse
1217 2276 1344 2326 atque
1375 2272 1458 2326 vix,

194 2346 262 2373 cic.
282 2347 305 2372 1.
327 2348 348 2372 2.
1132 2344 1173 2374 17
