1643 2526
175 99 232 141 64
687 98 751 133 DE
778 97 1002 133 ORATORE

174 198 292 236 recto
313 194 454 236 studio
476 197 603 248 atque
622 194 890 235 humanitate
910 186 1160 252 versentur—53³}
1177 193 1250 234 sed
1275 193 1513 234 mehercule

174 268 262 294 non
292 253 355 294 ita
386 252 569 294 multum
602 252 731 307 spatii
763 252 868 293 mihi
899 252 1056 292 habere
1081 251 1289 306 videntur,
1321 251 1356 292 si
1386 252 1513 293 modo

177 327 227 353 ea
258 312 396 353 facere
430 314 472 352 et
502 311 700 365 persequi
732 310 888 364 volent,
920 324 1027 363 quae
1061 324 1085 350 a
1116 313 1170 363 te,
1202 308 1366 364 Crasse,
1397 324 1514 364 prae-

178 373 300 424 cepta
344 372 460 424 sunt,
505 370 577 423 qui
620 369 726 410 mihi
769 383 901 423 prope
939 368 1025 408 iam
1062 367 1190 409 nimis
1228 368 1354 409 duras
1397 368 1513 423 leges

176 428 395 482 imponere
426 428 543 468 visus
576 442 619 468 es
651 427 750 468 huic
783 427 932 481 aetati,
964 426 1037 467 sed
1069 429 1213 467 tamen
1245 427 1297 467 ad
1327 426 1370 467 id
1402 427 1549 480 quodf,

107 487 356 541 257cupiunt
405 486 723 540 adipiscendum
778 499 910 540 prope
958 485 1231 526 necessarias.
1310 483 1423 526 Nam
1473 488 1515 526 et

108 987 174 1017 ‘258

180 545 348 586 subitae
369 545 421 585 ad
441 545 685 599 propositas
707 559 855 586 causas
877 543 1203 584 exercitationes
1225 545 1267 584 et
1292 546 1514 585 accuratae

179 618 226 645 ac
258 603 488 644 meditatae
520 602 902 644 commentationes
929 616 977 643 ac
1004 602 1127 643 stilus
1153 602 1225 642 ille
1251 604 1363 656 tuus,
1389 616 1515 656 quem

178 665 226 702 tu
257 676 352 702 vere
386 661 531 702 dixisti
556 661 838 715 perfectorem
864 660 1029 701 dicendi
1055 675 1146 701 esse
1173 675 1221 701 ac
1247 661 1515 715 magistrum,

178 720 303 761 multi
336 719 501 761 sudoris
534 722 616 774 est3
654 722 696 760 et
732 719 807 760 illa
839 718 1044 760 orationis
1078 733 1177 759 suae
1215 733 1311 760 cum
1343 718 1514 773 scriptis
1535 735 1568 759 10

179 778 328 819 alienis
374 778 638 832 comparatio
689 781 730 818 et
782 778 831 818 de
877 777 1014 818 alieno
1059 777 1218 831 scripto
1265 777 1407 818 subita
1449 777 1514 818 vel

177 836 377 877 laudandi
397 837 462 877 vel
488 836 756 890 vituperandi
782 835 847 876 vel
874 836 1179 890 comprobandi
1204 835 1271 876 vel
1295 835 1515 876 refellendi

108 918 160 959 ssl
179 910 307 936 causa
337 895 571 949 disputatio
603 909 689 935 non
715 894 939 935 mediocris
967 894 1254 935 contentionis
1281 896 1346 935 est
1370 893 1437 935 vel
1463 894 1515 934 ad

178 953 427 994 memoriam
452 952 519 994 vel
540 953 591 993 ad
616 953 882 993 imitandum.
931 952 1043 993 Illud
1067 967 1166 993 vero
1192 952 1275 993 fuit
1298 952 1515 1006 horribile,

179 1012 291 1065 quod
323 1011 562 1052 mehercule
594 1025 741 1052 vereor
777 1026 830 1051 ne
862 1011 1067 1051 maiorem
1097 1011 1183 1052 vim
1222 1010 1274 1051 ad
1307 1011 1515 1052 deterren-
1535 1027 1568 1052 15

179 1071 279 1110 dum
310 1069 509 1110 habuerit
541 1084 668 1123 quam
707 1070 758 1109 ad
798 1069 1119 1110 cohortandum.
1180 1068 1370 1109 Voluisti
1403 1068 1515 1109 enim

179 1128 223 1168 in
255 1142 331 1168 suo
360 1142 512 1182 genere
539 1142 671 1167 unum
699 1141 907 1181 quemque
933 1130 1129 1167 nostrum
1157 1127 1277 1180 quasi
1305 1127 1515 1180 quendam

179 1201 270 1227 esse
302 1185 508 1227 Roscium
541 1185 769 1239 dixistique
794 1200 881 1226 non
907 1188 996 1226 tam
1024 1200 1072 1226 ea
1098 1200 1204 1239 quae
1230 1188 1348 1226 recta
1373 1188 1515 1226 essent

178 1244 352 1298 probari
385 1259 513 1298 quam
545 1259 651 1298 quae
682 1258 814 1297 prava
844 1243 1028 1284 fastidiis
1061 1244 1371 1298 adhaerescere,
1402 1244 1515 1297 quod

179 1317 258 1357 ego
290 1317 377 1343 non
408 1306 498 1343 tam
530 1302 750 1343 fastidiose
781 1302 826 1342 in
851 1302 976 1342 nobis
1004 1316 1131 1355 quam
1161 1301 1207 1342 in
1231 1301 1513 1343 histrionibus
1535 1319 1568 1344 ‘20

109 1361 362 1415 259spectari
394 1363 510 1414 puto.
572 1360 722 1414 Itaque
760 1374 838 1401 nos
876 1374 1028 1401 raucos
1067 1374 1191 1414 saepe
1231 1360 1514 1401 attentissime

180 1419 316 1460 audiri
360 1419 500 1473 video3
549 1422 666 1459 tenet
710 1419 822 1459 enim
865 1434 932 1459 res
975 1418 1069 1472 ipsa
1113 1422 1240 1472 atque
1285 1433 1428 1473 causa3
1472 1421 1516 1459 at

179 1479 416 1531 Aesopum,
457 1477 492 1517 si
534 1477 709 1531 paulum
750 1476 990 1531 irrauserit,
1031 1477 1209 1531 explodi.
1279 1476 1318 1517 A
1360 1476 1514 1531 quibus

179 1535 292 1576 enim
322 1535 429 1575 nihil
454 1539 622 1589 praeter
647 1536 912 1589 voluptatem
939 1535 1105 1575 aurium
1133 1534 1362 1589 quaeritur,
1391 1534 1437 1575 in
1461 1534 1514 1575 iis

180 1593 419 1647 offenditur,
441 1593 567 1634 simul
588 1596 714 1646 atque
734 1593 1004 1634 imminuitur
1025 1593 1184 1646 aliquid
1205 1594 1255 1633 de
1275 1593 1514 1647 voluptate3
1535 1610 1567 1635 25

178 1651 224 1692 in
256 1651 471 1705 eloquenti
504 1654 647 1692 autem
680 1651 816 1691 multa
847 1654 947 1691 sunt
979 1665 1085 1704 quae
1117 1654 1309 1705 teneant,
1341 1665 1446 1705 quae
1479 1651 1515 1692 si

180 1709 324 1750 omnia
349 1724 515 1750 summa
538 1723 626 1749 non
647 1712 746 1749 sunt
771 1712 814 1750 et
838 1709 1039 1763 pleraque
1059 1712 1203 1749 tamen
1222 1724 1379 1764 magna
1405 1712 1516 1763 sunt,

179 1782 351 1809 necesse
384 1770 449 1808 est
481 1782 530 1808 ea
560 1767 654 1821 ipsa
686 1781 792 1820 quae
826 1770 925 1807 sunt
958 1767 1170 1808 mirabilia
1200 1767 1344 1808 videri.

109 1836 176 1867 260
297 1825 428 1881 Ergo,
447 1828 495 1866 ut
516 1826 567 1866 ad
586 1825 773 1879 primum
798 1825 904 1865 illud
923 1828 1123 1879 revertar,
1143 1825 1199 1865 sit
1227 1828 1371 1866 orator
1388 1825 1513 1866 nobis

178 1884 228 1937 is,
260 1884 344 1938 qui,
375 1887 423 1924 ut
450 1882 628 1924 Crassus
656 1883 892 1937 descripsit,
924 1884 1241 1924 accommodate
1269 1883 1320 1924 ad
1344 1898 1515 1937 persua-
1534 1900 1568 1926 30

179 1943 361 1983 (lendum
401 1942 540 1996 possit
580 1942 729 1983 dicere.
790 1941 833 1982 Is
875 1944 1018 1982 autem
1059 1941 1337 1982 concludatur
1372 1941 1418 1982 in
1455 1956 1516 1996 ea,

180 2014 286 2054 quae
320 2003 419 2040 sunt
451 2000 496 2040 in
526 2015 606 2041 usu
639 2000 862 2041 civitatum
899 2000 1067 2054 vulgari
1101 2015 1148 2041 ac
1179 1999 1352 2054 forensi,
1382 2014 1516 2040 remo-

179 2059 320 2112 tisque
359 2058 510 2099 ceteris
550 2058 721 2112 studiis,
758 2058 951 2111 quamvis
990 2072 1038 2098 ea
1080 2058 1165 2099 sint
1207 2058 1348 2112 ampla
1387 2061 1515 2111 atque

178 2117 415 2171 praeclara,
446 2116 490 2156 in
527 2116 608 2157 hoc
640 2131 724 2157 uno
758 2130 901 2170 opere,
932 2118 979 2156 ut
1009 2116 1072 2156 ita
1103 2116 1257 2170 dicam,
1293 2118 1440 2157 noctes
1473 2118 1515 2156 et

180 2175 268 2215 dies
294 2177 499 2229 urgeatur
523 2174 800 2228 imiteturque
825 2174 959 2228 illum,
985 2173 1052 2215 cui
1079 2174 1168 2215 sine
1194 2174 1323 2215 dubio
1350 2188 1515 2215 summa
1534 2190 1568 2216 35

178 2233 242 2273 vis
276 2233 440 2274 dicendi
473 2233 730 2287 conceditur,
760 2232 1068 2273 Atheniensem
1099 2232 1446 2286 Demosthenem,
1469 2232 1515 2272 in

180 2306 263 2346 quo
305 2294 474 2332 tantum
516 2291 704 2332 studium
743 2290 875 2332 fuisse
917 2293 1145 2344 tantusque
1185 2291 1308 2332 labor
1348 2290 1516 2345 dicitur,
