1643 2526
84 257 130 288 64

88 781 130 812 (35

90 1249 133 1280 66

93 1970 145 2012 18

90 2040 133 2070 67

153 35 241 76 440
740 34 911 70 TOPICA

151 130 336 171 latenter
374 129 570 171 efficitur.
632 129 778 171 Etiam
816 144 866 171 ea
903 143 1010 183 quae
1048 129 1158 170 fiunt
1197 129 1356 184 partim
1394 133 1496 173 sunt

151 189 353 244 ignorata
383 188 543 242 partim
568 188 828 243 voluntaria3
857 187 1069 242 ignorata,
1102 202 1209 241 quae
1239 188 1494 238 necessitate

154 248 304 288 effecta
337 249 453 300 sunt3
493 246 755 300 voluntaria,
793 260 898 300 quae
932 245 1122 287 consilio.
1186 245 1320 298 [Quae
1352 250 1495 288 autem

153 305 339 359 fortuna,
358 305 425 346 vel
443 305 644 359 ignorata
662 304 729 345 vel
749 304 1020 355 voluntaria]
1066 303 1180 344 Nam
1204 303 1341 345 iacere
1361 305 1495 346 telum

154 363 389 405 voluntatis
423 366 500 417 est,
531 362 657 403 ferire
691 377 816 416 quem
846 362 1035 403 nolueris
1066 361 1272 403 fortunae.
1317 362 1385 404 Ex
1410 377 1494 417 quo

155 433 288 463 ARIES
322 433 561 463 sumcmmn
597 421 669 462 ille
703 421 749 462 in
779 420 932 462 vestris
967 419 1224 461 actionibus:
1268 432 1308 462 SI
1341 433 1494 463 TELUM

155 492 283 521 MANU
328 491 467 521 FUGIT
511 491 652 521 MAGIS
698 491 824 529 QUAM
865 490 998 519 IECIT.
1068 477 1235 520 Cadunt
1278 478 1408 520 etiam
1450 479 1496 520 in

154 538 471 593 ignorationem
492 539 618 591 atque
638 537 955 592 inprudentiam
981 536 1325 590 perturbationes
1349 537 1497 591 animi3

156 611 263 650 quae
285 611 544 650 quamquam
570 599 670 637 sunt
695 595 961 636 voluntariae
985 619 1034 624 —-
1059 594 1356 650 obiurgatione
1384 596 1496 637 enim

157 658 199 696 et
244 654 533 695 admonitione
578 654 817 695 deiciuntur
865 677 912 682 —
959 657 1104 694 tamen
1146 653 1307 694 habent
1350 656 1495 696 tantos

157 716 319 766 motus,
359 716 407 754 ut
448 727 514 767 ea,
556 727 664 766 quae
705 711 947 753 voluntaria
987 714 1105 765 sunt,
1147 714 1221 752 aut
1258 712 1498 754 necessaria

156 771 372 812 interdum
413 774 487 811 aut
528 774 639 811 certe
680 770 880 825 ignorata
920 769 1154 810 videantur.
1215 770 1325 811 Toto
1362 770 1498 825 igitur

156 829 251 870 loco
273 844 498 871 causarum
518 828 741 883 explicato,
767 843 817 868 ex
841 843 986 869 earum
1007 827 1245 868 differentia
1263 827 1309 868 in
1329 828 1496 883 magnis

159 888 329 942 quidem
362 887 500 928 causis
527 887 593 928 vel
621 890 840 927 oratorum
864 887 931 927 vel
961 885 1316 940 philosophorum
1342 900 1498 942 magna

158 949 509 1001 argumentorum
542 945 732 999 suppetit
762 944 900 998 copia,
931 944 976 984 in
1001 944 1154 985 vestris
1181 947 1324 985 autem
1350 944 1386 985 si
1411 959 1498 986 non

158 1004 349 1057 uberior,
390 1007 433 1044 at
474 1004 656 1044 fortasse
698 1003 908 1044 subtilior.
976 1002 1151 1043 Privata
1189 1002 1302 1043 enim
1341 1002 1499 1044 iudicia

158 1062 441 1103 maximarum
474 1062 643 1115 quidem
674 1076 816 1102 rerum
854 1061 899 1101 in
930 1060 1034 1101 iuris
1068 1061 1361 1102 consultorum
1392 1061 1498 1102 mihi

158 1121 356 1161 videntur
383 1134 474 1160 esse
501 1120 737 1174 prudentia.
782 1118 895 1159 Nam
916 1122 957 1159 et
978 1119 1131 1159 adsunt
1158 1119 1341 1159 multum
1362 1122 1404 1159 et
1431 1119 1500 1160 ad-

158 1179 360 1219 hibentur
388 1179 433 1218 111
459 1178 638 1219 consilia
664 1181 706 1218 et
732 1177 924 1231 patronis
957 1176 1234 1231 diligentibus
1267 1177 1320 1217 ad
1351 1191 1499 1218 eorum

159 1237 428 1291 prudentiam
461 1236 807 1289 confugientibus
833 1236 979 1276 hastas
1011 1235 1267 1275 ministrant.
1329 1235 1381 1275 In
1413 1249 1499 1276 om-

158 1295 285 1336 nibus
305 1295 439 1349 igitur
458 1294 524 1335 his
545 1294 726 1347 iudiciis,
751 1293 797 1334 in
818 1293 970 1348 quibus
993 1305 1052 1333 Ex
1072 1305 1180 1334 FIDE
1201 1304 1327 1334 BONA
1345 1296 1411 1334 est
1431 1294 1499 1334 ad-

160 1353 308 1406 ditum,
339 1353 412 1394 ubi
447 1354 581 1404 [vero]
615 1352 744 1393 etiam
776 1364 835 1393 UT
866 1363 1004 1392 INTER
1035 1362 1184 1393 BONOS
1210 1363 1329 1392 BENE
1355 1363 1498 1392 AGIER

160 1424 371 1454 OPORTET
402 1411 449 1452 in
479 1410 711 1465 primisque
743 1410 788 1451 in
821 1409 998 1451 arbitrio
1032 1409 1093 1451 rei
1124 1410 1311 1464 uxoriae,
1341 1409 1387 1450 in
1415 1424 1498 1464 quo

160 1473 226 1511 est
264 1481 389 1520 QUOD
429 1481 530 1510 EIUS
568 1480 739 1510 MELIUS
779 1480 994 1521 AEQUIUS,
1030 1468 1169 1522 parati
1208 1482 1299 1509 esse
1332 1468 1497 1509 debent.

159 1528 229 1569 Illi
261 1528 406 1569 dolum
438 1528 615 1582 malum,
651 1527 715 1567 1111
747 1526 874 1567 fidem
905 1526 1081 1580 bonam,
1119 1526 1181 1566 1111
1214 1540 1395 1579 aequum
1427 1526 1500 1567 bo-

158 1602 280 1641 num,
315 1586 379 1626 illi
412 1586 513 1639 quid
551 1585 714 1626 socium
753 1584 886 1638 socio,
925 1584 1025 1637 quid
1063 1599 1177 1638 eum,
1216 1585 1288 1638 qui
1324 1584 1501 1638 negotia

160 1645 297 1686 aliena
323 1647 525 1697 curasset,
551 1643 601 1697 ei,
628 1643 747 1684 cuius
771 1658 820 1683 ea
843 1642 1020 1697 negotia
1045 1642 1238 1696 fuissent,
1265 1642 1365 1695 quid
1392 1656 1501 1696 eum,

161 1703 233 1756 qui
266 1702 526 1755 mandasset,
564 1715 731 1754 eumve,
769 1700 836 1742 cui
868 1700 1116 1741 mandatum
1148 1703 1279 1755 esset,
1317 1700 1500 1741 alterum

160 1760 283 1802 alteri
312 1763 528 1814 praestare
556 1762 784 1813 oporteret,
817 1758 917 1812 quid
943 1758 1081 1799 virum
1108 1758 1242 1812 uxori,
1274 1758 1374 1813 quid
1399 1772 1500 1799 uxo-

160 1833 250 1860 rem
293 1819 383 1859 viro
427 1818 704 1859 tradiderunt.
767 1817 932 1857 Licebit
981 1816 1114 1871 igitur
1163 1816 1391 1871 diligenter
1437 1831 1532 1858 αι’-ε

162 1880 463 1932 gumentorum
506 1876 690 1931 cognitis
730 1875 843 1916 locis
876 1889 963 1915 non
1006 1875 1132 1916 modo
1178 1875 1420 1916 oratoribus
1459 1877 1502 1915 et

159 1935 440 1990 philosophis,
473 1935 544 1975 sed
576 1934 680 1974 iuris
714 1934 844 1974 etiam
875 1933 1024 1986 peritis
1058 1933 1228 1987 copiose
1255 1934 1304 1974 de
1336 1932 1501 1974 consui-

160 1993 396 2034 tationibus
430 1993 517 2033 suis
551 1993 779 2047 disputare.
842 1991 1104 2033 Coniunctus
1142 1991 1241 2033 huic
1277 2005 1501 2032 causarum

159 2052 254 2093 1000
285 2051 357 2092 ille
388 2051 507 2092 locus
540 2054 623 2104 est,
661 2050 733 2104 qui
772 2049 956 2091 efficitur
993 2064 1043 2090 ex
1081 2050 1232 2091 causis.
1295 2049 1354 2091 Ut
1387 2049 1500 2090 enim

160 2125 287 2152 causa
319 2109 419 2163 quid
451 2109 508 2150 sit
540 2109 737 2150 effectum
767 2108 940 2162 indicat,
972 2108 1031 2148 sic
1062 2109 1174 2161 quod
1206 2108 1403 2149 effectum
1435 2109 1500 2148 est

161 2183 267 2222 quae
299 2168 427 2209 fuerit
460 2182 586 2208 causa
618 2167 893 2208 demonstrat.
955 2165 1037 2207 Hic
1075 2167 1194 2208 locus
1229 2165 1500 2220 suppeditare

161 2227 271 2268 solet
297 2225 538 2267 oratoribus
566 2229 607 2266 et
633 2225 786 2279 poetis,
814 2238 938 2279 saepe
965 2224 1095 2265 etiam
1119 2224 1401 2279 philosophiS‚
1429 2222 1501 2264 sed

1519 670 1550 694 10

1518 961 1551 986 15

1517 1253 1553 1277 ‘20

1519 1543 1552 1568 25

1520 2123 1554 2148 35
