1643 2526
211 142 295 184 256
788 141 973 176 BRUTUS

209 238 255 279 in
287 252 370 291 quo
408 251 613 292 magnum
650 237 751 292 fuit,
792 236 943 290 Brute,
985 236 1164 278 dedecus
1206 236 1351 293 generi
1390 239 1548 292 vestro,

211 297 302 351 qui,
352 310 447 337 cum
491 299 613 337 tanto
656 295 828 336 nomine
879 298 990 336 esset
1037 298 1286 349 patremque
1337 295 1547 349 optimum

210 355 349 395 virum
385 354 608 395 habuisset
646 357 688 395 et
724 354 830 394 iuris
867 353 1194 408 peritissimum,
1232 353 1547 395 accusationem

211 413 485 464 factitaverit,
516 416 564 453 ut
589 412 771 453 Athenis
798 412 1031 467 Lycurgus.
1081 411 1124 453 Is
1157 412 1435 467 magistratus
1460 426 1548 453 non

211 471 381 526 petivit⁷
418 471 491 512 sed
521 470 604 512 fuit
636 474 858 512 accusator
894 471 1120 511 vehemens
1159 473 1202 511 et
1239 470 1463 525 molestus,
1499 474 1548 511 ut
1584 488 1600 514 5

211 530 334 571 facile
377 544 568 570 cerneres
608 529 804 570 naturale
846 529 1058 582 quoddam
1100 528 1246 583 stirpis
1283 529 1444 570 bonum
1481 529 1548 570 de-

145 588 483 643 131generavisse
515 588 620 628 vitio
655 588 908 642 depravatae
934 587 1182 628 voluntatis.
1233 586 1374 641 Atque
1400 587 1548 628 eodem

211 650 402 700 tempore
435 649 657 688 accusator
688 647 737 686 de
769 646 891 700 plebe
923 645 970 686 L.
1005 644 1263 686 Caesulenus
1296 645 1391 699 fuit,
1422 660 1547 699 quem

212 719 292 760 ego
331 704 473 745 audivi
510 705 596 745 iam
635 719 795 757 senem,
833 719 929 745 cum
967 704 1019 744 ab
1056 703 1103 744 L.
1143 703 1329 745 Sabellio
1367 704 1548 745 multam

211 764 304 818 lege
347 763 523 817 Aquilia
567 763 635 814 [de
678 762 862 814 iustitia]
905 762 1138 816 petivisset.
1208 761 1309 803 Non
1350 761 1547 803 fecissem
1567 781 1600 805 ιο

211 821 397 862 hominis
429 836 563 875 paene
594 821 731 861 infimi
768 820 1048 875 mentionem,
1084 820 1168 861 m'si
1205 820 1437 862 iudicarem
1475 820 1546 874 qui

213 879 490 934 suspiciosius
529 883 602 920 aut
640 879 910 920 criminosius
949 879 1107 920 diceret
1140 879 1350 920 audivisse
1382 893 1448 920 me
1479 893 1548 920 ne-

141 940 197 981 35
212 938 379 979 minem.
424 937 588 979 Doctus
621 937 752 978 etiam
785 936 957 978 Graecis
989 937 1034 978 T.
1065 937 1274 978 Albucius
1305 937 1372 978 vel
1402 937 1546 992 potius

209 997 334 1050 plane
368 995 564 1037 Graecus.
628 995 817 1049 Loquor,
848 999 897 1036 ut
930 996 1096 1050 opinor3
1135 996 1207 1036 sed
1244 996 1345 1037 licet
1376 1010 1426 1036 ex
1458 1010 1547 1036 ora-

210 1055 401 1096 tionibus
444 1055 643 1096 iudicare.
716 1054 817 1095 Fuit
868 1057 1011 1094 autem
1054 1054 1237 1095 Athenis
1288 1054 1546 1108 adulescens,
1567 1071 1600 1097 15

210 1113 424 1167 perfectus
456 1113 684 1167 Epicurius
706 1116 910 1166 evaserat,
940 1112 1114 1153 minime
1147 1115 1294 1166 aptum
1327 1112 1379 1153 ad
1411 1112 1547 1153 dicen-

212 1172 312 1212 dum
345 1186 489 1226 genus.

144 1241 206 1271 132
328 1229 419 1270 lam
453 1229 499 1277 Q.
532 1227 710 1270 Catulus
741 1243 828 1270 non
861 1229 1037 1282 antiquo
1069 1228 1143 1269 illo
1184 1242 1318 1283 more,
1356 1229 1429 1270 sed
1464 1229 1546 1270 hoc

210 1291 378 1342 nostro,
427 1288 511 1328 nisi
561 1288 662 1342 quid
710 1287 803 1328 fieri
851 1291 995 1341 potest
1044 1287 1294 1341 perfectius,
1344 1287 1545 1328 eruditus.

210 1346 371 1387 Multae
396 1346 577 1399 litterae,
604 1361 769 1386 summa
788 1360 874 1386 non
899 1346 1012 1386 vitae
1039 1345 1178 1386 solum
1204 1348 1331 1399 atque
1357 1348 1547 1399 naturae,
1565 1364 1599 1389 20

211 1405 283 1445 sed
305 1404 510 1445 orationis
531 1404 661 1445 etiam
687 1404 880 1457 comitas,
904 1404 1153 1458 incorrupta
1174 1403 1381 1457 quaedam
1400 1403 1545 1444 Latini

211 1463 418 1503 sermonis
450 1463 695 1517 integritas3
729 1477 835 1516 quae
867 1462 1052 1516 perspici
1079 1476 1174 1502 cum
1202 1476 1252 1502 ex
1279 1462 1546 1503 orationibus

210 1522 300 1562 eius
332 1524 475 1575 potest
513 1524 605 1562 tum
642 1521 844 1562 facillime
877 1536 926 1561 ex
959 1535 1008 1561 eo
1039 1520 1169 1574 libro,
1207 1535 1332 1573 quem
1369 1520 1418 1561 de
1451 1534 1546 1561 con-

210 1579 353 1620 sulatu
391 1583 433 1620 et
471 1579 520 1620 de
557 1580 683 1620 rebus
723 1579 854 1634 gestis
895 1579 981 1620 suis
1021 1579 1310 1632 conscriptum
1347 1578 1466 1619 molli
1504 1582 1547 1619 et

210 1637 513 1691 Xenophontio
559 1652 712 1692 genere
758 1637 964 1677 sermonis
1015 1636 1133 1677 misit
1177 1637 1229 1676 ad
1273 1637 1322 1676 A.
1366 1636 1545 1677 Furium
1565 1655 1598 1680 25

210 1699 394 1749 poetam,
425 1695 679 1736 familiarem
712 1710 853 1749 suum3
891 1695 962 1748 qui
999 1695 1108 1735 liber
1138 1694 1273 1735 nihilo
1305 1694 1449 1735 notior
1481 1698 1546 1735 est

145 1764 340 1806 133quam
371 1753 433 1793 illi
459 1756 558 1807 tres,
590 1754 640 1794 de
667 1753 821 1806 quibus
848 1756 945 1793 ante
972 1752 1070 1807 dixi,
1103 1751 1251 1793 Scauri
1282 1752 1393 1793 libri.
1436 1753 1545 1794 Tum

212 1812 387 1852 Brutus:
425 1811 533 1852 Mihi
566 1811 753 1865 quidem,
790 1811 948 1865 inquit,
984 1825 1060 1852 nec
1098 1811 1180 1851 iste
1211 1813 1339 1852 notus
1372 1814 1437 1852 est
1467 1826 1545 1852 nec

210 1870 292 1925 illi3
334 1894 381 1899 —-
418 1870 491 1910 sed
527 1870 631 1910 haec
669 1884 763 1910 mea
800 1869 924 1923 culpa
961 1871 1044 1923 est,
1079 1883 1314 1923 numquam
1352 1869 1465 1910 enim
1499 1869 1546 1910 in

211 1943 362 1969 manus
393 1928 635 1969 inciderunt
669 1952 718 1957 —
753 1942 864 1968 nunc
902 1931 1045 1968 autem
1083 1931 1125 1968 et
1163 1943 1187 1968 a
1224 1931 1266 1968 te
1305 1942 1470 1969 sumam
1502 1930 1545 1969 et
1563 1945 1598 1970 30

210 1986 460 2040 conquiram
479 1986 564 2027 ista
582 1986 763 2040 posthac
784 1986 1004 2026 curiosius.
1049 1985 1151 2026 Fuit
1176 1986 1310 2040 igitur
1327 1986 1374 2026 in
1393 1986 1545 2027 Catulo

212 2058 350 2084 sermo
389 2044 585 2098 Latinus3
624 2059 730 2098 quae
768 2044 859 2084 laus
898 2044 1061 2085 dicendi
1099 2059 1185 2085 non
1225 2044 1450 2085 mediocris
1491 2044 1544 2085 ab

211 2102 454 2143 oratoribus
485 2102 699 2156 plerisque
730 2102 925 2156 neglecta
950 2106 1025 2143 est.
1070 2102 1183 2143 Nam
1210 2102 1258 2143 de
1292 2116 1396 2143 sono
1428 2102 1544 2143 vocis

211 2164 253 2201 et
279 2161 489 2201 suavitate
517 2161 865 2214 appellandarum
898 2160 1151 2215 litterarum,
1182 2161 1383 2214 quoniam
1408 2160 1544 2201 filium

211 2219 464 2273 cognovisti,
481 2219 570 2259 noli
591 2222 812 2273 expectare
834 2218 934 2272 quid
954 2219 1102 2260 dicam.
1144 2218 1411 2272 Quamquam
1429 2218 1543 2260 filius
1561 2235 1595 2261 35

213 2278 382 2330 quidem
412 2291 499 2317 non
531 2277 613 2317 fuit
643 2277 688 2317 in
721 2280 940 2317 oratorum
970 2291 1160 2331 numero,
1192 2277 1265 2318 sed
1289 2291 1375 2317 non
1401 2276 1545 2317 deerat

210 2335 249 2376 ei
292 2338 434 2376 tamen
476 2335 523 2376 in
566 2335 778 2376 sententia
821 2335 997 2376 dicenda
1047 2350 1143 2376 cum
1184 2334 1411 2390 prudentia
1453 2337 1546 2376 tum
