1643 2526
121 299 175 341 89

120 368 188 399 304

120 856 187 887 305

191 111 277 152 304
765 113 953 148 BRUTUS

190 209 282 248 erat
314 207 475 248 oratori
507 207 623 249 satis.
684 207 779 250 Hoc
809 208 944 263 igitur
974 208 1225 249 florescente
1251 207 1430 250 Crassus
1463 210 1529 249 est

190 267 398 320 mortuus,
429 264 558 307 Cotta
582 266 744 321 pulsus,
773 266 931 308 iudicia
956 266 1201 307 intermissa
1225 266 1351 320 bello,
1378 280 1457 307 nos
1481 265 1529 306 in

190 323 332 364 forum
358 324 562 365 venimus.
611 324 719 365 Erat
744 324 1002 365 Hortensius
1034 324 1080 365 in
1110 324 1222 365 bello
1251 324 1390 379 primo
1417 338 1527 365 anno

190 381 325 436 miles,
357 382 492 423 altero
524 382 722 424 tribunus
754 383 954 437 militum,
986 381 1199 436 Sulpicius
1230 382 1414 437 legatus3
1459 383 1530 423 ab-

191 443 282 481 erat
308 440 438 481 etiam
463 440 771 496 M.A11tonius;
803 441 1079 482 exercebatur
1103 455 1188 481 una
1212 441 1307 495 lege
1325 440 1530 482 iudicium
1566 457 1582 482 5

189 497 334 553 Varia,
360 499 510 540 ceteris
535 502 710 553 propter
729 500 890 540 bellum
915 499 1192 553 intermissis3
1231 499 1304 552 qui
1329 499 1528 553 frequens

191 557 373 611 aderam,
405 571 663 611 quamquam
689 573 767 612 pro
801 572 844 599 se
875 557 959 612 ipsi
991 557 1190 598 dicebant
1221 560 1411 598 oratores
1442 571 1530 598 non

189 614 253 655 illi
295 615 465 668 quidem
504 615 739 670 principes,
781 615 828 657 L.
859 615 1087 657 Memmius
1128 619 1170 657 et
1208 614 1254 664 Q.
1286 615 1530 670 Pompeius,

191 673 264 714 sed
308 676 498 714 oratores
542 677 688 715 tamen
730 677 840 715 teste
885 674 1043 715 diserto
1094 677 1271 727 uterque
1314 673 1529 728 Philippo,

191 731 310 772 cuius
346 731 393 771 in
430 732 677 773 testimonio
717 732 935 773 contentio
969 735 1011 773 et
1042 732 1129 773 vim
1167 732 1427 773 accusatoris
1458 731 1530 772 ha·
1549 748 1584 773 ιο

190 790 320 830 bebat
352 793 394 830 et
426 790 603 844 copiam.

308 848 478 902 Reliqui
511 848 583 902 qui
619 851 713 889 tum
750 848 962 902 principes
1000 848 1338 889 numerabantur
1367 847 1414 888 in
1445 862 1531 888 ma-

193 905 448 960 gistratibus
475 910 596 947 erant
622 906 861 961 cotidieque
886 906 974 947 fere
995 921 1019 947 a
1038 906 1163 947 nobis
1186 906 1232 947 in
1257 905 1529 947 contionibus

191 964 485 1005 audiebantur.
533 965 641 1005 Erat
673 965 785 1005 enim
816 964 1014 1006 tribunus
1040 964 1178 1019 plebis
1204 967 1297 1005 tum
1324 963 1368 1006 O.
1389 963 1531 1019 Curio,

192 1036 450 1076 quamquam
475 1023 511 1063 is
539 1023 710 1076 quidem
737 1023 903 1077 silebat,
933 1026 981 1063 ut
1008 1026 1098 1064 erat
1126 1023 1255 1064 semel
1281 1038 1306 1064 a
1331 1022 1529 1064 contione
1551 1038 1583 1064 15

190 1081 387 1121 universa
424 1081 616 1136 relictus3
660 1080 706 1129 Q.
738 1080 936 1122 Metellus
971 1079 1092 1121 Celer
1128 1095 1215 1122 non
1251 1080 1323 1122 ille
1362 1080 1531 1134 quidem

193 1142 349 1192 orator,
381 1139 453 1180 sed
485 1142 629 1180 tamen
658 1153 745 1180 non
770 1139 929 1193 infans3
963 1139 1110 1180 diserti
1138 1142 1281 1180 autem
1307 1138 1353 1187 Q.
1373 1138 1530 1180 Varius

192 1196 235 1238 C.
263 1195 402 1238 Carbo
436 1196 509 1239 Cn.
535 1197 811 1252 Pomponius,
846 1200 888 1238 et
918 1197 963 1238 hi
997 1197 1166 1251 quidem
1196 1197 1455 1238 habitabant
1486 1197 1532 1237 in

190 1255 361 1309 rostris3
411 1254 455 1297 C.
488 1255 618 1296 etiam
650 1255 783 1296 Iulius
829 1256 975 1296 aedilis
1021 1255 1177 1297 curulis
1219 1255 1394 1296 cottidie
1438 1255 1526 1296 fere

191 1316 411 1354 accuratas
457 1313 676 1354 contiones
719 1314 917 1354 habebat.
980 1313 1062 1355 Sed
1099 1328 1166 1354 me
1205 1313 1528 1367 cupidissimum
1550 1330 1584 1355 20

192 1371 388 1412 audiendi
431 1372 595 1425 primus
634 1372 754 1412 dolor
791 1372 1020 1426 percussit,
1063 1371 1191 1413 Cotta
1228 1386 1325 1413 cum
1362 1374 1427 1412 est
1465 1386 1531 1412 ex-

190 1429 350 1483 pulsus.
412 1429 616 1483 Reliquos
654 1430 899 1483 frequenter
930 1430 1103 1471 audiens
1137 1443 1355 1471 acerrumo
1388 1430 1529 1471 studio

190 1488 367 1528 tenebar
399 1488 658 1542 cottidieque
696 1492 739 1529 et
774 1488 963 1529 scribens
997 1492 1038 1529 et
1068 1489 1213 1543 legens
1246 1491 1289 1529 et
1320 1502 1531 1529 commen-

191 1548 287 1586 tans
326 1546 524 1587 oratoriis
562 1550 731 1587 tantum
769 1546 1145 1588 exercitationibus
1184 1548 1411 1587 contentus
1442 1560 1530 1587 non

192 1618 318 1644 eram.
368 1604 461 1644 Iam
493 1607 778 1658 consequente
811 1619 921 1645 anno
948 1604 993 1653 Q.
1016 1604 1170 1645 Varius
1197 1619 1273 1645 sua
1297 1604 1390 1659 lege
1417 1604 1530 1645 dam-
1549 1620 1583 1646 25

122 1664 319 1702 306natus
352 1665 606 1714 excesserat3
651 1675 729 1716 ego
769 1666 911 1703 autem
945 1662 1051 1703 iuris
1084 1662 1220 1703 civilis
1253 1662 1393 1703 studio
1425 1662 1530 1703 mul-

192 1722 286 1760 tum
319 1733 470 1773 operae
503 1720 657 1760 dabam
683 1719 728 1768 Q.
757 1719 984 1761 Scaevolae
1011 1720 1056 1768 Q.
1077 1719 1136 1774 Ε,
1168 1720 1240 1774 qui
1272 1734 1530 1774 quamquam

191 1777 351 1818 nemini
390 1792 434 1818 se
471 1778 524 1818 ad
561 1778 796 1819 docendum
834 1778 982 1832 dabat,
1024 1781 1169 1819 tamen
1207 1778 1528 1820 consulentibus

191 1835 484 1889 respondendo
527 1836 742 1877 studiosos
775 1836 971 1877 audiendi
1003 1836 1192 1877 docebat.
1255 1837 1398 1890 Atque
1428 1836 1529 1878 huic

191 1907 302 1934 anno
334 1908 566 1947 proxumus
600 1893 718 1935 Sulla
749 1894 922 1935 consule
954 1897 996 1935 et
1026 1894 1231 1948 Pompeio
1264 1894 1357 1935 fuit.
1418 1895 1528 1936 Tum
1547 1911 1581 1936 30

190 1950 235 1992 P.
275 1950 437 2005 Sulpici
480 1952 526 1992 in
567 1952 790 1993 tribunatu
834 1952 1009 1993 cottidie
1054 1953 1343 1994 contionantis
1388 1955 1528 1994 totum

191 2022 323 2064 genus
351 2010 515 2051 dicendi
540 2011 710 2064 penitus
737 2010 1032 2065 cognovimus3
1064 2011 1294 2066 eodemque
1325 2014 1529 2066 tempore,

190 2082 287 2108 cum
334 2067 531 2122 princeps
581 2068 835 2109 Academiae
884 2068 1008 2109 Philo
1059 2083 1156 2111 cum
1197 2069 1527 2110 Atheniensium

190 2126 485 2179 optumatibus
517 2125 809 2168 Mithridatico
847 2126 960 2167 bello
994 2127 1118 2168 domo
1149 2127 1413 2182 profugisset
1442 2127 1527 2168 Ro-

188 2198 386 2237 mamque
411 2183 610 2239 venisset,
641 2188 781 2226 totum
807 2184 846 2225 ei
872 2200 938 2226 me
970 2186 1125 2226 tradidi
1158 2185 1398 2227 admirabili
1425 2199 1526 2239 quo·
1544 2200 1576 2228 35

190 2241 288 2282 dam
325 2242 377 2283 ad
413 2242 731 2297 philosophiam
766 2243 907 2284 studio
940 2244 1196 2298 concitatus,
1239 2244 1285 2285 in
1322 2258 1405 2297 quo
1442 2244 1525 2285 hoc

189 2299 320 2341 etiam
361 2301 656 2342 commorabar
700 2302 906 2343 attentius
949 2327 996 2331 —
1039 2302 1120 2344 etsi
1157 2316 1299 2344 rerum
1336 2302 1527 2357 ipsarum
