1643 2526
408 97 553 132 LIBER
577 98 622 133 II.
673 96 772 133 CAP.
798 101 902 133 8—9.
942 101 961 140 ἓ
988 103 1137 134 30-37.
1393 99 1446 140 75

107 192 319 248 persuasi,
356 193 549 246 quamvis
589 208 655 234 ars
687 207 773 233 11011
807 192 880 247 sit,
917 196 1063 235 tamen
1091 193 1200 235 nihil
1233 207 1324 235 esse
1356 208 1447 248 per-

108 253 221 293 fecto
255 254 422 293 oratore
447 251 718 306 praeclarius.
768 250 882 293 Nam
907 255 956 292 ut
981 267 1105 293 usum
1131 252 1297 293 dicendi
1324 252 1447 293 omit-

108 313 211 365 tam,
242 310 314 365 qui
344 310 390 350 in
422 310 537 351 omni
568 312 721 364 pacata
752 312 794 350 et
825 310 961 351 libera
992 311 1164 352 civitate
1191 310 1448 364 dominatur,

110 371 231 410 tanta
268 368 544 409 oblectatiost
580 368 627 408 in
662 368 756 422 ipsa
787 367 993 409 facultate
1026 369 1209 422 dicendi,
1252 371 1301 409 ut
1338 368 1447 409 nihil

73 443 89 469 5
109 427 332 468 hominum
364 429 438 467 aut
471 426 643 467 auribus
677 429 750 466 aut
782 426 996 467 mentibus
1028 427 1254 468 iucundius
1285 426 1447 481 percipi

108 485 257 540 possit.
320 483 401 533 Qui
445 484 557 525 enim
602 487 751 525 cantus
795 485 1015 525 moderata
1053 486 1245 526 oratione
1284 485 1448 526 dulcior

108 543 290 584 inveniri
316 543 488 597 potest?
521 543 635 596 quod
659 557 829 583 carmen
852 543 1085 584 artificiosa
1104 544 1331 584 verborum
1352 557 1448 584 con-

110 602 298 643 clusione
326 600 497 655 aptius?
529 601 601 654 qui
633 603 753 642 actor
783 600 991 642 imitanda
1022 616 1151 656 quam
1183 604 1328 642 orator
1360 615 1448 642 sus-

110 660 304 714 cipienda
352 659 530 700 veritate
579 658 832 700 iucundior?
894 659 1004 707 Quid
1054 663 1197 701 autem
1247 659 1448 713 suptilius

58 736 91 760 10
110 733 238 772 quam
271 718 442 759 crebrae
469 719 700 770 acutaeque
727 718 996 758 sententiae?
1029 718 1130 772 quid
1155 717 1448 759 admirabilius

111 791 237 832 quam
262 790 329 817 res
357 775 579 829 splendore
605 775 836 816 inlustrata
859 776 1116 817 verborum?
1149 776 1251 830 quid
1281 776 1447 830 plenius

111 850 239 888 quam
284 833 399 875 omni
444 848 596 888 genere
639 848 783 874 rerum
824 834 1041 875 cumulata
1081 834 1249 875 oratio?
1298 833 1447 888 Neque

109 893 197 934 ulla
227 906 315 933 non
344 892 517 946 propria
549 892 732 932 oratoris
763 906 830 932 res
860 894 937 946 est,
969 907 1075 946 quae
1103 892 1274 946 quidem
1301 895 1448 933 ornate

113 951 195 992 dici
235 950 504 1005 graviterque
544 950 679 990 debet.
740 949 880 990 Huius
919 953 984 991 est
1020 950 1065 991 in
1098 951 1234 991 dando
1268 950 1447 991 consilio

58 1025 91 1051 15
112 1010 161 1050 de
193 1008 404 1050 maxumis
441 1009 567 1049 rebus
603 1023 700 1049 cum
732 1008 942 1063 dignitate
975 1009 1187 1062 explicata
1219 1008 1448 1062 sententia3

110 1068 298 1108 eiusdem
330 1069 372 1107 et
403 1066 646 1121 languentis
677 1066 826 1120 populi
850 1066 1047 1108 incitatio
1074 1070 1117 1108 et
1143 1066 1336 1108 effrenati
1362 1080 1450 1107 mo-

1473 496 1518 527 34

111 1125 293 1180 deratio3
337 1125 483 1165 eadem
513 1124 718 1165 facultate
751 1127 794 1165 et
825 1124 942 1165 fraus
974 1124 1197 1166 hominum
1229 1125 1281 1165 ad
1311 1124 1449 1178 perni-
1484 1162 1491 1164 .

111 1184 219 1226 ciem
251 1186 292 1224 et
317 1183 544 1238 integritas
571 1183 623 1223 ad
649 1182 830 1224 salutem
856 1186 1044 1224 vocatur.
1096 1182 1199 1232 Quis
1231 1183 1448 1224 cohortari

112 1243 164 1283 ad
201 1242 404 1283 virtutem
443 1241 678 1296 ardentius,
718 1241 812 1295 quis
851 1256 877 1281 a
906 1241 1023 1282 vitiis
1063 1242 1200 1283 acrius
1238 1255 1449 1295 revocare,

58 1317 93 1342 20
113 1300 207 1354 quis
233 1300 473 1354 vituperare
498 1299 718 1353 improbos
746 1299 949 1353 asperius,
982 1300 1075 1353 quis
1107 1300 1280 1340 laudare
1312 1300 1447 1340 bonos

114 1358 319 1411 ornatius,
351 1358 444 1411 quis
472 1357 751 1411 cupiditatem
776 1357 1068 1398 vehementius
1099 1358 1297 1412 frangere
1331 1372 1450 1399 accu-

113 1417 243 1458 sando
262 1416 436 1470 potest?
463 1415 557 1468 quis
577 1429 813 1456 maerorem
831 1415 971 1456 levare
991 1416 1138 1456 mitius
1159 1415 1449 1457 consolando?

111 1474 307 1516 Historia
337 1488 437 1515 vero
469 1473 592 1514 testis
625 1476 878 1527 temporum,
908 1473 982 1514 lux
1007 1474 1216 1528 veritatis,
1246 1473 1336 1514 vita
1366 1488 1450 1514 me-

111 1533 285 1586 moriae,
310 1532 518 1587 magistra
542 1532 667 1584 vitae,
691 1531 843 1572 nuntia
868 1532 1110 1586 vetustatis,
1130 1547 1214 1585 qua
1237 1546 1340 1572 voce
1367 1531 1450 1572 alia

60 1606 94 1632 25
113 1591 196 1632 nisi
230 1590 411 1631 oratoris
436 1590 755 1631 immortalitati
782 1589 1132 1631 commendatur?
1164 1589 1278 1630 Nam
1305 1590 1340 1630 si
1367 1604 1450 1644 qua

112 1653 178 1690 est
204 1664 271 1690 ars
298 1648 393 1703 alia,
414 1663 519 1702 quae
540 1648 768 1689 verborum
794 1651 868 1689 aut
892 1648 1184 1689 faciendorum
1210 1650 1285 1689 aut
1310 1648 1451 1702 legen-

113 1708 263 1748 dorum
296 1707 518 1748 scientiam
549 1707 819 1761 profiteatur,
858 1709 931 1747 aut
969 1707 1004 1747 si
1037 1707 1263 1760 quisquam
1295 1706 1451 1747 dicitur

111 1766 196 1806 nisi
222 1764 379 1806 ‘orator
415 1765 599 1806 formare
638 1764 876 1805 orationem
914 1779 1090 1818 eamque
1122 1765 1285 1806 variare
1319 1768 1361 1805 et
1393 1764 1451 1805 di-

114 1824 330 1878 stinguere
363 1823 484 1877 quasi
517 1823 769 1877 quibusdam
799 1823 1027 1863 verborum
1059 1823 1450 1876 sententiarumque

60 1898 95 1923 30
113 1882 368 1936 insignibus,
399 1884 472 1922 aut
505 1881 541 1921 si
572 1881 641 1922 via
666 1881 754 1922 ulla
777 1881 861 1921 nisi
894 1881 946 1921 ab
978 1881 1058 1922 hac
1092 1882 1211 1932 [una]
1246 1884 1336 1922 arte
1368 1883 1451 1921 tra-

114 1940 228 1981 ditur
260 1943 334 1980 aut
359 1942 708 1994 argumentorum
735 1942 808 1980 aut
836 1939 1144 1980 sententiarum
1171 1942 1245 1980 aut
1271 1938 1449 1993 denique

114 1997 404 2051 discriptionis
446 2000 571 2051 atque
614 1997 792 2051 ordinis,
834 1997 1046 2038 fateamur
1083 2000 1158 2038 aut
1194 1997 1294 2051 hoc,
1338 1997 1451 2050 quod

113 2056 218 2097 haec
251 2070 318 2096 ars
349 2055 614 2109 profiteatur,
647 2055 831 2096 alienum
858 2069 949 2096 esse
976 2058 1050 2096 aut
1076 2070 1172 2096 cum
1199 2055 1282 2096 alia
1307 2055 1450 2108 aliqua

115 2117 205 2155 arte
243 2128 334 2154 esse
373 2127 608 2154 commune.
677 2112 759 2154 Sed
791 2113 827 2154 si
857 2113 903 2153 in
932 2113 1012 2154 hac
1044 2128 1129 2154 una
1160 2116 1226 2154 est
1258 2128 1307 2154 ea
1338 2113 1449 2153 ratio

60 2187 94 2213 35
116 2175 242 2225 atque
275 2171 481 2226 doctrina,
510 2185 609 2226 non,
641 2171 677 2212 si
702 2171 773 2225 qui
800 2171 979 2212 aliarum
1004 2172 1161 2212 artium
1186 2172 1292 2212 bene
1317 2170 1451 2212 locuti

116 2233 233 2284 sunt,
271 2244 320 2270 eo
358 2229 499 2270 minus
530 2229 574 2270 id
606 2233 672 2270 est
701 2229 828 2270 huius
860 2229 986 2270 unius
1017 2229 1254 2284 proprium3
1299 2229 1371 2269 sed
1402 2231 1451 2269 ut

116 2291 260 2329 orator
292 2288 342 2328 de
372 2287 425 2328 iis
463 2288 607 2342 rebus,
645 2302 751 2341 quae
790 2290 1027 2335 ceterarum
1065 2288 1222 2329 artium
1260 2289 1378 2341 sunt,
1414 2285 1452 2327 si

1475 1486 1519 1518 36

1477 2123 1519 2154 37
