1643 2526
487 133 587 170 CAP.
615 138 761 169 33—34.
813 137 831 176 {5
858 137 1054 169 123—130.
1350 133 1435 174 255

217 229 329 270 Huic
362 229 567 271 successit
599 229 730 270 aetati
771 227 815 270 G.
849 227 1005 282 Galba,
1042 227 1161 271 Servi
1198 228 1314 270 illius
1353 229 1504 270 elo-127

100 287 369 343 quentissimi
406 287 487 328 viri
524 288 659 342 filius,
698 286 743 328 P.
782 285 926 328 Crassi
967 287 1206 341 eloquentis
1248 290 1290 328 et
1329 287 1436 328 iuris

99 346 226 401 periti
259 360 398 401 gener.
459 345 713 387 Laudabant
736 345 848 387 hunc
879 348 1023 400 patres
1053 345 1205 400 nostri,
1234 345 1437 387 favebant

101 405 230 446 etiam
261 408 436 459 propter
467 405 602 459 patris
635 404 901 459 memoriam,
934 404 1006 446 sed
1039 404 1190 446 cecidit
1220 404 1266 445 in
1298 418 1435 446 cursu.

65 480 81 505 5
100 462 213 504 Nam
263 463 487 518 rogatione
537 462 746 518 Mamilia,
794 462 1076 518 Iugurthinae
1126 463 1434 504 coniurationis

99 522 277 576 invidia,
320 536 416 563 cum
458 536 536 576 pro
581 536 672 563 sese
714 521 804 576 ipse
849 521 1044 575 dixisset,
1088 535 1315 576 oppressus
1360 524 1435 562 est.

100 581 233 621 Extat
265 580 355 621 eius
386 580 622 634 peroratio,
659 580 732 634 qui
763 579 958 634 epilogus
996 580 1168 634 dicitur,
1207 580 1279 633 qui
1311 582 1434 621 tanto

100 639 145 679 in
164 638 325 680 honore
346 639 489 693 pueris
515 639 639 680 nobis
667 641 769 693 erat,
794 641 842 679 ut
869 653 965 679 eum
992 639 1121 679 etiam
1142 638 1435 679 edisceremus.

100 697 200 751 Hic,
242 697 313 751 qui
353 697 399 738 in
440 697 619 753 collegio
659 697 928 738 sacerdotum
966 700 1099 751 esset,
1135 697 1298 751 primus
1336 699 1435 751 post

48 773 81 798 ιο
101 755 283 797 Romam
328 756 539 796 conditam
585 755 743 797 iudicio
786 755 958 809 publico
1003 759 1068 796 est
1117 756 1434 796 condemnatus.
1450 778 1507 819 34

100 813 145 855 P.
179 813 335 868 Scipio,
366 815 437 868 qui
470 817 535 856 est
566 814 610 855 in
642 814 866 855 consulatu
898 817 1105 868 mortuus,
1134 828 1221 855 non
1252 814 1434 854 multum

100 872 171 913 ille
205 873 374 927 quidem
405 887 482 914 nec
509 887 632 927 saepe
660 872 840 922 dicebat,
873 873 945 914 sed
972 876 1014 913 et
1039 872 1191 913 Latine
1223 872 1435 925 loquendo

101 931 234 972 cuivis
273 934 364 972 erat
400 946 478 985 par
515 934 557 972 et
595 946 740 972 omnes
781 931 867 971 sale
904 931 1156 984 facetiisque
1195 931 1435 985 superabat.

101 989 207 1030 Eius
235 989 408 1043 conlega
434 988 480 1029 L.
512 989 658 1030 Bestia
695 989 819 1030 bonis
857 989 992 1030 initiis
1031 1004 1152 1030 orsus
1191 989 1436 1030 tribunatus

50 1064 82 1090 15
106 1072 156 1077 —-
198 1062 298 1088 nam
344 1047 389 1087 P.
432 1047 649 1101 Popilium
690 1047 732 1088 vi
774 1046 817 1088 C.
861 1047 1042 1089 Gracchi
1092 1047 1316 1102 expulsum
1360 1062 1437 1088 sua

100 1106 324 1161 rogatione
356 1106 547 1146 restituit
583 1130 648 1160 —,
679 1106 744 1146 vir
775 1109 817 1146 et
855 1121 951 1148 acer
989 1109 1031 1147 et
1074 1120 1161 1147 non
1192 1105 1437 1160 indisertus,

101 1162 246 1205 tristis
279 1164 417 1205 exitus
450 1164 601 1205 habuit
641 1165 899 1205 consulatus.
955 1164 1067 1206 Nam
1099 1164 1312 1205 invidiosa
1342 1164 1435 1219 lege

103 1222 312 1274 [Mamilia
338 1222 549 1276 quaestio]
585 1220 628 1263 C.
656 1221 836 1263 Galbam
870 1223 1133 1264 sacerdotem
1160 1226 1202 1263 et
1234 1225 1438 1277 quattuor

102 1280 344 1322 consulares
370 1280 417 1321 L.
439 1280 629 1321 Bestiam
662 1279 706 1322 C.
728 1279 935 1322 Catonem
962 1280 1033 1336 Sp.
1053 1281 1260 1322 Albinum
1287 1281 1438 1322 civem-

50 1355 84 1380 20
103 1353 183 1392 que
232 1339 650 1392 praestantissimum
698 1338 744 1379 L.
795 1338 1030 1394 Opimium,
1081 1338 1263 1381 Gracchi
1310 1339 1438 1380 inter-

101 1397 324 1451 fectorem,
362 1412 386 1437 a
416 1397 571 1451 populo
607 1397 871 1451 absolutum,
907 1413 1004 1439 cum
1040 1398 1077 1438 is
1111 1401 1259 1439 contra
1289 1397 1436 1451 populi

103 1455 292 1496 studium
313 1455 516 1509 stetisset,
537 1454 774 1496 Gracchani
794 1456 954 1497 iudices
976 1456 1252 1496 sustulerunt.
1295 1455 1506 1496 Huius129

102 1513 321 1554 dissimilis
351 1513 397 1554 in
428 1513 651 1554 tribunatu
682 1514 927 1568 reliquaque
960 1514 1075 1555 omni
1107 1514 1196 1555 vita
1227 1514 1330 1555 civis
1361 1514 1438 1555 im-

101 1572 261 1626 probus
277 1570 320 1613 C.
335 1571 527 1613 Licinius
542 1571 685 1613 Nerva
703 1586 790 1613 non
808 1572 1039 1614 indisertus
1059 1572 1154 1613 fuit.
1187 1571 1231 1614 C.
1245 1572 1438 1613 Fimbria

51 1645 84 1671 25
104 1630 369 1684 temporibus
400 1630 536 1671 isdem
567 1630 673 1685 fere,
710 1631 782 1671 sed
818 1631 989 1686 longius
1028 1634 1166 1672 aetate
1198 1634 1438 1685 provectus,

102 1688 276 1730 habitus
309 1692 374 1730 est
407 1703 520 1743 sane,
551 1692 599 1730 ut
630 1689 693 1729 ita
719 1689 868 1742 dicam,
899 1689 1135 1730 lutulentus
1164 1704 1287 1743 asper
1312 1690 1438 1730 male-

104 1747 240 1801 dicus3
278 1761 430 1802 genere
468 1750 562 1788 toto
599 1747 727 1801 paulo
765 1747 967 1789 fervidior
1005 1751 1132 1802 atque
1171 1747 1438 1801 commotior,

104 1805 326 1860 diligentia
368 1808 511 1846 tamen
548 1808 590 1846 et
628 1806 785 1847 virtute
824 1806 954 1847 animi
999 1809 1126 1860 atque
1169 1806 1258 1847 vita
1299 1807 1437 1847 bonus

105 1866 253 1904 auctor
282 1863 328 1904 'm
359 1866 530 1918 senatu3
559 1863 673 1905 idem
704 1864 941 1905 tolerabilis
973 1868 1179 1919 patronus
1211 1878 1289 1905 nec
1320 1864 1436 1905 rudis

51 1939 85 1962 30
103 1921 149 1961 in
178 1921 269 1962 iure
302 1921 415 1962 civili
448 1924 489 1962 et
515 1936 610 1962 cum
635 1922 793 1963 virtute
824 1926 917 1963 tum
949 1923 1078 1963 etiam
1109 1922 1202 1976 ipso
1231 1922 1436 1963 orationis

105 1993 257 2034 genere
293 1979 418 2034 liber3
463 1979 581 2021 cuius
615 1981 828 2022 orationes
865 1981 985 2035 pueri
1022 1981 1290 2036 legebamus,
1333 1995 1436 2035 quas

103 2037 190 2078 iam
221 2037 405 2091 reperire
436 2037 507 2078 vix
537 2052 777 2092 possumus.
820 2039 964 2093 Atque
996 2042 1039 2080 et
1071 2039 1157 2081 acri
1187 2039 1361 2094 ingenio
1395 2042 1506 2080 et130

105 2109 298 2136 sermone
339 2095 543 2150 eleganti,
584 2096 824 2138 valetudine
868 2097 1138 2138 incommoda
1179 2097 1223 2139 C.
1267 2096 1435 2138 Sextius

105 2152 306 2194 Calvinus
331 2153 432 2208 fuit,
464 2154 536 2207 qui
562 2154 654 2209 etsi,
680 2169 777 2196 cum
802 2155 1053 2196 remiserant
1079 2155 1246 2196 dolores
1271 2156 1438 2209 pedum,

52 2226 191 2253 3511011
231 2212 375 2252 deerat
411 2211 456 2251 in
493 2212 650 2266 causis,
688 2216 833 2254 tamen
872 2213 915 2255 id
954 2228 1041 2254 non
1079 2228 1203 2268 saepe
1241 2213 1436 2254 faciebat.

105 2269 256 2324 Itaque
283 2269 461 2311 consilio
488 2270 591 2323 eius,
616 2285 712 2312 cum
737 2271 950 2325 volebant,
974 2271 1168 2313 homines
1194 2271 1437 2323 utebantur,

103 2328 354 2383 patrocinio,
385 2342 480 2369 cum
505 2328 672 2369 licebat.
723 2329 864 2370 Isdem
890 2330 1156 2384 temporibus
1181 2329 1237 2369 M.
1264 2329 1438 2381 Brutus,

1441 847 1506 877 128
