1643 2526
478 81 578 117 CAP.
606 85 758 118 49—50.
809 86 828 124 ξ
858 86 1050 118 179—186.
1350 85 1436 127 269

93 175 327 230 propositis
360 176 498 217 omnis
532 176 699 231 cupisse
732 176 889 231 dicere,
925 191 1013 219 non
1048 178 1270 233 plurumos
1310 194 1435 222 ausos

95 249 198 289 esse,
228 234 419 289 potuisse
451 249 622 288 paucos.
683 235 778 290 Ego
811 238 955 276 tamen
986 236 1048 277 ita
1074 237 1123 278 de
1155 252 1240 279 uno
1268 252 1435 293 quoque

95 293 245 347 dicam,
275 296 323 334 ut
347 293 541 348 intellegi
566 293 704 347 possit
730 308 855 347 quem
882 294 1121 336 existimem
1148 296 1437 350 clamatorem,

95 366 221 405 quem
253 354 467 392 oratorem
498 351 641 392 fuisse.
702 351 843 393 Isdem
876 352 963 393 fere
996 354 1262 408 temporibus
1296 358 1435 396 aetate

59 426 75 452 5
94 409 316 450 inferiores
342 410 470 464 paulo
492 425 619 464 quam
637 409 784 465 Iulius,
810 411 882 451 sed
904 411 1100 464 aequales
1126 414 1434 467 propemodum

94 468 266 509 fuerunt
293 466 336 509 C.
359 467 488 509 Cotta
513 467 559 509 P.
582 467 794 522 Sulpicius
821 468 867 517 Q.
889 468 1046 510 Varius
1077 469 1150 511 Cn.
1170 470 1434 526 Pomponius

96 524 139 567 O.
166 525 295 567 Curio
335 526 380 566 L.
407 526 554 568 Fufius
593 526 648 567 M.
675 527 841 568 Drusus
879 527 924 568 P.
951 527 1186 584 Antistius3
1229 545 1306 571 1166
1348 530 1435 571 ulla

95 587 234 625 aetate
271 585 444 625 uberior
482 588 701 626 oratorum
734 585 846 626 fetus
878 585 972 627 fuit.
1033 587 1100 627 Ex
1131 587 1198 629 his
1231 586 1361 629 Cotta
1392 592 1505 631 et183

96 641 309 696 Sulpicius
336 658 433 684 cum
458 658 552 684 meo
583 644 739 685 iudicio
772 646 864 685 tum
897 645 1087 686 omnium
1117 646 1242 687 facile
1274 647 1433 701 primas

44 720 76 743 10
95 701 297 742 tulerunt.
359 701 441 743 Hic
473 702 664 743 Atticus:
708 701 801 750 Quo
833 703 959 744 modo
990 703 1101 745 istuc
1134 704 1252 760 dicis,
1282 705 1436 759 inquit,

95 774 191 800 cum
229 762 305 800 tuo
343 760 500 801 iudicio
533 763 624 801 tum
658 761 877 801 omnium?
929 760 1157 816 Semperne
1188 763 1235 803 in
1267 767 1434 804 oratore

93 818 313 871 probando
342 821 415 859 aut
445 818 726 872 improbando
759 819 875 874 volgi
909 819 1114 861 iudicium
1145 836 1241 862 cum
1272 822 1436 863 intelle-

95 876 288 931 gentium
318 876 475 918 iudicio
509 877 739 932 congruit?
776 877 846 918 An
873 878 944 918 alii
976 879 1213 932 probantur
1246 895 1270 921 a
1294 880 1435 921 multi-

94 935 259 988 tudine,
297 935 368 975 alii
409 939 552 976 autem
591 937 642 976 ab
675 936 728 976 iis
767 936 839 990 qui
875 936 1161 992 intellegunt?
1211 938 1343 980 Recte
1374 953 1435 979 re-

42 1010 74 1035 15
95 992 242 1047 quiris,
266 993 453 1048 inquam,
478 993 640 1049 Attice3
674 994 747 1035 sed
773 995 917 1035 audies
943 1010 993 1035 ex
1019 1010 1085 1036 me
1111 996 1295 1037 fortasse
1322 997 1434 1050 quod

93 1065 180 1092 non
207 1065 352 1092 omnes
378 1052 572 1105 probent.
623 1051 693 1092 An
718 1055 777 1107 tu,
808 1053 960 1107 inquit,
990 1053 1033 1094 id
1058 1053 1242 1109 laboras,
1275 1055 1309 1096 si
1335 1055 1505 1097 huic184

94 1109 219 1150 modo
257 1109 393 1150 Bruto
435 1110 694 1164 probaturus
735 1111 808 1151 es?
858 1110 1008 1165 Plane,
1046 1111 1241 1167 inquam,
1276 1113 1435 1167 Attice,

94 1167 426 1221 disputationem
465 1168 574 1209 hanc
612 1169 662 1209 de
701 1172 869 1210 oratore
907 1170 1127 1223 proba-ndo
1166 1174 1240 1212 aut
1279 1171 1436 1226 impro-

94 1225 234 1267 bando
262 1226 398 1267 multo
425 1227 572 1267 malim
597 1227 678 1268 tibi
705 1230 747 1268 et
772 1227 909 1268 Bruto
935 1228 1114 1283 placere,
1146 1229 1433 1284 eloquentiam

41 1302 75 1327 20
96 1286 240 1324 autem
271 1299 409 1325 meam
440 1285 599 1338 populo
631 1286 805 1338 probari
835 1286 974 1327 velim.
1030 1287 1088 1327 Et
1118 1287 1231 1328 enim
1261 1303 1434 1329 necesse

95 1345 172 1396 est,
203 1342 275 1396 qui
305 1342 369 1383 ita
400 1343 526 1396 dicat,
556 1346 605 1384 ut
632 1358 656 1384 a
687 1344 960 1385 multitudine
991 1345 1209 1400 probetur,
1240 1347 1434 1387 eumdem

95 1400 231 1441 doctis
262 1401 446 1454 probari.
508 1400 621 1442 Nam
654 1402 755 1454 quid
784 1402 830 1442 in
861 1402 1037 1444 dicendo
1075 1406 1240 1444 rectum
1273 1405 1329 1445 sit
1361 1408 1434 1445 aut

93 1473 272 1512 pravum
304 1473 383 1513 ego
415 1459 625 1514 iudicabo,
658 1460 693 1500 si
724 1460 850 1501 modo
885 1461 921 1501 is
955 1475 1061 1515 sum,
1094 1461 1166 1515 qui
1197 1462 1240 1502 id
1271 1463 1434 1516 possim

95 1519 169 1557 aut
201 1517 333 1557 sciam
363 1517 566 1573 iudicare3
600 1518 737 1572 qualis
769 1532 867 1559 vero
898 1518 955 1559 sit
981 1522 1125 1560 orator
1151 1535 1202 1560 ex
1228 1535 1290 1574 eo,
1322 1521 1434 1574 quod

42 1592 74 1617 25
94 1574 130 1615 is
163 1575 338 1616 djcendo
372 1575 546 1630 efficiet,
581 1576 741 1630 poterit
777 1576 983 1631 intellegi.
1045 1577 1146 1618 Tria
1177 1582 1277 1619 sunt
1309 1579 1502 1633 enim,185

94 1635 142 1673 ut
168 1633 338 1686 quidem
364 1648 442 1688 ego
471 1634 620 1688 sentio,
652 1649 758 1688 quae
791 1635 877 1675 sint
909 1635 1129 1677 efficienda
1161 1636 1355 1678 dicendo:
1388 1641 1435 1678 ut

95 1691 296 1732 doceatur
326 1692 376 1746 is,
407 1693 519 1746 apud
551 1707 675 1746 quem
707 1693 882 1747 dicetur,
913 1697 961 1734 ut
994 1694 1238 1749 delectetur,
1268 1698 1316 1736 ut
1348 1711 1435 1737 mo-

94 1752 243 1790 veatur
268 1749 571 1792 vehementius.
622 1750 784 1799 Quibus
811 1751 1044 1793 virtutibus
1072 1753 1254 1794 oratoris
1280 1753 1431 1795 horum

97 1807 279 1860 quidque
325 1808 535 1849 efficiatur
579 1812 652 1850 aut
697 1809 849 1862 quibus
893 1810 1009 1851 vitiis
1055 1814 1200 1852 orator
1238 1815 1311 1852 aut
1346 1826 1434 1853 non

43 1883 76 1907 30
98 1865 354 1919 adsequatur
395 1866 500 1908 haec
544 1870 618 1908 aut
658 1868 788 1908 etiam
824 1868 870 1908 in
905 1868 972 1909 1113
1010 1868 1181 1909 labatur
1219 1873 1260 1910 et
1298 1870 1434 1924 cadat,

96 1923 250 1963 artifex
281 1923 433 1976 aliquis
465 1924 682 1966 iudicabit.
743 1926 970 1967 Efficiatur
1003 1929 1146 1967 autem
1178 1927 1230 1967 ab
1265 1931 1433 1969 oratore

93 1995 238 2035 necne,
269 1984 317 2021 ut
340 1981 372 2021 ii
398 1982 470 2035 qui
499 1983 676 2024 audiunt
706 1984 770 2024 ita
802 1984 1043 2025 afficiantur
1074 1987 1122 2025 ut
1149 1988 1293 2026 orator
1318 1986 1434 2041 velit,

94 2039 211 2093 volgi
244 2039 424 2080 adsensu
456 2043 498 2081 et
528 2041 723 2094 populari
762 2042 1069 2096 adprobatione
1100 2043 1280 2084 iudicari
1312 2045 1432 2085 solet.

94 2096 245 2151 Itaque
276 2111 509 2151 numquam
536 2099 585 2139 de
610 2100 723 2140 bono
751 2103 918 2141 oratore
945 2103 1019 2141 aut
1043 2115 1130 2142 non
1155 2102 1268 2142 bono
1295 2103 1431 2143 doctis

41 2172 74 2197 35
94 2154 340 2196 hominibus
368 2170 464 2196 cum
488 2157 646 2211 populo
674 2157 881 2199 dissensio
907 2159 1000 2200 fuit.
1047 2158 1116 2199 An
1142 2175 1299 2214 censes,
1333 2161 1432 2201 dum

93 2213 157 2253 illi
188 2213 417 2268 viguerunt
449 2228 554 2267 quos
581 2218 679 2256 ante
705 2216 803 2271 dixi,
833 2231 920 2257 non
951 2217 1121 2258 eosdem
1153 2219 1310 2273 gradus
1344 2233 1432 2259 ora-

94 2273 238 2312 torum
268 2272 384 2327 volgi
415 2272 572 2314 iudicio
599 2276 641 2314 et
666 2274 889 2316 doctorum
914 2275 1075 2317 fuisse?
1118 2276 1183 2317 De
1208 2276 1367 2330 populo
1396 2276 1431 2316 si

1446 2137 1503 2178 50

1438 2205 1501 2235 18ss
