1643 2526
355 83 499 118 LIBER
524 84 567 119 Π.
619 83 719 119 CAP.
746 87 898 120 80—81.
950 88 968 127 ξ
996 88 1194 121 323—330.
1365 85 1447 127 151

105 178 242 220 cunda
286 181 328 220 et
371 179 423 220 ad
461 179 802 234 persuadendum
844 180 1165 222 accommodata
1203 180 1277 236 sit,
1320 180 1448 222 tollit.

105 236 314 278 Videatur
343 237 434 278 illa:

169 317 295 360 Nam
325 319 367 360 is
398 322 670 374 postquam
703 320 927 362 excessit
959 335 1016 361 ex
1049 320 1257 375 ephebis
1292 354 1298 361 .
1351 353 1388 362 ..

105 426 233 466 qua-m
263 411 394 467 longa
422 416 487 453 est
512 413 723 455 narratio!
756 427 896 454 mores
923 413 1205 455 adulescentis
1236 413 1372 468 ipsius
1405 416 1520 456 et327

68 488 85 513 5
106 470 271 511 servilis
303 471 592 526 percontatio,
629 486 744 513 mors
777 470 1016 526 Chrysidis,
1053 472 1195 513 voltus
1235 476 1278 514 et
1308 472 1448 513 forma

104 531 146 569 et
171 529 423 570 lamentatio
451 530 623 584 sororis,
654 530 817 584 reliqua
843 530 1035 584 pervarie
1062 530 1326 585 iucundeque
1353 545 1448 572 nar-

103 590 262 628 rantur.
326 586 447 635 Quod
479 588 514 629 si
547 588 657 630 hanc
689 588 945 630 brevitatem
978 588 1226 643 quaesisset,

220 680 473 736 Effertur,
503 681 651 736 imus,
683 682 741 723 ad
773 681 1062 736 sepulcrum
1093 682 1341 737 venimus,

220 739 276 779 In
307 739 474 794 ignem
504 739 807 795 inpositast,

50 839 84 863 10
104 821 248 862 decem
278 820 499 862 versiculis
533 824 674 862 totum
700 822 906 863 conficere
937 821 1169 877 potuisset3
1202 836 1444 876 quanquam

102 879 183 920 hoc
210 879 352 932 ipsum
382 879 636 934 Effertur,
666 880 814 934 imus,
846 880 1064 921 concisum
1089 883 1154 922 est
1178 880 1254 935 ita,
1284 883 1333 921 ut
1358 895 1446 922 non

102 937 304 978 brevitati
344 937 549 979 servitum
586 938 642 979 sit
680 939 753 979 sed
790 939 928 993 magis
966 938 1192 980 venustati.
1255 938 1377 987 Quod
1409 938 1515 981 si328

102 995 210 1036 nihil
251 995 404 1037 fuisset
447 996 532 1037 nisi
575 995 632 1037 In
668 996 837 1051 ignem
875 997 1121 1051 imposita
1161 1000 1257 1051 est,
1300 1000 1446 1038 tamen

102 1068 169 1095 res
201 1057 296 1095 tota
328 1054 531 1109 cognosci
561 1054 686 1095 facile
711 1055 936 1109 potuisset.
989 1054 1070 1096 Sed
1096 1058 1138 1096 et
1164 1055 1446 1096 festivitatem

49 1129 84 1155 15
102 1112 233 1153 habet
269 1113 460 1153 narratio
500 1113 704 1154 distincta
744 1113 937 1167 personis
980 1116 1022 1154 et
1057 1113 1331 1167 interpuncta
1362 1128 1446 1155 ser·
1484 1160 1492 1163 ‚

102 1170 320 1225 monibus,
370 1174 412 1212 et
456 1174 521 1212 est
564 1174 606 1212 et
649 1171 937 1226 probabilius,
980 1172 1098 1225 quod·
1139 1175 1308 1227 gestum
1352 1187 1443 1213 esse

102 1229 235 1283 dicas,
273 1243 401 1282 quom
442 1243 568 1283 quem
607 1230 659 1270 ad
689 1230 864 1271 modum
896 1233 1039 1271 actum
1071 1230 1128 1271 sit
1160 1245 1364 1284 exponas,
1402 1233 1445 1271 et

101 1287 237 1328 multo
278 1287 466 1341 apertius
506 1288 558 1328 ad
594 1288 931 1343 intellegendum
963 1291 1046 1343 est,
1090 1288 1126 1329 si
1165 1288 1445 1330 constituitur

102 1345 328 1399 aliquando
363 1360 410 1387 30
441 1359 529 1386 11011
558 1346 643 1387 ista
674 1346 884 1387 brevitate
916 1347 1189 1400 percurritur.
1236 1347 1514 1400 Apertam329

48 1422 82 1447 20
103 1404 214 1444 enim
245 1403 535 1444 narrationem
567 1407 657 1444 tam
689 1419 780 1445 0330
814 1407 985 1458 oportet
1016 1419 1143 1457 quam
1176 1408 1333 1458 cetera,
1372 1406 1445 1446 sed

100 1462 182 1503 hoc
213 1462 351 1517 magis
382 1462 429 1502 in
459 1462 540 1503 hoc
573 1462 879 1503 elaborandum
912 1465 989 1516 est,
1021 1463 1133 1516 quod
1160 1466 1202 1504 et
1227 1463 1444 1504 difficilius

102 1523 166 1562 est
203 1534 292 1561 non
330 1535 421 1561 esse
463 1521 692 1561 obscurum
729 1520 773 1561 in
811 1535 856 1561 re
893 1521 1104 1561 narranda
1137 1535 1264 1574 quam
1296 1524 1370 1561 aut
1399 1521 1446 1561 in

99 1578 312 1633 principio
352 1581 426 1619 aut
466 1579 511 1619 in
549 1581 802 1633 argumento
844 1582 935 1631 [aut
966 1580 1187 1634 purgando
1221 1582 1295 1620 aut
1326 1593 1446 1633 pero-

101 1637 251 1688 rando]
295 1640 337 1677 et
374 1637 534 1678 maiore
573 1637 703 1678 etiam
741 1637 930 1691 periculo
969 1637 1073 1678 haec
1105 1652 1203 1691 pars
1237 1637 1444 1678 orationis

50 1712 83 1738 25
105 1695 286 1736 obscura
313 1697 377 1736 est
404 1709 531 1749 quam
558 1698 710 1749 cetera,
741 1695 808 1736 vel
835 1695 947 1749 quia,
978 1695 1014 1736 si
1041 1710 1124 1749 quo
1157 1695 1241 1736 alio
1272 1695 1317 1735 in
1348 1696 1443 1737 loco

102 1756 167 1794 est
199 1753 360 1794 dictum
386 1753 487 1807 quid
514 1753 750 1808 obscurius,
781 1756 950 1794 tantum
985 1753 1061 1805 [id]
1094 1754 1206 1808 perit
1239 1754 1352 1807 quod
1381 1754 1445 1794 ita

102 1812 264 1853 dictum
289 1814 366 1865 est,
384 1811 575 1852 narratio
604 1812 786 1853 obscura
810 1814 949 1853 totam
976 1815 1173 1853 occaecat
1195 1812 1445 1866 orationem,

100 1869 168 1911 vel
197 1870 310 1923 quod
337 1869 420 1910 alja
451 1870 604 1924 possis,
636 1870 766 1911 semel
794 1870 829 1911 si
857 1870 1079 1911 obscurius
1106 1870 1274 1924 dixeris,
1306 1870 1443 1911 dicere

103 1928 187 1969 alio
220 1928 314 1968 loco
346 1927 529 1982 planius,
558 1928 818 1969 narrationis
850 1943 960 1969 unus
993 1931 1058 1969 est
1087 1928 1134 1968 in
1160 1943 1287 1969 causa
1312 1928 1444 1969 locus.

47 2003 83 2028 30
101 1985 199 2027 Erit
239 1989 383 2026 autem
420 1986 644 2040 perspicua
680 1986 890 2040 narratio,
928 1986 964 2026 si
1003 1986 1141 2027 verbis
1179 1986 1370 2041 usitatis,
1408 1986 1445 2027 31

102 2044 249 2086 ordine
281 2046 525 2098 temporum
551 2048 816 2099 conservato,
848 2044 884 2085 si
914 2058 1003 2084 non
1033 2044 1270 2098 interrupte
1302 2059 1444 2086 narra-

99 2102 229 2143 bitur.
277 2100 358 2143 Sed
385 2102 553 2155 quando
579 2103 785 2143 utendum
812 2102 868 2143 sit
894 2105 968 2143 aut
992 2117 1080 2143 non
1106 2102 1162 2143 sit
1186 2102 1444 2156 narratione,

99 2160 144 2201 id
175 2163 240 2201 est
273 2160 452 2201 consilii.
514 2159 663 2214 Neque
703 2160 815 2201 enim
854 2160 890 2201 si
927 2163 1031 2201 nota
1066 2175 1134 2201 res
1167 2164 1232 2202 est
1262 2175 1340 2202 nec
1373 2161 1444 2200 du-

100 2218 221 2259 bium
253 2218 354 2272 quid
386 2221 557 2273 gestum
589 2218 664 2273 sit,
699 2233 872 2259 narrare
906 2221 1094 2274 oportet,
1124 2233 1201 2260 nec
1234 2219 1270 2259 31
1303 2219 1445 2259 adver-

45 2292 80 2319 35
103 2276 239 2318 sarius
267 2276 472 2332 narravit,
502 2275 586 2317 nisi
618 2276 654 2318 si
684 2276 938 2318 refellemus
1000 2276 1063 2319 Ac
1096 2277 1132 2318 si
1165 2277 1331 2331 quando
1364 2275 1445 2317 erit

1459 2079 1513 2120 81

1447 2147 1515 2178 330
