1643 2526
522 90 622 125 ADN
628 90 800 125 ΟΤΑΤΙΟ
832 90 1030 127 CRITICA.
1349 86 1450 126 ‘LXI

110 199 163 229 11.
191 196 352 231 ardentis
376 194 421 228 F²
448 216 491 220 ——
519 199 572 229 15.
599 196 684 230 dira
709 208 736 229 ω
767 215 810 220 -
839 199 892 230 16.
919 196 1079 240 appellat
1104 196 1183 231 cod.
1204 196 1294 230 Mut.
1316 195 1411 230 VID
1427 201 1446 231 6

110 262 153 267 —
180 245 235 277 22.
262 244 302 277 iu
321 243 385 277 hoc
404 243 445 277 iu
464 253 543 277 eum
567 242 594 275 L
620 243 744 277 hocine
763 253 812 277 au
831 243 894 277 illo
913 243 1016 278 verbo
1035 253 1122 278 usus
1143 244 1190 278 sit
1216 254 1260 277 ex
1277 243 1446 279 Ambros

109 288 146 322 in
173 289 311 323 Lucam
339 288 436 323 1142
470 290 507 322 et
538 288 733 333 Augustin.
766 290 896 323 contra
927 288 1164 324 Cresconium
1194 289 1227 323 Π
1247 295 1267 324 3
1302 291 1447 334 Sauppe

110 355 153 360 -
186 339 241 370 23.
274 336 343 370 huc
367 335 395 369 L
423 336 551 370 hucine
577 335 656 370 Pid.
689 335 808 379 (δευρὶ
834 347 891 380 ap.
918 335 1123 381 Demosth.)
1161 357 1202 361 ——
1242 337 1280 372 P.
1308 340 1387 371 321.
1415 340 1446 371 6.

109 393 183 417 uon
207 383 302 417 nihil
326 381 439 416 FPO
469 403 512 407 —-
540 386 594 416 14.
619 393 682 417 uec
707 384 770 427 qui
794 382 822 416 L
847 386 880 417 et
905 384 967 427 qui
993 396 1019 416 ω
1047 404 1088 408 ——
1116 387 1171 418 29.
1198 395 1278 419 cum
1384 394 1447 419 ‘no-

109 429 192 464 bilis
217 428 302 464 fort.
329 428 399 463 del.
440 449 480 453 —
520 433 576 463 32.
614 430 708 474 quod
732 430 786 464 vel
816 428 1035 474 Heerdegen
1065 429 1173 464 malit
1210 450 1253 455 —
1289 435 1345 466 37.
1384 441 1449 465 uos

109 477 224 520 iye'tur
248 475 283 510 N
320 496 363 500 —
402 476 440 509 P.
469 479 548 510 322.
576 480 605 510 1.
643 476 764 510 eadem
796 475 821 509 C
854 487 895 511 ea
920 477 1059 511 demum
1090 476 1175 511 Em.
1207 488 1249 512 ea
1273 477 1375 512 Bake
1407 489 1449 512 ea

109 523 251 566 quidem
276 522 386 566 Kays.
414 543 456 547 —
491 527 524 557 5.
550 523 792 557 incendiosior
817 522 843 555 L
869 524 1040 558 iuceudor
1064 522 1082 556 f
1110 544 1153 549 —
1186 527 1217 559 8.
1242 525 1450 559 incredibili

108 570 211 611 sama
234 571 411 604 virtutum
435 569 709 604 admirabilium
734 569 789 604 ed.
811 569 941 605 Venet.
964 574 981 603 1
1004 570 1037 603 N
1066 591 1106 594 —
1137 573 1190 605 16.
1216 582 1260 606 ea:
1285 571 1449 605 omuibus

109 615 215 650 Laur.
231 620 286 658 50,
304 620 344 650 18
366 626 457 649 corr.
478 635 522 641 —
543 619 598 650 30.
619 617 751 651 iniuste
766 615 929 650 Kraffert,
949 637 991 642 —
1012 621 1066 651 33.
1088 629 1177 661 quae
1190 617 1224 651 N
1245 618 1307 662 qui
1320 617 1412 652 Ven.
1427 621 1447 651 2

109 661 236 696 Lamb.
264 683 307 687 —
334 662 373 697 P.
400 665 478 697 323.
507 666 536 697 1.
562 663 674 698 multo
698 662 825 698 Lamb.
851 664 957 698 multi
984 663 1145 697 Schenkl
1171 685 1214 689 -
1241 669 1272 699 4.
1300 665 1398 699 alius
1422 663 1448 698 C

109 710 167 754 (us
186 708 226 742 in
245 720 321 749 raS.
337 708 380 753 O>
406 710 497 744 alios
516 708 549 742 fs
573 730 618 734 —
643 710 770 744 abdita
795 714 827 744 et
853 720 922 745 om.
943 710 972 743 E
993 710 1148 755 Madvig
1173 731 1219 736 —-
1246 716 1277 746 5.
1304 712 1396 747 alios
1414 710 1449 745 N

111 776 154 780 -—
191 757 341 791 delectat
371 756 399 789 L
437 757 614 791 delectant
644 769 671 790 ω
705 757 902 791 delectatur
932 757 966 790 N
1006 778 1049 782 -
1089 761 1119 792 6.
1152 760 1391 802 perscriptzmz
1419 758 1447 791 L

109 813 200 837 corr.
227 816 254 836 ω
281 823 323 827 ——
351 807 382 837 7.
408 814 564 847 quaeque
588 802 807 847 Heerdegen
832 805 987 848 quidque
1011 803 1106 838 Reid
1131 825 1176 829 —
1205 808 1258 840 14.
1283 805 1448 849 scriptio-

109 860 196 884 num
221 849 249 883 L
276 848 346 890 del.
375 850 520 893 Sauppe
553 870 595 875 ——
626 854 659 884 ct
683 851 918 885 historiarum
945 850 1066 885 delere
1093 850 1211 885 suasit
1235 851 1361 886 Lamb.
1388 851 1448 895 (de

111 907 160 930 or.
187 895 219 929 Π
244 900 323 937 333,
344 897 428 940 341)
456 915 498 920 -
528 899 580 930 19.
613 907 684 940 qua
708 896 735 930 L
762 898 855 941 quod
881 896 899 930 f
921 898 1008 941 quia
1034 897 1089 931 ed.
1118 897 1209 932 Ven.
1237 919 1278 922 —
1307 902 1362 932 26.
1390 910 1448 932 ar-

109 943 205 988 yuiti
230 942 377 976 FO¹Pl
403 943 558 988 aryutiis
583 942 802 986 Heerdegen
827 955 926 988 susp.
954 964 996 968 —
1024 947 1079 978 27.
1106 955 1148 979 ea
1166 944 1194 978 L
1219 956 1263 980 eac
1282 944 1377 979 Non.
1404 965 1448 970 —-

111 993 167 1024 29.
193 990 355 1024 dimensa
378 988 505 1023 Lamb.
544 1010 588 1015 -
623 990 810 1032 conferant
835 990 862 1023 L
890 1001 981 1024 corr.
1007 990 1149 1025 Manui..
1189 1012 1230 1016 -—
1271 995 1326 1026 30.
1358 1003 1448 1026 com-

110 1040 305 1080 parentque
329 1035 357 1068 L
384 1046 474 1069 corr.
499 1034 640 1069 Manut.
674 1056 716 1060 —
748 1041 781 1071 et
805 1040 871 1071 aut
897 1036 925 1070 L
957 1041 989 1072 et
1012 1042 1054 1072 ut
1084 1037 1102 1070 f
1129 1042 1161 1072 et
1186 1039 1356 1081 adversa,
1385 1042 1449 1073 ut?

110 1084 203 1127 (330,
224 1083 282 1126 25)
307 1102 351 1107 -
377 1086 430 1116 34.
458 1093 498 1117 ea
518 1093 554 1116 se
578 1082 661 1117 Ald.
680 1086 699 1116 2
725 1094 760 1117 se
779 1094 822 1117 ea
847 1083 994 1127 Sauppe
1020 1105 1063 1108 —
1089 1085 1245 1119 studiose
1269 1095 1304 1119 se
1329 1084 1406 1118 Iun.
1428 1089 1447 1118 2

114 1150 154 1154 —
182 1130 220 1163 P.
235 1132 314 1164 324.
329 1132 363 1163 4.
388 1130 644 1163 uersicolorum
668 1129 700 1162 f²
723 1150 770 1155 —
797 1133 850 1165 16.
877 1131 1001 1165 credas
1025 1130 1053 1163 L
1080 1132 1196 1166 ccedes
1220 1131 1251 1164 f¹
1277 1133 1394 1167 credes
1418 1131 1450 1165 f2

111 1177 214 1211 cedas
238 1175 323 1209 Ern.
349 1177 520 1210 concedas
539 1175 759 1219 Heerdegen
784 1197 827 1201 —
857 1181 910 1211 19.
936 1179 1097 1212 immisse
1117 1178 1144 1211 L
1169 1179 1332 1213 uz'uazisse
1351 1191 1378 1212 ω
1403 1200 1450 1204 -

112 1226 166 1257 ⁶20.
197 1223 428 1267 Thucydides
452 1222 479 1256 L
507 1222 720 1258 Theodectes
744 1222 838 1258 Non.
868 1224 1076 1259 Theodorus
1102 1225 1185 1259 Ern.
1214 1246 1253 1249 —
1283 1229 1337 1259 27.
1358 1237 1450 1270 prae
1492 1229 1500 1232 “

112 1270 236 1304 testim.
257 1269 473 1312 Heerdegen
493 1268 601 1302 malit
628 1290 670 1294 —-
696 1270 735 1303 P.
756 1274 835 1304 325.
857 1273 889 1304 5.
917 1275 1120 1316 auyuratus
1146 1271 1173 1304 P
1190 1270 1218 1305 Ο
1246 1277 1449 1317 auyuratus

112 1319 183 1351 est‘?
204 1315 337 1359 Stangl
356 1319 406 1350 est
425 1319 628 1360 auyuratus
647 1315 796 1350 Muther
814 1337 858 1342 —
881 1321 935 1351 10.
955 1318 1104 1361 effluens
1123 1318 1150 1351 L
1171 1319 1327 1362 affluens
1347 1317 1412 1354 Gn.
1428 1323 1448 1353 2

111 1364 226 1406 fluens
251 1361 345 1396 coni.
372 1361 481 1396 Orell.
516 1383 558 1387 —
592 1365 646 1397 15.
679 1367 729 1397 est
752 1364 833 1407 ipsa
859 1363 886 1396 L
916 1365 997 1408 ipsa
1023 1366 1050 1397 ὼ
1083 1368 1116 1399 et
1139 1366 1221 1409 ipsa
1247 1364 1379 1409 scripsi
1403 1386 1450 1390 —

114 1412 167 1443 17.
189 1412 306 1443 autem
324 1408 409 1442 incl.
433 1407 565 1452 Stangl
592 1429 632 1434 —
658 1410 733 1444 iam
754 1420 822 1444 om.
843 1409 871 1443 P
887 1409 914 1443 O
942 1430 984 1435 ——
1012 1414 1067 1444 31.
1095 1422 1183 1455 quae
1202 1416 1321 1446 tamen
1339 1423 1451 1447 causa

114 1466 180 1489 scr.
206 1455 331 1489 Lamb.
371 1467 459 1499 quae
490 1460 609 1490 tamen
640 1467 711 1500 qua
741 1457 782 1490 iu
813 1467 924 1491 causa
960 1456 1226 1491 Melanchthon
1263 1469 1354 1502 quae
1378 1470 1450 1502 qua

113 1507 230 1537 tamen
255 1503 294 1536 iu
319 1512 431 1536 causa
462 1501 574 1536 Orell.
613 1522 656 1527 —
695 1514 766 1546 qua
869 1504 1069 1547 prudentia
1100 1503 1227 1538 Lamb.
1255 1506 1350 1539 auct.
1377 1505 1448 1539 del.

112 1549 223 1592 Kays.
263 1569 305 1573 ——
343 1548 380 1582 P.
408 1552 487 1582 326.
515 1553 547 1583 3.
583 1550 616 1583 st
641 1560 730 1593 opus
755 1554 805 1584 est
830 1548 924 1583 coni.
953 1549 1084 1594 Stangl
1121 1571 1165 1575 —
1205 1555 1235 1586 7.
1273 1553 1450 1586 rationem

112 1594 280 1630 Nizolius
307 1615 350 1620 —
378 1599 432 1629 10.
461 1597 501 1630 iu
526 1600 714 1639 utramque
733 1600 875 1640 partem
901 1596 972 1630 del.
998 1597 1159 1631 Eussner
1184 1617 1229 1622 —
1257 1601 1310 1632 11.
1331 1602 1451 1643 posset

114 1641 250 1686 Gryph.
271 1646 290 1676 2
317 1641 444 1676 Lamb.
477 1662 519 1667 --
556 1646 608 1676 14.
633 1643 742 1685 facile
766 1643 794 1676 L
819 1644 929 1685 faciet
955 1642 1174 1678 Gulielmius
1200 1664 1244 1669 —
1278 1647 1331 1679 18.
1358 1657 1449 1679 ema-

112 1693 205 1723 uant
224 1688 255 1721 N
281 1693 432 1723 manant
451 1688 603 1722 Ellendt
622 1691 692 1732 (44,
713 1693 774 1732 213
802 1693 857 1731 96,
881 1693 938 1732 123
970 1693 1045 1733 180,
1065 1691 1100 1734 8)
1128 1711 1168 1715 -
1195 1695 1252 1725 21.
1278 1703 1321 1726 ex
1339 1692 1451 1726 isdem

113 1735 141 1769 L
172 1747 215 1770 σω
251 1736 362 1770 isdem
398 1736 518 1770 eadem
554 1735 680 1770 Lamb.
719 1747 762 1770 ea:
798 1737 909 1771 isdem
947 1737 1033 1771 locis
1069 1738 1190 1772 eadem
1226 1737 1380 1782 Madvig
1407 1759 1449 1763 -—

114 1786 170 1816 26.
190 1783 296 1817 etiam
315 1783 441 1817 herbas
461 1781 489 1816 Ο
504 1781 532 1815 Ρ
552 1781 625 1826 (hic
646 1783 750 1827 corr.)
777 1803 819 1807 —
846 1787 901 1818 29.
924 1784 998 1818 ‘nist'
1017 1784 1061 1818 ab
1083 1783 1216 1828 Stangl
1236 1805 1278 1809 —
1298 1796 1451 1830 maguus

113 1828 141 1862 L
166 1839 318 1874 maanus
342 1830 416 1863 ‘nisi
440 1828 505 1863 Th.
526 1828 731 1863 Mommsen
755 1831 830 1864 uisi
854 1841 1007 1874 mayuus
1033 1829 1161 1874 scripsi
1188 1851 1231 1856 -—
1256 1831 1294 1864 P.
1317 1835 1396 1866 327.
1418 1835 1449 1866 1.

113 1878 199 1919 post
229 1876 454 1919 occupaverit
477 1875 569 1909 haec
594 1875 686 1909 fere:
725 1880 758 1910 et
777 1878 965 1920 perspicue
991 1877 1208 1921 breviterque
1232 1880 1450 1920 narraverit,

113 1934 181 1957 sua
198 1922 424 1965 confirmabit
444 1921 607 1966 Sauppe,
634 1923 860 1966 confirmabit
877 1933 944 1957 sua
963 1922 1075 1956 Halm
1095 1944 1138 1948 —
1159 1927 1191 1958 4.
1211 1925 1297 1968 post
1317 1925 1451 1959 leviora

115 1968 159 2002 de
184 1967 418 2012 peroratione
439 1968 622 2011 quaedam
647 1968 882 2003 intercidisse
909 1980 951 2003 ex
978 1973 997 2011 ξ
1019 1973 1084 2004 122
1112 1981 1210 2014 susp.
1232 1970 1379 2015 Sauppe
1406 1992 1450 1996 -—

117 2020 169 2049 11.
197 2026 239 2049 ea
256 2014 284 2047 L
310 2016 428 2049 eadem
449 2028 476 2048 ω
502 2035 545 2040 ——
575 2019 627 2050 17.
652 2017 780 2050 scitari
804 2016 831 2049 L
856 2017 1035 2050 sciscitari
1059 2017 1076 2050 f
1098 2037 1144 2042 ——
1169 2021 1224 2051 29.
1251 2019 1293 2052 iu
1319 2017 1401 2051 add.
1423 2032 1450 2051 ω

114 2082 158 2086 -
186 2066 240 2096 32.
266 2063 307 2095 in
327 2061 410 2095 add.
431 2061 449 2094 f
472 2081 516 2086 —
542 2061 580 2095 P.
598 2065 676 2095 328.
693 2066 724 2097 8.
751 2073 840 2106 quae
859 2067 991 2097 constet
1011 2063 1095 2097 Ern.
1123 2085 1166 2087 —
1193 2067 1247 2098 30.
1269 2075 1312 2098 ea:
1331 2065 1451 2110 Lycia

115 2107 238 2150 Quint.
265 2107 315 2141 XI
342 2112 373 2151 3,
394 2111 436 2141 58
463 2128 506 2132 —
533 2111 588 2142 31.
614 2109 793 2143 rhetorum
818 2120 968 2153 quorum
991 2108 1111 2143 voluit
1131 2109 1214 2145 Ern.
1242 2131 1284 2135 ——
1311 2112 1353 2145 iu
1377 2112 1449 2155 epi-

115 2156 204 2199 loyts
228 2165 272 2188 ex
297 2153 418 2195 Quint..
445 2153 541 2188 Jahn
574 2175 616 2180 ——
650 2159 704 2189 33.
731 2156 821 2190 dicit
840 2155 953 2199 plura
980 2155 1007 2188 L
1028 2157 1142 2200 plura
1167 2156 1252 2191 Ern.
1279 2157 1452 2191 Aeschini

109 2202 255 2245 plorare
286 2200 440 2245 Madvig
469 2201 529 2245 (de
556 2201 635 2235 Cor.
662 2206 730 2236 287
759 2206 801 2246 τῇ
829 2206 934 2246 φωνῇ
961 2202 1153 2246 δακρύειν)
1186 2204 1276 2238 dicit
1305 2204 1452 2246 plorare

116 2247 275 2281 Schenkl
294 2267 337 2272 -—
359 2250 414 2282 34.
434 2248 604 2292 illumque
622 2249 697 2292 ipse
715 2247 868 2292 Madvig
889 2250 998 2283 istum
1018 2261 1117 2293 quem
1137 2260 1269 2294 semper
1290 2249 1451 2283 Schenkl

115 2314 157 2318 —
178 2293 318 2329 dicatL
338 2294 428 2328 dicit
445 2293 495 2338 lg.
510 2298 552 2328 32
573 2294 726 2338 Madvig
745 2296 799 2330 ait
819 2294 978 2329 Schenkl
1000 2316 1041 2320 -—
1062 2297 1151 2331 dicit
1171 2324 1177 2331 .
1195 2324 1201 2330 .
1219 2323 1225 2329 .
1246 2296 1357 2337 fuisse
1378 2295 1448 2330 del.
