1643 2526
170 130 174 135 .
219 107 302 148 180
727 105 790 139 DE
817 92 1041 140 ORATORE

216 201 426 243 Platonis
448 201 569 242 libris
608 201 960 254 sermonibusque
994 198 1224 241 Socraticis
1260 200 1342 241 hoc
1373 199 1556 241 maxime

218 260 411 314 arripuit,
442 259 550 300 nihil
582 274 674 300 esse
707 259 812 300 certi
838 259 952 312 quod
979 262 1052 299 aut
1079 258 1275 299 sensibus
1308 261 1383 299 aut
1415 258 1556 299 animo

217 318 378 373 percipi
409 318 565 372 possit,
610 332 735 371 quem
766 317 909 358 ferunt
942 316 1097 357 eximio
1131 317 1315 370 quodam
1346 331 1471 357 usum
1501 316 1556 357 le-

219 391 320 431 pore
360 376 524 417 dicendi
563 379 837 430 aspernatum
869 389 960 415 esse
1000 389 1123 416 omne
1159 375 1291 416 animi
1324 389 1557 428 sensusque

218 435 422 476 iudicium
452 435 719 489 primumque
750 433 989 475 instituisse
1021 458 1078 462 ——
1110 447 1368 486 quamquam
1399 433 1442 473 id
1473 433 1556 473 fuit
1577 449 1593 474 5

221 493 487 534 Socraticum
519 493 700 534 maxime
737 517 800 546 —-,
837 506 923 532 non
956 492 1056 545 quid
1086 491 1177 546 ipse
1211 491 1389 532 sentiret
1420 494 1558 532 osten-

220 553 335 606 dere,
367 552 440 592 sed
472 555 621 592 contra
651 551 712 605 id,
747 550 862 604 quod
891 550 1068 603 quisque
1102 565 1145 590 se
1179 550 1336 590 sentire
1369 549 1558 603 dixisset,

150 621 193 651 68
221 610 448 664 disputare.
504 609 617 650 Hinc
648 609 751 650 haec
784 608 994 649 recentior
1018 608 1250 649 Academia
1281 608 1483 662 manavit,
1512 607 1559 648 in

221 683 304 722 qua
342 668 485 708 extitit
524 668 665 708 divina
704 667 885 721 quadam
924 667 1139 707 celeritate
1176 666 1339 721 ingenii
1377 666 1558 707 dicendi-

221 741 301 780 que
335 726 458 780 copia
484 724 739 779 Carneades3
772 725 890 766 cuius
924 739 1002 779 ego
1036 725 1117 765 etsi
1149 725 1308 765 multos
1342 724 1556 765 auditores
1579 742 1611 766 ιο

221 785 403 839 cognovi
435 784 635 837 Athenis,
676 787 819 824 tamen
858 786 1052 824 auctores
1092 783 1353 824 certissimos
1385 783 1557 823 laudare

220 857 397 897 possum
422 845 464 882 et
490 856 684 883 socerum
709 856 851 882 meum
879 840 1139 895 Scaevolam,
1170 841 1243 894 qui
1274 856 1370 882 eum
1396 841 1557 881 Romae

222 901 384 941 audivit
422 900 686 953 adulescens,
730 903 772 940 et
804 899 850 948 Q.
882 899 1103 940 Metellum
1140 899 1186 939 L.
1220 899 1266 939 F.
1304 899 1558 940 familiarem

221 974 363 1000 meum
396 958 679 999 clarissimum
710 958 861 1012 virum,
899 958 971 1011 qui
1002 958 1125 998 illum
1157 973 1181 998 a
1214 972 1257 998 se
1289 958 1558 998 adulescente

222 1017 404 1058 Athenis
441 1017 528 1057 iam
567 1017 765 1057 affectum
803 1019 1019 1056 senectute
1054 1016 1212 1056 multos
1245 1016 1333 1057 dies
1367 1015 1559 1056 auditum
1579 1033 1611 1057 15

224 1089 315 1116 esse
348 1075 526 1115 dicebat.
588 1074 705 1115 Haec
731 1077 886 1127 autem,
916 1077 965 1114 ut
991 1089 1041 1114 ex
1065 1074 1291 1128 Apennino
1323 1074 1560 1128 fluminum,

225 1133 285 1174 sic
312 1148 362 1173 ex
389 1133 602 1174 communi
629 1132 862 1186 sapientiae
887 1132 990 1187 iugo
1017 1136 1115 1172 sunt
1137 1133 1426 1173 doctrinarum
1445 1132 1559 1188 facta

224 1191 418 1245 divortia,
450 1194 497 1231 ut
528 1190 774 1245 philosophi
805 1194 1010 1243 tanquam
1040 1190 1087 1230 111
1118 1205 1317 1244 superum
1349 1204 1465 1231 mare
1495 1190 1560 1230 Io-

221 1250 341 1290 nium
373 1249 605 1289 defluerent
632 1248 840 1289 Graecum
867 1249 1079 1302 quoddam
1105 1252 1147 1289 et
1171 1252 1438 1302 portuosum,
1470 1262 1560 1289 ora-

223 1311 337 1348 tores
371 1311 513 1348 autem
544 1307 589 1347 in
619 1307 803 1347 inferum
828 1307 909 1348 hoc
935 1307 1120 1348 Tuscum
1147 1310 1188 1347 et
1216 1307 1446 1347 barbarum
1472 1321 1560 1347 sco·
1579 1324 1613 1348 20

222 1366 422 1419 pulosum
454 1369 580 1419 atque
610 1365 816 1406 infestum
847 1365 1105 1419 laberentur,
1134 1365 1180 1405 in
1206 1379 1288 1418 quo
1315 1365 1445 1406 etiam
1469 1365 1582 1419 ipse,

155 1435 198 1464 70
223 1424 370 1465 Ulixes
409 1427 602 1464 errasset.
670 1423 826 1477 Quare,
864 1424 898 1463 si
930 1423 1009 1464 hac
1042 1423 1285 1476 eloquentia
1321 1426 1448 1477 atque
1479 1423 1560 1464 hoc

225 1485 392 1523 oratore
426 1482 617 1523 contenti
649 1496 807 1536 sumus,
839 1482 911 1534 qui
939 1482 1046 1522 sciat
1071 1485 1145 1522 aut
1175 1496 1331 1536 negare
1364 1484 1560 1535 oportere

225 1541 339 1594 quod
377 1555 572 1594 arguare,
612 1543 703 1593 aut,
741 1540 775 1580 si
812 1539 856 1579 id
892 1554 979 1580 non
1014 1540 1171 1593 possis,
1208 1543 1301 1580 tum
1338 1540 1560 1580 ostendere

225 1599 337 1651 quod
366 1598 404 1638 is
436 1598 597 1652 fecerit,
628 1598 700 1651 qui
730 1597 1013 1651 insimuletur,
1044 1601 1118 1638 aut
1148 1600 1262 1638 recte
1293 1598 1455 1638 factum
1487 1600 1561 1639 aut
1581 1614 1613 1639 25

225 1656 400 1696 alterius
434 1656 558 1709 culpa
587 1659 660 1696 aut
690 1656 846 1695 iniuria
878 1659 951 1696 aut
983 1670 1033 1696 ex
1064 1656 1157 1710 lege
1190 1658 1264 1696 aut
1294 1670 1381 1696 non
1412 1659 1561 1696 contra

225 1714 364 1768 legem
397 1717 469 1754 aut
501 1713 789 1767 imprudentia
822 1717 894 1754 aut
925 1714 1164 1754 necessario
1198 1716 1272 1754 aut
1302 1728 1388 1754 non
1413 1728 1462 1754 eo
1489 1728 1562 1755 no-

225 1772 338 1812 mine
369 1772 672 1825 usurpandum,
713 1785 795 1825 quo
830 1774 1046 1826 arguatur,
1083 1775 1156 1812 aut
1187 1786 1276 1812 non
1305 1772 1368 1812 ita
1399 1772 1482 1827 agi,
1512 1775 1561 1813 ut

226 1830 419 1870 debuerit
452 1844 499 1870 ac
530 1830 716 1884 licuerit,
754 1832 808 1883 et,
840 1830 875 1870 si
908 1830 1011 1870 satis
1044 1844 1135 1870 esse
1166 1829 1329 1884 putatis
1362 1844 1422 1884 ea,
1455 1845 1560 1884 quae

224 1888 298 1928 isti
325 1888 554 1941 scriptores
581 1888 684 1928 artis
710 1888 874 1941 docent,
907 1888 1079 1942 discere,
1111 1903 1217 1942 quae
1249 1888 1385 1929 multo
1417 1891 1560 1929 tamen
1579 1906 1613 1931 30

226 1946 430 1999 ornatius,
463 1961 589 2000 quam
622 1946 675 1987 ab
706 1946 791 1986 illis
824 1946 1033 1999 dicuntur,
1065 1949 1107 1987 et
1136 1947 1307 1987 uberius
1335 1946 1562 2000 explicavit

225 2003 440 2044 Antonius
471 2029 522 2033 —
553 2004 637 2058 sed,
669 2004 706 2045 si
737 2004 803 2044 his
836 2004 1027 2045 contenti
1060 2005 1162 2045 estis
1188 2008 1315 2058 atque
1340 2005 1394 2046 iis
1420 2005 1562 2059 etiam,

226 2076 333 2115 quae
366 2062 449 2102 dici
479 2062 676 2103 voluistis
703 2078 727 2103 a
752 2077 831 2116 me,
863 2077 913 2103 ex
944 2062 1109 2117 ingenti
1140 2064 1322 2117 quodam
1349 2066 1562 2104 oratorem

225 2120 517 2173 immensoque
545 2135 694 2174 campo
714 2121 760 2161 in
780 2120 979 2174 exiguum
1000 2135 1099 2162 sane
1120 2136 1273 2176 gyrum
1294 2121 1560 2175 compellitis.

156 2189 197 2219 71
227 2176 303 2218 Sin
340 2182 525 2219 veterem
562 2179 684 2219 11111111
716 2178 922 2219 Periclem
955 2182 1029 2219 aut
1065 2180 1178 2221 hunc
1215 2180 1363 2233 etiam,
1400 2179 1472 2232 qui
1502 2179 1561 2220 fa·
1579 2196 1612 2221 35

225 2236 432 2277 miliarior
468 2237 592 2278 nobis
630 2240 805 2291 propter
843 2237 1100 2291 scriptorum
1137 2237 1453 2278 multitudinem
1485 2240 1562 2291 est,

224 2294 559 2336 Demosthenem
592 2295 711 2348 sequi
749 2295 879 2336 vultis
918 2298 961 2336 et
993 2296 1027 2336 si
1064 2296 1183 2337 illam
1220 2295 1481 2350 praeclaram
1518 2298 1560 2336 et

155 1052 207 1092 19

153 1121 196 1151 69
