1643 2526
166 87 252 128 428
753 86 925 122 TOPICA

99 192 141 224 14
166 182 341 236 retinet,
371 182 517 237 legata
546 180 681 236 igitur
712 181 891 224 videtur.
940 180 980 222 A
1004 181 1145 222 forma
1171 180 1349 237 generiS,
1381 197 1509 237 quam

99 659 139 689 15

100 894 139 923 16

100 1709 139 1740 19

96 1942 139 1973 20

96 2117 136 2147 21

164 240 398 294 interdum,
437 253 519 293 quo
551 240 722 294 planius
755 240 1007 294 accipiatur,
1046 243 1213 294 partem
1244 240 1345 281 licet
1374 240 1510 281 nomi-

165 313 285 353 nare,
321 298 403 339 hoc
441 298 586 339 modo:
633 297 678 339 Si
715 298 777 339 ita
807 298 966 340 Fabiae
1001 298 1183 352 pecunia
1213 298 1358 353 legata
1388 301 1453 339 est
1485 314 1511 340 a

165 357 275 411 viro,
314 356 349 397 si
381 356 420 396 ei
451 356 543 397 viro
576 357 900 398 materfamilias
934 359 1065 411 esset,
1109 357 1145 397 si
1178 371 1226 397 ea
1256 357 1303 397 in
1333 371 1508 398 manum

164 429 252 456 non
284 418 552 469 convenerat,
582 415 691 455 nihil
723 415 910 456 debetur.
974 414 1118 456 Genus
1151 415 1264 456 enim
1292 417 1357 456 est
1381 429 1507 470 uxor,
1543 433 1560 458 5

166 473 256 514 01113
278 473 384 514 duae
410 472 590 514 formae:
622 488 707 514 una
733 473 1119 528 matrumfamilias,
1153 476 1242 525 [eae
1264 476 1376 528 sunt,
1401 487 1507 528 quae

165 532 211 573 in
242 546 416 572 manum
448 534 771 587 convenerunt3]
815 532 949 573 altera
982 546 1144 586 earum,
1183 546 1290 585 quae
1322 534 1509 572 tantum-

166 590 292 631 modo
318 604 471 631 uxores
496 590 719 631 habentur.
771 589 861 638 Qua
882 590 929 630 in
953 593 1075 643 parte
1097 604 1193 631 cum
1212 589 1342 630 fuerit
1361 589 1509 644 Fabia,

164 649 356 704 legatum
388 648 464 701 [ei]
498 662 585 689 non
616 648 793 689 videtur.
854 648 894 689 A
927 648 1205 689 similitudine
1242 648 1324 689 hoc
1359 648 1506 689 modo:

168 705 213 748 Si
240 707 362 747 aedes
390 721 462 747 eae
490 710 741 747 corruerunt
766 707 970 747 vitiumve
996 706 1172 760 faciunt,
1199 721 1379 760 quarum
1404 721 1507 748 usus
1529 724 1563 749 10

165 765 330 806 fructus
370 765 537 820 legatus
581 768 663 818 est,
706 765 827 806 heres
872 765 1097 806 restituere
1138 779 1226 805 non
1267 765 1392 806 debet
1431 779 1508 806 1100

165 824 350 877 reficere,
374 837 461 864 11011
487 823 624 878 magis
647 837 775 877 quam
795 837 964 864 servum
987 823 1225 877 restituere,
1251 822 1287 864 si
1313 823 1362 877 is,
1388 823 1506 864 cuius

166 896 268 923 usus
300 881 466 923 fructus
498 882 664 936 legatus
705 884 836 936 esset,
874 881 1118 935 deperisset.
1180 882 1221 922 A
1252 881 1508 922 differentia:

167 939 278 994 Non,
311 940 347 981 si
378 940 500 981 uxori
526 940 590 980 vir
622 940 782 995 legavit
814 943 1040 994 argentum
1072 954 1208 994 omne,
1240 940 1353 994 quod
1385 954 1508 983 suum

167 1002 291 1052 esset,
321 998 493 1053 idcirco,
526 1013 631 1051 quae
658 998 701 1038 in
730 998 975 1040 nominibus
1008 998 1192 1052 fuerunt,
1222 998 1366 1053 legata
1397 1002 1507 1040 sunt.
1529 1016 1560 1041 15

166 1057 356 1098 Multum
385 1056 499 1097 enim
530 1057 671 1097 differt
707 1056 753 1096 in
790 1071 940 1098 arcane
972 1057 1162 1110 positum
1195 1056 1251 1097 sit
1283 1059 1508 1111 argentum

167 1130 221 1156 an
263 1115 308 1155 in
348 1115 507 1156 tabulis
556 1115 808 1166 [debeatur]
875 1115 940 1155 Ex
984 1114 1198 1156 contrario
1244 1118 1386 1155 autem
1430 1115 1508 1156 sic:

166 1173 267 1214 Non
299 1173 424 1214 debet
456 1188 505 1214 ea
537 1173 700 1226 mulier,
740 1173 807 1214 cui
838 1173 903 1213 vir
934 1173 1144 1214 bonorum
1177 1187 1351 1213 suorum
1382 1187 1508 1214 usum

169 1232 355 1273 fructum
391 1231 569 1286 legavit,
611 1207 728 1272 cellis
765 1231 940 1272 vinariis
982 1234 1025 1271 et
1065 1231 1234 1272 oleariis
1271 1231 1409 1296 plenis
1447 1246 1508 1272 re—

166 1290 298 1344 lictis,
341 1293 492 1343 putale
535 1265 580 1330 id
618 1290 670 1330 ad
712 1304 755 1330 se
798 1289 1021 1343 pertinere.
1091 1288 1202 1330 Usus
1248 1289 1378 1343 enim,
1420 1303 1508 1330 non
1527 1308 1561 1333 20

168 1349 344 1401 abusus,
387 1348 556 1402 legatus
601 1351 676 1388 est.
752 1348 834 1399 [Ea
879 1351 977 1388 sunt
1020 1348 1133 1388 inter
1177 1362 1220 1388 se
1262 1323 1505 1400 contiaria]

169 1407 235 1447 Ab
269 1406 497 1448 adiunctis:
544 1405 588 1447 81
621 1421 670 1447 ea
707 1406 859 1447 mulier
896 1408 1204 1447 testamentum
1240 1405 1362 1460 fecit,
1399 1421 1507 1460 quae

167 1480 210 1506 se
244 1465 382 1519 capite
419 1479 652 1518 numquam
689 1464 914 1518 deminuit,
950 1478 1037 1505 11011
1075 1464 1243 1505 videtur
1281 1479 1331 1505 ex
1367 1464 1507 1506 edicto

166 1523 375 1577 praetoris
417 1523 648 1564 secundum
690 1537 759 1564 eas
799 1523 968 1564 tabulas
1006 1523 1221 1577 possessio
1252 1522 1362 1564 dari.
1423 1522 1508 1564 Ad-

165 1582 359 1636 iungitur
391 1582 521 1633 enim,
561 1585 609 1622 ut
642 1581 873 1622 secundum
905 1595 1141 1635 servorum,
1179 1581 1410 1622 secundum
1441 1595 1508 1622 ex·
1527 1599 1560 1624 25

166 1640 303 1693 ulum,
341 1640 572 1680 secundum
603 1654 834 1693 puerorum
866 1639 1035 1680 tabulas
1066 1639 1280 1693 possessio
1312 1639 1508 1680 videatur

167 1713 217 1739 ex
249 1697 387 1738 edicto
421 1697 522 1738 dari.
585 1697 652 1738 Ab
698 1697 1046 1738 antecedentibus
1091 1700 1233 1738 autem
1278 1700 1320 1738 et
1365 1711 1508 1739 conse-

168 1756 398 1810 quentibus
432 1758 473 1796 et
504 1755 844 1810 repugnantibus
875 1755 955 1796 hoc
988 1755 1132 1808 mode,
1172 1756 1224 1796 ab
1259 1756 1506 1797 anteceden-

166 1814 299 1855 tibus:
334 1813 380 1855 81
411 1814 491 1854 viri
524 1814 649 1868 culpa
679 1813 842 1855 factum
874 1817 938 1854 0313
970 1813 1213 1868 divortium,
1245 1814 1326 1855 etsi
1354 1814 1507 1855 mulier
1533 1820 1539 1826 '

165 1872 365 1913 nuntium
385 1872 563 1926 remisit,
581 1876 725 1913 tamen
743 1886 820 1926 pro
840 1871 987 1913 liberis
1007 1886 1177 1913 manere
1196 1872 1304 1912 nihil
1326 1874 1505 1926 oportet.
1526 1891 1559 1915 30

169 1931 205 1972 A
239 1931 614 1985 consequentibus:
660 1929 705 1971 Si
738 1930 901 1984 mulier,
933 1945 1029 1971 cum
1061 1930 1213 1971 fuisset
1243 1933 1379 1984 nupta
1410 1945 1506 1972 cum

167 2003 235 2044 eo,
278 1989 452 2043 quicum
495 1989 726 2030 conubium
774 2003 861 2029 non
904 1991 1033 2043 esset,
1081 1989 1280 2029 nuntium
1322 1989 1506 2042 remisit,

167 2047 386 2101 quoniam,
430 2047 502 2101 qui
543 2047 633 2088 nati
676 2049 793 2101 sunt,
835 2049 1002 2101 patrem
1041 2061 1129 2087 non
1169 2050 1386 2101 secuntur,
1427 2061 1504 2102 pro

166 2105 311 2146 liberis
356 2120 526 2146 manere
569 2105 678 2146 nihil
724 2108 903 2159 oportet.
971 2105 1011 2145 A
1053 2105 1410 2160 repugnantibus:
1461 2104 1506 2147 81

165 2163 474 2219 paterfamilias
511 2163 634 2204 uxori
673 2163 924 2204 ancillarum
960 2178 1086 2204 usum
1122 2164 1309 2205 fructum
1345 2163 1507 2219 legavit
1525 2181 1559 2206 35

167 2237 191 2263 a
221 2223 310 2263 filio
342 2236 479 2276 neque
512 2237 536 2263 a
573 2222 757 2263 secundo
796 2221 948 2262 herede
987 2222 1166 2277 legavit,
1209 2225 1379 2263 mortuo
1416 2221 1506 2263 filio

166 2281 319 2324 mulier
349 2295 476 2323 usum
507 2280 695 2322 fructum
722 2293 808 2320 non
835 2279 1016 2321 amittet.
1079 2280 1201 2329 Quod
1233 2280 1345 2321 enim
1377 2280 1503 2321 semel
