1643 2526
177 105 262 146 416
536 102 856 138 PARTITIONES
883 101 1159 137 ORATORIAE

178 204 322 242 autem
360 203 435 241 aut
474 200 599 254 plura
642 199 940 254 significantur
983 197 1143 251 scripto
1184 199 1360 251 propter
1399 195 1519 238 verbi

178 263 253 301 aut
283 259 512 300 verborum
544 257 890 312 ambiguitatem,
926 258 975 296 ut
1005 255 1133 296 liceat
1165 256 1221 310 ei,
1258 255 1331 309 qui
1369 257 1519 296 contra

177 319 304 372 dicat,
335 332 384 358 eo
416 317 585 358 trahere
618 316 975 371 significationem
1008 313 1170 368 scripti,
1206 327 1290 367 quo
1322 313 1520 367 expediat

178 392 225 417 ac
251 376 372 430 velit3
406 378 491 430 aut,
517 375 552 416 si
579 374 777 429 ambigue
805 373 1012 427 scriptum
1037 387 1124 413 non
1153 372 1222 426 sit,
1246 371 1313 413 vel
1333 387 1358 412 a
1377 371 1517 412 verbis

176 435 443 475 voluntatem
476 437 518 474 et
552 433 807 474 sententiam
840 431 1060 485 scriptoris
1094 430 1301 471 abducere
1332 430 1399 471 vel
1431 430 1515 471 alio

178 508 222 534 se
254 493 401 534 eadem
434 493 483 533 de
515 506 559 532 re
592 491 803 533 contrarie
837 490 997 544 scripto
1036 489 1277 543 defendere,
1313 491 1405 529 tum
1438 488 1519 529 dis—

178 551 365 606 ceptatio
399 565 449 591 ex
482 551 629 604 scripti
657 549 927 591 contentione
961 547 1118 602 existit,
1149 550 1197 588 ut
1227 547 1273 587 in
1305 546 1518 602 ambiguis

177 611 438 664 disceptetur
476 609 577 663 quid
615 609 797 649 maxime
836 607 1120 662 significetur,
1157 605 1204 646 in
1241 605 1390 660 scripti
1428 620 1519 646 sen-

178 668 421 721 tentiaeque
460 667 733 709 contentione
772 670 918 706 utrum
957 665 1100 719 potius
1140 664 1267 704 iudex
1305 667 1519 718 sequatur,

178 727 223 767 in
255 726 481 768 contrariis
514 725 685 779 scriptis
716 728 860 765 utrum
893 723 1030 778 magis
1060 723 1424 776 comprobandum
1450 721 1517 763 sit.

109 797 174 828 109
295 784 564 838 Disceptatio
592 787 733 824 autem
761 798 858 824 011111
884 786 949 823 031
974 781 1222 835 constituta,
1249 781 1519 835 propositum

178 858 268 885 esse
302 843 427 884 debet
459 842 639 895 oratori,
680 856 764 895 quo
798 855 943 881 omnes
977 842 1372 895 argumentationes
1404 853 1520 893 repe-

177 903 283 943 titae
317 916 367 942 ex
398 901 640 942 inveniendi
671 900 777 941 10013
810 899 1056 940 coiciantur.
1113 897 1235 946 Quod
1261 912 1518 952 quamquam

179 960 283 1001 satis
311 963 375 1001 est
401 960 452 1014 01,
477 959 550 1013 qui
576 959 690 1000 videt
711 958 812 1011 quid
836 958 882 998 111
903 971 1070 1011 quoque
1093 956 1188 997 1000
1208 956 1342 997 lateat
1362 955 1518 1010 quique

176 1019 274 1059 11103
306 1019 424 1059 10003
456 1022 675 1071 tamquam
711 1017 936 1057 thesauros
969 1015 1134 1068 aliquos
1167 1018 1519 1069 argumentorum

139 1123 149 1132 ἱ
178 1080 351 1118 notatos
378 1077 520 1130 habet,
547 1079 691 1116 tamen
711 1090 771 1129 ea,
797 1089 903 1128 quae
932 1076 1031 1114 sunt
1057 1076 1269 1114 certarum
1295 1087 1519 1114 causarum

107 1114 163 1154 32
178 1135 369 1190 propria,
405 1138 643 1189 tangemus.
704 1133 756 1173 111
788 1133 1033 1174 coniectura
1063 1131 1215 1185 igitur,
1249 1146 1344 1172 cum
1378 1134 1443 1172 est
1472 1131 1519 1171 in

110 1182 401 1235 110infitiando
427 1208 537 1247 reus,
569 1191 808 1233 accusatori
834 1191 937 1231 haec
962 1191 1101 1244 prima
1127 1190 1209 1230 duo
1237 1192 1336 1230 sunt
1367 1213 1413 1218 -——
1446 1189 1519 1230 sed

180 1255 471 1294 accusatorem
502 1266 579 1305 pro
607 1250 722 1291 omni
749 1253 892 1291 actore
920 1251 961 1289 et
992 1248 1174 1302 petitore
1207 1248 1393 1302 appello,
1424 1262 1519 1301 pos-

179 1314 279 1352 sunt
304 1310 418 1351 enim
445 1309 575 1350 etiam
602 1310 691 1350 sine
719 1307 989 1349 accusatione
1014 1306 1059 1346 in
1080 1305 1218 1347 causis
1242 1306 1346 1346 haec
1372 1306 1518 1346 eadem

178 1368 566 1411 controversiarum
599 1381 754 1421 genera
785 1365 943 1407 versari
977 1389 1041 1419 —,
1072 1365 1145 1405 sed
1173 1364 1277 1405 haec
1304 1364 1386 1404 duo
1420 1367 1520 1404 sunt

179 1428 217 1468 ei
243 1427 393 1481 prima,
426 1441 554 1467 causa
580 1430 622 1466 et
648 1428 836 1466 eventus.
894 1423 1077 1464 Causam
1110 1422 1276 1476 appello
1308 1422 1519 1463 rationein

181 1486 403 1539 efficiendi,
436 1488 633 1526 eventum
664 1484 720 1537 id,
753 1483 864 1536 quod
897 1485 962 1523 est
994 1482 1202 1522 effectum.
1257 1480 1400 1534 Atque
1426 1481 1519 1534 ipsa

180 1544 349 1598 quidem
374 1543 551 1597 partitio
578 1557 800 1584 causarum
826 1541 953 1595 paulo
981 1544 1079 1580 ante
1104 1540 1149 1580 in
1176 1539 1386 1579 suasionis
1412 1539 1517 1579 locis

111 1603 411 1644 111distributa
443 1604 517 1642 est.
581 1600 697 1648 Quae
729 1600 842 1640 enim
873 1599 919 1639 in
951 1598 1129 1639 consilio
1155 1598 1358 1651 capiendo
1385 1597 1518 1637 futuri
1539 1616 1553 1639 ε

179 1660 385 1714 temporis
416 1659 799 1713 praecipiebantur,
831 1672 958 1710 quam
985 1657 1039 1697 ob
1065 1670 1155 1696 rem
1182 1659 1255 1696 aut
1287 1655 1518 1696 utilitatem

180 1719 424 1760 viderentur
460 1717 662 1758 habitura
701 1719 774 1756 aut
809 1714 1019 1756 efficiendi
1056 1714 1325 1767 facultatem,
1361 1714 1520 1768 eadem,

182 1777 254 1830 qui
287 1777 335 1817 de
367 1776 481 1817 facto
515 1774 898 1830 argumentabitur,
930 1772 1143 1827 conligere
1176 1772 1360 1825 debebit,
1392 1786 1520 1825 quam

182 1836 235 1875 ob
268 1850 357 1875 rem
396 1837 438 1875 et
474 1833 599 1874 utilia
635 1833 717 1887 1111,
754 1846 880 1886 quem
918 1834 1087 1885 arguet,
1126 1830 1259 1871 fuisse
1297 1834 1340 1871 et
1377 1830 1430 1870 ab
1469 1844 1519 1871 οο

182 1893 293 1934 effici
333 1892 525 1947 potuisse
564 1892 838 1932 demonstret.
899 1888 1114 1930 Utilitatis
1153 1889 1397 1930 coniectura
1433 1902 1519 1929 mo-

181 1955 321 2005 vetur,
359 1951 394 1991 si
424 1950 548 2004 illud,
587 1950 699 2004 quod
737 1948 949 2003 arguitur,
986 1950 1060 1988 aut
1098 1962 1170 2001 spe
1202 1947 1414 1987 bonorum
1446 1949 1521 1987 aut

182 2009 393 2051 malorum
419 2012 536 2049 metu
561 2008 712 2049 fecisse
738 2007 923 2060 dicatur,
955 2006 1067 2059 quod
1087 2006 1137 2046 fit
1160 2005 1310 2058 acrius,
1336 2019 1419 2058 quo
1444 2005 1520 2045 illa

116 2068 227 2109 112in
257 2071 437 2120 utroque
476 2080 627 2120 genere
663 2066 826 2106 maiora
861 2068 1089 2118 ponuntur.
1154 2063 1358 2118 Spectant
1389 2063 1520 2104 etiam

183 2126 235 2167 ad
272 2140 444 2167 causam
480 2125 584 2166 facti
622 2127 764 2165 motus
803 2123 1061 2176 animorum,
1103 2123 1139 2163 si
1175 2122 1240 2162 ira
1276 2135 1440 2176 recens,
1482 2121 1519 2162 si

183 2184 327 2225 odium
357 2186 499 2237 vetus,
537 2183 572 2224 si
604 2182 834 2224 ulciscendi
867 2181 1074 2235 studium,
1109 2180 1146 2221 si
1175 2179 1355 2220 iniuriae
1387 2179 1520 2234 dolor,

183 2243 219 2283 si
243 2242 432 2296 honoris,
465 2241 500 2282 31
527 2241 701 2296 gloriae,
733 2240 768 2281 31
793 2239 974 2293 imperii,
1006 2239 1042 2280 si
1066 2238 1270 2293 pecuniae
1296 2237 1519 2291 cupiditas,

184 2301 219 2341 si
244 2300 422 2355 periculi
449 2300 590 2354 timor,
616 2299 652 2341 si
680 2313 750 2340 aes
778 2298 975 2351 alienum,
1002 2297 1037 2338 si
1065 2297 1287 2352 angustiae
1313 2295 1374 2337 rei
1399 2295 1520 2336 fami-

1538 739 1572 764 10

1539 1030 1571 1055 15

1538 1321 1572 1346 20

1539 1905 1573 1930 30

1539 2195 1571 2222 35
