1643 2526
491 96 592 131 CAP.
618 99 767 131 28—29.
817 99 836 138 ἓ
863 98 1035 130 96-103.
1344 95 1430 135 339

95 192 350 234 veteratorie
371 192 486 247 dicit,
512 192 680 246 sapiens
699 191 798 245 iam,
823 191 986 232 medius
1014 190 1169 245 suavis,
1192 189 1263 231 hie
1289 191 1433 231 autem

96 251 430 306 copiosissimus,
463 250 498 291 si
529 250 638 291 nihil
670 249 783 291 aliud
810 252 887 304 est,
918 249 987 289 vix
1015 249 1118 290 satis
1146 263 1273 289 sanus
1299 248 1433 289 videri

97 311 216 351 solet.
279 309 361 358 Qui
393 309 506 350 enim
537 308 645 349 nihil
676 310 819 362 potest
851 307 1099 361 tranquille,
1129 307 1237 348 nihil
1268 306 1434 361 leniter,

96 368 205 409 nihil
230 368 387 422 partite
414 367 586 408 definite
613 366 811 408 distincte
838 366 974 407 facete
1001 366 1150 420 dicere,
1180 365 1433 419 praesertim

61 444 76 469 5
98 442 194 468 cum
227 441 378 468 causae
410 425 568 480 partim
600 428 716 466 totae
749 424 835 465 sint
867 439 916 465 eo
949 425 1075 465 modo
1101 424 1259 478 partim
1291 423 1435 477 aliqua

98 500 148 526 ex
179 488 300 539 parte
332 484 578 525 tractandae
612 483 648 524 si
678 483 715 524 is
752 497 840 524 non
870 483 1135 537 praeparatis
1168 482 1342 523 auribus
1373 482 1435 522 in-

96 544 315 584 flammare
348 557 437 584 rem
469 542 621 596 coepit,
651 541 790 582 furere
817 542 928 595 apud
954 555 1080 582 sanos
1107 544 1149 582 et
1175 540 1297 594 quasi
1322 540 1435 581 inter

97 602 265 643 sobrios
297 600 497 642 bacchari
528 600 772 641 vinulentus
804 600 982 641 videtur.

215 660 426 701 Tenemus
446 659 592 714 igitur,
606 658 751 713 Brute,
765 673 890 712 quem
906 657 1161 712 quaerimus,
1181 657 1254 698 sed
1274 656 1504 711 anim03100

46 737 79 761 10
98 733 200 759 nam
231 733 360 759 manu
393 718 428 758 si
459 717 740 772 prendissem,
776 731 829 758 116
866 717 957 771 ipse
991 716 1160 770 quidem
1200 730 1277 756 sua
1312 717 1436 756 tanta

99 777 344 830 eloquentia
381 776 486 817 mihi
522 775 806 830 persuasisset
847 778 894 816 ut
935 790 979 816 se
1020 774 1290 814 dimitterem.
1353 772 1435 814 Sed
1449 773 1504 814 29

97 835 296 876 inventus
334 834 527 889 profecto
569 837 634 875 est
672 834 744 874 ille
783 833 1004 887 eloquens,
1041 847 1166 886 quem
1202 846 1436 885 numquam

98 894 206 934 vidit
231 893 458 934 Antonius.
520 892 623 941 Quis
650 895 715 933 est
739 891 875 947 igitur
899 891 966 932 is‘?
1010 889 1281 945 Complectar
1305 890 1436 944 brevi,

99 952 305 992 disseram
324 951 529 1006 pluribus.
574 951 616 992 Is
638 954 703 991 est
723 950 835 991 enim
856 949 1070 1003 eloquens,
1092 948 1163 1002 qui
1190 951 1232 989 et
1257 948 1437 989 humilia

46 1028 78 1052 15
99 1010 317 1051 subtih'ter
343 1013 385 1050 et
412 1009 499 1050 alta
519 1009 706 1074 graviter
726 1012 768 1049 et
788 1008 1019 1049 medioclia
1038 1010 1272 1061 temperate
1292 1009 1436 1061 potest

97 1069 245 1110 dicere.
307 1067 445 1109 Nemo
484 1068 541 1121 is,
576 1067 763 1121 inquies7
800 1081 1004 1120 umquam
1041 1066 1135 1106 fuit.
1197 1064 1262 1106 Ne
1294 1065 1503 1106 fueiit.101

95 1127 192 1182 Ego
225 1126 338 1168 enim
371 1126 472 1181 quid
504 1126 757 1180 desiderem,
793 1139 881 1166 non
913 1125 1013 1179 quid
1045 1123 1223 1165 viderim
1263 1123 1434 1177 disputo

95 1186 305 1239 redeoque
326 1185 378 1225 ad
402 1185 522 1225 illam
541 1184 736 1225 Platonis
764 1184 814 1224 de
841 1198 924 1237 qua
951 1183 1140 1224 dixeram
1166 1182 1227 1222 rei
1253 1182 1436 1222 formam

97 1248 140 1285 et
178 1243 380 1298 speciem,
419 1258 546 1297 quam
584 1242 665 1283 etsi
701 1257 789 1283 non
832 1241 1062 1295 cernimus,
1105 1244 1250 1282 tamen
1294 1240 1436 1281 animo

44 1319 78 1344 20
98 1305 241 1343 tenere
267 1316 507 1356 possumus.
552 1300 652 1341 Non
678 1300 791 1341 6111111
819 1300 1089 1353 eloquentem
1116 1312 1273 1364 quaero
1299 1313 1436 1363 neque

98 1360 326 1425 quicquam
357 1359 537 1400 mortale
571 1362 613 1399 et
645 1359 863 1412 caducum,
896 1358 969 1399 sed
999 1357 1141 1398 1111111
1130 1372 1285 1411 ipsum,
1317 1357 1435 1398 6111113

99 1419 171 1472 qui
203 1418 259 1459 sit
291 1432 479 1471 compos,
511 1417 567 1458 sit
599 1417 818 1471 eloquens3
851 1416 964 1470 quod
988 1415 1096 1456 nihil
1123 1418 1188 1456 est
1214 1415 1329 1455 aliud
1353 1414 1437 1455 11131

99 1476 343 1530 eloquentia
372 1476 479 1530 ipsa,
511 1490 639 1529 quam
669 1475 798 1515 nullis
830 1474 914 1515 nisi
946 1473 1102 1515 mentis
1136 1473 1269 1514 0611113
1295 1473 1437 1514 videre

99 1549 338 1589 possumus.
411 1534 454 1575 Is
499 1533 580 1574 erit
622 1533 757 1588 igitur
807 1533 1029 1587 eloquens,
1077 1534 1125 1572 ut
1176 1531 1289 1572 idem
1332 1531 1438 1571 illud

46 1610 79 1636 25
98 1593 320 1647 iteremus,
364 1592 436 1646 qui
473 1591 633 1646 poterit
670 1606 802 1646 parva
845 1591 1089 1644 summisse,
1130 1590 1297 1631 modica
1336 1593 1439 1630 tem-

97 1654 256 1706 perate,
287 1665 444 1706 magna
476 1650 665 1704 graviter
697 1650 845 1690 dicere.
907 1649 1017 1690 Tota
1054 1648 1160 1689 mihi
1200 1662 1329 1689 causa
1359 1658 1508 1701 pr0102

100 1709 280 1751 Caecina
324 1709 374 1750 de
418 1708 558 1749 verbis
604 1708 823 1749 interdicti
863 1707 963 1748 fuit:
1008 1722 1074 1748 res
1114 1706 1331 1747 involutas
1373 1706 1440 1746 de-

98 1768 284 1808 finiendo
329 1767 651 1821 explicavimus,
698 1767 765 1807 ius
811 1765 932 1807 civile
976 1764 1262 1817 laudavimus,
1310 1765 1440 1805 verba

101 1826 304 1880 ambigua
335 1825 619 1866 distinximus.
680 1824 783 1865 Fuit
815 1824 1029 1865 ornandus
1060 1823 1107 1864 in
1136 1822 1315 1863 Manilia
1344 1823 1439 1877 lege

48 1901 82 1926 30
100 1883 348 1937 Pompeius:
396 1885 635 1936 temperata
679 1883 870 1923 oratione
916 1882 1094 1923 ornandi
1139 1881 1307 1935 copiam
1350 1895 1441 1935 per-

102 1942 237 1983 secuti
263 1955 421 1982 sumus.
472 1941 543 1981 Ius
577 1955 700 1982 omne
732 1940 977 1981 retinendae
1009 1939 1248 1980 maiestatis
1274 1939 1439 1979 Rabirii

102 2014 230 2042 causa
269 1999 583 2040 continebatur:
629 2013 730 2054 ergo
762 1999 808 2039 in
841 2013 889 2039 ea
922 1998 1038 2039 omni
1071 2012 1223 2053 genere
1263 1997 1441 2051 amplifi-

103 2057 282 2100 cationis
315 2057 560 2098 exarsimus.
621 2057 681 2098 At
711 2057 815 2098 haee
846 2056 1062 2097 interdum
1092 2056 1367 2109 temperanda
1398 2058 1508 2096 et103

102 2115 305 2157 varianda
344 2118 455 2155 sunt.
518 2114 640 2163 Quod
681 2115 815 2170 igitur
858 2115 903 2156 in
946 2114 1231 2156 accusationis
1276 2116 1438 2167 septem

49 2191 83 2216 35
102 2174 224 2215 libris
256 2188 342 2214 non
373 2172 583 2226 reperitur
615 2173 777 2227 genus?
813 2173 926 2226 quod
956 2173 1001 2213 in
1032 2172 1213 2213 Habiti?
1252 2172 1364 2225 quod
1394 2171 1440 2210 in

0 2255 1 2272 1
104 2231 319 2273 Cornelii?
352 2231 463 2284 quod
488 2230 533 2270 in
557 2230 752 2285 plurimis
772 2231 931 2272 nostris
952 2229 1299 2272 defensionibus?
1333 2242 1439 2282 quae

103 2290 296 2345 exempla
334 2289 599 2344 selegissem,
633 2289 718 2329 nisi
749 2289 816 2330 vel
846 2292 950 2330 nota
983 2303 1073 2330 esse
1112 2288 1342 2329 arbitrarer
1373 2285 1439 2326 vel

1084 2358 1155 2377 00*

1087 2381 1126 2388 ..-
