1643 2526
568 524 617 559 M.
643 524 798 559 TULLII
825 524 1073 560 CICERONIS

320 620 737 673 PARTITION
740 621 785 673 E
796 621 831 674 S
871 621 1330 675 ORATORIAE.

271 793 481 835 CICERO.
545 792 718 848 Studeo,
750 795 808 835 mi
840 799 973 849 pater,
1005 795 1158 836 Latine
1190 810 1241 836 ex
1272 798 1314 836 te
1347 796 1491 837 audire

153 866 213 906 ea,
246 867 352 905 quae
384 852 489 892 mihi
521 855 570 893 tu
601 853 650 893 de
682 853 847 894 ratione
880 853 1045 895 dicendi
1075 853 1234 895 Graece
1266 854 1494 907 tradidisti,

153 910 189 950 si
214 911 340 951 modo
367 911 448 950 tibi
474 914 538 951 est
572 911 707 952 otium
734 915 776 952 et
804 912 839 952 si
865 912 940 953 vis.
991 924 1174 953 PATER.
1224 911 1293 953 An
1325 915 1401 966 est,
1433 913 1492 953 mi

152 968 319 1023 Cicero,
358 969 469 1021 quod
507 983 586 1023 ego
623 969 768 1010 malim
801 984 928 1023 quain
960 973 1002 1011 te
1036 985 1164 1024 quam
1195 971 1493 1012 doctissimum

116 1027 272 1067 5esse‘?
323 1026 470 1067 Otium
508 1030 650 1068 autem
686 1028 873 1082 primum
912 1032 976 1069 est
1014 1044 1247 1083 summum,
1291 1030 1492 1083 quoniam

151 1085 378 1138 aliquando
404 1085 543 1126 Roma
569 1086 748 1126 exeundi
773 1090 966 1140 potestas
994 1087 1092 1128 data
1118 1090 1200 1142 est,
1233 1087 1381 1128 deinde
1406 1088 1493 1129 ista

150 1143 226 1183 tua
251 1143 394 1184 studia
412 1143 479 1184 vel
505 1144 701 1185 maximis
728 1145 1080 1199 occupationibus
1105 1146 1210 1186 meis
1238 1146 1492 1187 anteferrem

149 1201 344 1242 libenter.
407 1201 450 1243 C.
470 1201 603 1243 Visne
635 1203 787 1257 igitur,
824 1207 872 1244 ut
909 1206 957 1244 tu
991 1219 1058 1244 me
1091 1203 1250 1245 Graece
1284 1204 1395 1245 soles
1429 1219 1491 1245 or-

151 1259 246 1300 dine
283 1259 567 1315 interrogare,
605 1261 664 1301 sic
703 1275 782 1316 ego
821 1265 862 1302 te
894 1262 1084 1303 vicissim
1116 1262 1251 1303 isdem
1283 1263 1332 1303 de
1364 1263 1492 1304 rebus

100 1334 131 1358 10
149 1317 302 1358 Latine
332 1318 622 1373 interrogem?
671 1319 717 1359 P.
750 1318 877 1373 Sane,
916 1320 950 1361 si
987 1321 1138 1374 placet.
1202 1320 1271 1361 Sic
1303 1321 1416 1362 enim
1449 1324 1491 1362 et

150 1390 229 1430 ego
268 1380 309 1416 te
350 1377 594 1417 meminisse
635 1377 900 1433 intellegam,
944 1393 1049 1432 quae
1098 1379 1319 1433 accepisti,
1363 1382 1405 1420 et
1442 1383 1490 1420 tu

151 1434 296 1475 ordine
335 1435 497 1488 audies,
536 1449 643 1488 quae
680 1436 880 1489 requires.
943 1436 986 1477 C.
1020 1436 1133 1485 Quot
1169 1437 1215 1477 in
1248 1437 1383 1491 partis
1416 1437 1489 1478 tri-

149 1493 318 1533 buenda
349 1496 413 1534 est
446 1493 584 1534 omnis
616 1494 810 1534 doctrina
841 1494 1036 1535 dicendi?
1076 1495 1122 1535 P.
1148 1495 1255 1536 Tris.
1306 1494 1349 1536 C.
1377 1495 1490 1537 Cedo

151 1551 286 1604 quas?
335 1550 380 1591 P.
412 1551 604 1592 Primum
641 1552 687 1592 in
722 1552 861 1606 ipsam
898 1553 985 1594 vim
1021 1554 1223 1608 oratoris,
1260 1554 1409 1594 deinde
1446 1554 1492 1594 in

99 1625 130 1650 15
151 1609 400 1662 orationem,
436 1613 530 1650 tum
567 1610 612 1650 in
649 1611 955 1664 quaestionem.
1017 1610 1062 1652 C.
1102 1612 1153 1652 In
1185 1626 1268 1666 quo
1302 1615 1367 1653 est
1397 1612 1492 1666 ipsa

150 1667 241 1707 vis?
291 1667 336 1708 P.
378 1668 429 1708 In
465 1669 592 1709 rebus
632 1672 673 1709 et
710 1669 755 1709 in
786 1670 938 1710 verbis.
1002 1669 1083 1711 Sed
1115 1673 1158 1711 et
1189 1685 1255 1711 res
1289 1673 1331 1711 et
1361 1671 1491 1712 verba

149 1725 401 1766 invenienda
427 1730 527 1767 sunt
553 1730 594 1767 et
615 1727 871 1769 collocanda.
920 1728 1097 1782 Proprie
1125 1732 1268 1769 autem
1292 1729 1338 1769 in
1362 1729 1490 1770 rebus

149 1783 356 1838 invenire,
392 1784 437 1824 in
474 1785 612 1826 verbis
652 1786 794 1839 eloqui
832 1786 998 1827 dicitur.
1061 1786 1294 1828 Conlocare
1335 1790 1491 1841 autem,

151 1841 231 1881 etsi
275 1844 340 1882 est
384 1857 624 1897 commune,
670 1847 814 1884 tamen
858 1845 910 1885 ad
952 1845 1253 1886 inveniendum
1295 1845 1489 1886 refertur.

98 1915 132 1939 20
151 1898 250 1939 Vox
275 1902 417 1940 motus
443 1900 585 1941 voltus
616 1905 743 1955 atque
776 1902 914 1943 omnis
947 1903 1058 1944 actio
1091 1903 1315 1956 eloquendi
1349 1918 1489 1945 comes

152 1960 234 2011 est3
266 1972 411 1998 earum
442 1973 584 1999 rerum
616 1960 806 2000 omnium
833 1963 977 2001 custos
1005 1961 1219 2002 memoria.
1274 1959 1317 2002 C.
1350 1961 1489 2010 Quid?

153 2015 358 2055 orationis
380 2020 485 2069 quot
508 2020 607 2058 sunt
631 2019 806 2072 partes?
850 2018 894 2059 P.
922 2018 1144 2067 Quattuor.
1195 2019 1357 2060 Earum
1383 2020 1490 2061 duae

151 2073 294 2114 valent
343 2074 395 2114 ad
444 2089 533 2115 rem
582 2076 831 2131 docendam,
879 2078 1069 2118 narratio
1117 2080 1159 2119 et
1204 2078 1490 2132 confirmatio3

152 2132 204 2171 ad
235 2132 513 2185 impellendos
547 2134 710 2175 animos
744 2135 867 2188 duae,
898 2136 1156 2190 principium
1189 2139 1231 2177 et
1260 2136 1488 2190 peroratio

99 2206 132 2231 25
152 2187 196 2230 C.
229 2188 367 2237 Quid?
418 2189 618 2238 Quaestio
652 2207 856 2246 quasnam
890 2194 1022 2235 habet
1052 2194 1218 2248 partis?
1268 2194 1312 2234 P.
1346 2194 1490 2234 Infini-

151 2250 253 2301 tam,
284 2262 411 2301 quam
437 2250 794 2292 consultationem
822 2252 1001 2306 appello,
1030 2256 1073 2293 et
1098 2252 1329 2306 definitam,
1361 2267 1488 2305 quam

151 2319 323 2346 causam
354 2307 540 2348 nomino.
603 2306 646 2348 C.
679 2308 888 2356 Quoniam
919 2310 1053 2364 igitur
1082 2310 1272 2351 invenire
1304 2324 1488 2363 primum
1515 2334 1535 2363 5

1522 773 1543 814 1

1521 842 1539 872 1

1516 2284 1541 2322 2>
