1643 2526
171 80 225 122 10
680 82 743 116 DE
770 81 993 117 ORATORE

96 185 140 217 38
167 175 373 230 siliorum,
392 177 537 218 inania
554 177 783 218 verborum
801 177 1026 219 videmus?
1071 177 1168 233 Ego
1191 193 1290 220 vero
1315 179 1351 220 si
1375 179 1503 221 velim

166 237 208 276 et
256 238 428 276 nostrae
473 235 659 277 civitatis
703 236 907 291 exemplis
951 236 1016 277 uti
1053 239 1096 277 et
1140 236 1338 292 aliarum,
1378 237 1503 292 plura

162 293 354 347 proferre
385 293 548 347 possim
580 294 836 335 detrimenta
866 294 1049 348 publicis
1080 295 1207 336 rebus
1235 310 1362 349 quam
1389 295 1503 336 adiu-

163 355 308 392 menta
338 367 414 406 per
444 352 639 393 homines
666 353 1039 407 eloquentissimos
1070 352 1323 409 importata,
1355 354 1428 395 sed
1452 357 1502 395 ut

161 409 327 464 reliqua
356 411 716 466 praetermittam,
754 411 945 452 omnium
983 411 1089 451 mihi
1126 411 1272 452 videor
1302 412 1502 467 exceptis,
1521 427 1536 454 5

163 466 333 523 Crasse,
376 469 498 510 vobis
537 469 702 510 duobus
741 469 1115 523 eloquentissimos
1153 470 1321 511 audisse
1359 470 1420 511 Ti.
1459 473 1502 512 et

163 524 206 568 C.
236 525 524 582 Sempronios,
555 542 738 581 quorum
762 531 885 582 pater
909 528 1039 569 homo
1065 528 1250 582 prudens
1277 531 1320 569 et
1347 528 1502 584 gravis,

160 585 493 639 haudquaquam
543 586 764 639 eloquens,
814 589 856 627 et
901 601 1025 640 saepe
1068 586 1173 627 alias
1219 589 1261 628 et
1303 601 1500 628 maxume

161 657 311 684 censor
344 644 472 685 saluti
504 644 565 685 rei
596 644 793 698 publicae
819 644 912 685 fuit.
957 645 1101 698 Atque
1127 645 1163 685 is
1189 658 1276 685 non
1303 648 1501 686 accurata

161 702 344 755 quadam
371 702 576 743 orationis
604 702 727 757 copia
747 703 819 743 sed
839 705 947 744 nutu
968 706 1094 756 atque
1120 703 1250 744 verbo
1275 703 1500 745 libertinos
1521 719 1555 745 10

158 759 204 800 in
235 761 420 801 urbanas
458 761 596 801 tribus
635 761 875 815 transtulit,
914 761 1027 814 quod
1062 761 1146 802 nisi
1183 761 1373 816 fecisset,
1409 777 1500 803 rem

157 818 393 872 publicam,
432 833 560 872 quam
596 833 709 860 nunc
745 819 816 859 vix
853 822 1065 873 tenemus,
1104 819 1192 860 iam
1229 820 1300 860 diu
1336 820 1501 862 nullam

158 876 424 917 haberemus.
486 877 547 917 At
578 891 677 918 vero
711 877 800 918 eius
832 877 910 918 filii
943 877 1091 918 diserti
1129 880 1172 918 et
1203 878 1400 919 omnibus
1433 878 1501 919 vel

157 937 336 976 naturae
375 935 442 975 vel
480 935 698 977 doctrinae
739 935 963 989 praesidiis
1005 935 1058 976 ad
1098 935 1323 977 dicendum
1358 937 1500 991 parati

159 1007 289 1046 quom
321 993 541 1035 civitatem
572 994 639 1034 vel
670 996 848 1047 paterno
881 993 1060 1035 consilio
1086 994 1153 1035 vel
1185 994 1336 1036 aviteis
1369 995 1498 1036 armis
1519 1010 1553 1036 15

158 1051 507 1092 florentissimam
535 1052 809 1106 accepissent,
834 1052 920 1093 ista
944 1052 1163 1106 praeclara
1189 1053 1501 1108 gubernatrice,

90 1133 144 1173 10
158 1112 206 1150 ut
228 1111 303 1164 ais,
323 1110 546 1151 civitatum
560 1110 806 1163 eloquentia
824 1125 915 1151 rem
928 1110 1146 1164 publicam
1161 1111 1499 1165 dissupaverunt.

87 1201 130 1232 39
159 1167 297 1216 Quid?
322 1169 439 1223 leges
459 1171 623 1210 veteres
652 1183 876 1222 moresque
898 1169 1121 1223 maiorum,
1142 1169 1271 1222 quid?
1298 1169 1500 1224 auspicia,

159 1226 312 1280 quibus
348 1228 425 1278 [et]
460 1241 539 1281 ego
572 1230 614 1267 et
645 1229 732 1281 tu[,
771 1225 959 1281 Crasse,]
1000 1242 1097 1268 cum
1133 1241 1290 1282 magna
1327 1228 1388 1268 rei
1424 1243 1499 1282 pu-

155 1284 292 1326 blicae
325 1285 461 1326 salute
493 1299 756 1339 praesumus,
789 1285 919 1339 quid?
961 1285 1189 1340 religiones
1223 1288 1265 1326 et
1298 1285 1498 1328 caerimo-
1517 1302 1551 1327 20

154 1343 263 1396 niae,
289 1343 419 1397 quid?
450 1344 555 1385 haec
581 1344 674 1384 iura
694 1343 848 1398 civilia,
869 1358 976 1397 quae
996 1344 1083 1384 iam
1102 1343 1266 1397 pridem
1285 1344 1331 1384 in
1348 1347 1499 1386 nostra

155 1401 319 1442 familia
351 1402 441 1443 sine
473 1402 560 1443 ulla
587 1402 854 1456 eloquentiae
881 1402 1004 1443 laude
1030 1405 1266 1457 versantur,
1296 1417 1399 1443 num
1424 1406 1499 1444 aut

155 1459 329 1501 inventa
350 1463 449 1501 sunt
470 1463 543 1501 aut
563 1460 737 1515 cognita
758 1463 831 1501 aut
847 1460 1020 1501 omnino
1036 1460 1088 1501 ab
1105 1463 1324 1501 oratorum
1345 1475 1497 1515 genere

84 1527 129 1558 40
156 1518 372 1559 tractata?
404 1518 615 1572 Equidem
637 1521 679 1559 et
701 1518 787 1559 Ser.
810 1517 992 1559 Galbam
1012 1518 1218 1559 memoria
1242 1522 1367 1559 teneo
1395 1519 1498 1560 divi-

154 1590 259 1617 num
277 1576 495 1617 hominem
514 1576 560 1617 in
579 1576 755 1618 dicendo
777 1580 819 1617 et
831 1576 886 1616 M.
896 1576 1127 1617 Aemilium
1146 1576 1373 1617 Porcinam
1394 1580 1436 1618 et
1452 1575 1495 1618 C.
1515 1593 1550 1620 25

154 1634 296 1688 ipsum
309 1633 562 1688 Carbonem,
575 1648 700 1688 quem
714 1638 762 1675 tu
776 1634 1118 1675 adulescentulus
1132 1635 1366 1689 perculisti,
1378 1635 1497 1690 igna-

154 1706 251 1733 rum
270 1693 415 1747 legum
433 1692 719 1733 haesitantem
737 1692 783 1733 in
808 1693 1018 1733 maiorum
1039 1692 1253 1734 institutis
1279 1693 1427 1735 rudem
1449 1694 1497 1735 in

154 1750 245 1791 iure
267 1750 400 1805 civili,
420 1754 462 1791 et
480 1750 585 1792 haec
601 1754 718 1792 aetas
733 1754 878 1791 vostra
898 1754 1066 1805 praeter
1085 1754 1140 1804 te,
1156 1751 1319 1806 Crasse,
1333 1752 1406 1805 qui
1419 1755 1494 1794 tuo

155 1809 293 1863 magis
306 1809 446 1850 studio
460 1823 587 1862 quam
597 1809 770 1864 proprio
783 1823 955 1850 munere
968 1809 1109 1862 aliquo
1122 1809 1377 1851 disertorum
1388 1810 1456 1851 ius
1471 1825 1496 1852 a

153 1867 278 1908 nobis
294 1867 416 1908 civile
432 1867 630 1922 didicisti,
639 1868 751 1921 quod
765 1868 977 1908 interdum
991 1868 1161 1922 pudeat,
1170 1867 1275 1909 iuris
1289 1868 1494 1923 ignarast.
1513 1884 1548 1911 30

83 1935 127 1966 41
274 1924 395 1973 Quod
436 1940 535 1967 vero
575 1926 622 1966 in
662 1929 850 1967 extrema
891 1925 1084 1966 oratione
1126 1927 1247 1980 quasi
1287 1929 1363 1967 tuo
1402 1926 1495 1968 iure

155 1983 397 2037 sumpsisti,
437 1987 651 2025 oratorem
690 1984 737 2025 in
777 1984 915 2025 omnis
957 1984 1164 2025 sermonis
1205 1985 1494 2038 disputatione

154 2041 448 2095 copiosissime
466 2042 639 2083 'versari
670 2057 815 2097 posse,
851 2042 914 2097 id,
951 2042 1034 2083 nisi
1071 2042 1141 2083 hic
1178 2042 1223 2083 in
1254 2045 1329 2084 tuo
1360 2057 1493 2098 regno

153 2114 362 2154 essemus,
400 2114 488 2141 non
524 2100 719 2141 tulissem
750 2100 982 2154 multisque
1018 2100 1273 2155 praeissem,
1310 2101 1382 2155 qui
1420 2104 1494 2143 aut

151 2157 381 2199 interdicto
413 2161 556 2199 tecum
588 2159 892 2200 contenderent
929 2161 1003 2199 aut
1040 2161 1082 2199 te
1115 2173 1165 2199 ex
1195 2159 1286 2200 iure
1318 2174 1493 2200 manum
1512 2175 1545 2202 35

153 2219 398 2258 consertum
429 2220 642 2271 vocarent,
675 2217 787 2271 quod
816 2217 863 2257 in
894 2216 1052 2257 alienas
1078 2217 1371 2271 possessiones
1403 2221 1493 2258 tam

81 2284 127 2315 42
153 2277 312 2316 temere
348 2274 558 2316 irruisses.
620 2275 811 2330 Agerent
849 2275 963 2316 enim
996 2277 1138 2316 tecum
1175 2276 1269 2331 lege
1306 2275 1494 2330 primum
