1643 2526
96 1456 138 1485 23

97 1945 141 1974 :24

164 89 252 130 394
525 86 844 123 PARTITIONES
872 87 1146 122 ORATORIAE

164 184 340 239 levium3
384 183 532 225 deinde
571 183 888 238 coniunctione,
925 197 1031 237 quae
1062 197 1198 237 neque
1231 197 1403 238 asperos
1433 184 1506 225 ha-

164 243 265 284 beat
303 257 533 284 concursus
574 256 711 295 neque
753 242 965 283 diiunctos
1007 244 1135 295 atque
1171 241 1331 283 hiantis
1369 245 1413 283 et
1449 242 1506 283 sit

165 301 490 355 circumscripta
531 314 619 341 non
660 300 790 356 longo
841 300 1035 341 anfractu
1085 300 1159 342 sed
1205 300 1258 341 ad
1307 300 1505 354 spiritum

165 360 282 401 vocis
324 362 424 414 apto
468 359 709 413 habeatque
754 358 1077 399 similitudinem
1121 358 1505 412 aequalitatemque

164 419 406 471 verborum,
438 432 534 459 cum
566 431 616 458 ex
645 417 870 458 contrariis
904 420 1074 471 sumpta
1104 417 1245 458 verbis
1276 417 1406 458 verba
1434 432 1505 471 pa-

165 476 283 517 ribus
315 476 435 531 paria
466 476 751 530 respondeant
781 475 1000 529 relataque
1034 475 1087 516 ad
1117 475 1229 516 idem
1259 476 1438 516 verbum
1463 478 1506 516 et

166 535 383 590 geminata
423 549 471 576 ac
513 534 727 588 duplicata
763 534 831 575 vel
870 534 999 575 etiam
1038 534 1206 588 saepius
1242 533 1399 575 iterata
1434 548 1507 588 po-

164 596 323 634 nantur
355 593 702 646 constructioque
738 593 964 633 verborum
1002 595 1095 633 tum
1133 592 1505 633 coniunctionibus

122 670 128 676 ⁴
166 652 389 706 copuletur
432 655 524 692 tum
569 651 923 691 dissolutionibus
964 651 1085 703 quasi
1125 651 1349 691 relaxetur.
1410 650 1508 692 Fiet

166 710 297 751 etiam
329 710 471 751 suavis
505 709 656 763 oratio,
687 724 816 762 quom
849 709 1010 763 aliquid
1041 711 1115 750 aut
1145 709 1400 750 inusitatum
1432 712 1506 750 aut

164 768 405 809 inauditum
438 771 512 808 aut
542 782 701 807 novum
734 767 860 808 dicas.
922 767 1120 808 Delectat
1145 767 1276 808 etiam
1302 767 1507 822 quidquid

166 830 230 867 est
263 826 511 867 admirabile
544 826 810 879 maximeque
837 829 980 866 movet
1006 840 1067 879 ea,
1098 840 1205 879 quae
1237 829 1404 867 motum
1435 826 1507 866 ali-

166 899 291 938 quem
330 885 482 925 animis
522 885 623 938 ciet,
661 884 800 924 oratio
839 898 1030 937 quaeque
1070 884 1286 939 significat
1324 884 1506 925 oratoris

164 943 299 997 ipsius
334 942 530 984 amabilis
562 956 720 996 mores3
759 942 831 997 qui
863 943 1158 996 exprimuntur
1191 946 1264 983 aut
1297 942 1506 997 signando

164 1002 322 1043 iudicio
366 1001 502 1055 ipsius
547 1004 590 1042 et
630 1001 772 1041 animo
812 1000 1000 1042 humano
1043 1016 1091 1042 ac
1130 1000 1298 1041 liberali
1337 1003 1410 1041 aut
1445 1001 1507 1042 in-

165 1060 346 1101 flexione
374 1059 582 1101 sermonis
610 1060 646 1100 si
673 1063 746 1099 aut
773 1059 955 1114 augendi
989 1059 1162 1100 alterius
1190 1062 1264 1100 aut
1289 1058 1507 1100 minuendi

166 1118 232 1159 sui
265 1133 392 1159 causa
424 1118 506 1159 alia
538 1117 620 1158 dici
648 1117 700 1158 ab
728 1120 895 1158 oratore
929 1117 1012 1157 alia-
1044 1117 1279 1158 existimari
1310 1117 1507 1158 videntur

164 1177 292 1230 idque
331 1176 533 1217 comitate
570 1175 662 1216 fieri
700 1175 838 1230 magis
871 1190 999 1229 quam
1030 1175 1228 1216 vanitate.
1293 1174 1375 1216 Sed
1407 1179 1506 1216 sunt

167 1235 302 1275 multa
335 1234 560 1275 suavitatis
592 1237 831 1288 praecepta,
864 1249 969 1287 quae
1003 1234 1240 1275 orationem
1270 1236 1343 1274 aut
1368 1234 1506 1288 magis

168 1294 393 1334 obscuram
425 1296 499 1333 aut
531 1292 670 1333 minus
708 1292 975 1346 probabilem
1006 1292 1181 1333 faciunt.
1242 1292 1393 1346 Itaque
1424 1292 1506 1333 hoc

167 1351 296 1392 etiam
333 1351 428 1392 loco
468 1350 594 1391 nobis
632 1354 697 1391 est
734 1350 839 1404 ipsis
880 1350 980 1403 quid
1018 1365 1146 1392 causa
1182 1350 1372 1404 postulet
1402 1350 1507 1391 iudi-

167 1410 358 1451 candum.
413 1408 457 1450 C.
488 1409 718 1462 Reliquum
745 1412 810 1449 est
835 1409 980 1463 igitur,
1012 1412 1060 1449 ut
1085 1409 1200 1449 dicas
1227 1409 1276 1449 de
1303 1423 1507 1449 conversa

168 1469 360 1510 oratione
387 1472 513 1521 atque
540 1470 717 1508 mutata.
766 1466 811 1507 P.
839 1467 919 1507 Est
945 1467 1115 1520 quidem
1139 1467 1183 1507 id
1207 1481 1339 1521 genus
1366 1470 1506 1508 totum

164 1527 210 1567 in
237 1526 572 1568 commutatione
599 1526 836 1578 verborum,
870 1540 975 1578 quae
1004 1525 1270 1579 simplicibus
1295 1525 1341 1565 in
1365 1525 1504 1566 verbis

165 1586 227 1626 ita
258 1588 480 1638 tractatur,
512 1587 560 1624 ut
585 1588 659 1624 aut
685 1598 735 1624 ex
759 1584 888 1624 verbo
915 1584 1116 1624 dilatetur
1148 1586 1221 1624 aut
1253 1583 1298 1623 in
1328 1583 1506 1624 verbum

167 1643 445 1684 contrahatur
477 1642 634 1696 orati03
677 1656 727 1682 ex
759 1642 906 1694 verbo,
945 1657 1041 1683 cum
1073 1644 1147 1682 aut
1178 1641 1399 1695 proprium
1431 1644 1505 1682 aut

165 1702 278 1742 idem
316 1701 561 1755 significans
603 1703 677 1740 aut
716 1699 879 1741 factum
916 1700 1093 1740 verbum
1133 1699 1177 1739 in
1216 1699 1340 1752 plura
1376 1699 1506 1740 verba

167 1759 397 1813 diducitur3
441 1773 491 1799 ex
530 1758 740 1811 oratione7
784 1773 880 1798 cum
925 1761 998 1798 aut
1042 1757 1232 1798 definitio
1278 1758 1330 1798 ad
1373 1772 1506 1798 unum

166 1818 342 1858 verbum
374 1820 598 1858 revocatur
629 1819 702 1856 aut
735 1819 954 1869 assumpta
979 1816 1109 1856 verba
1134 1818 1406 1871 removentur
1431 1819 1506 1857 aut

167 1876 413 1917 circumitus
453 1875 695 1929 diriguntur
733 1874 1142 1915 aut‘coniunctione
1174 1874 1224 1914 fit
1254 1889 1387 1914 unum
1417 1889 1506 1915 ver-

165 1934 269 1974 bum
302 1949 351 1974 ex
383 1933 561 1974 duobus.
622 1932 673 1973 In
712 1932 948 1973 coniunctis
988 1935 1131 1973 autem
1170 1932 1310 1973 verbis
1350 1932 1505 1986 triplex

167 1992 358 2032 adhiberi
385 1991 665 2032 commutatio
690 1994 834 2044 potest
858 2005 946 2031 non
970 1991 1197 2031 verborum
1224 1990 1296 2031 sed
1322 1993 1506 2032 tantum-

167 2050 292 2091 modo
327 2050 500 2103 ordinis,
536 2052 585 2090 ut
617 2063 712 2090 cum
745 2049 874 2089 semel
906 2048 1066 2089 dictum
1100 2049 1155 2089 sit
1187 2048 1358 2103 directe,
1394 2049 1506 2090 sicut

165 2112 320 2149 natura
362 2108 457 2161 ipsa
500 2107 666 2160 tulerit7
713 2107 951 2148 invertatur
996 2107 1098 2148 ordo
1143 2110 1185 2147 et
1227 2107 1339 2148 idem
1384 2107 1505 2160 quasi

168 2181 336 2207 sursum
368 2180 515 2206 versus
546 2168 746 2218 retroque
773 2165 952 2219 dicatur,
983 2165 1130 2206 deinde
1162 2165 1274 2206 idem
1304 2165 1504 2206 intercise

167 2228 294 2278 atque
326 2223 544 2279 permixte.
606 2223 845 2276 Eloquendi
879 2227 1020 2264 autem
1047 2223 1295 2264 exercitatio
1322 2223 1503 2264 maxime

165 2283 211 2323 in
242 2283 322 2323 hoc
354 2285 448 2323 toto
482 2281 754 2323 convertendi
787 2295 939 2336 genere
971 2285 1176 2322 versatur.

1527 727 1560 751 10

1527 1018 1559 1043 15

1526 1310 1559 1334 20

1526 1601 1559 1627 25

1524 1892 1559 1917 30

1523 2182 1558 2207 35
