1643 2526
163 97 227 131 LII
574 95 852 131 ADNOTATIO
879 94 1079 130 CRITICA.

261 202 314 236 M.
344 200 519 236 TVLLI.
547 200 835 235 CICERONIS.
861 199 1077 235 BRVTVS
1119 200 1227 234 inscr.
1253 198 1292 233 F.
1318 207 1390 232 om.
1415 195 1498 231 OB.

164 248 217 282 De
250 247 336 281 libri
368 247 479 281 titulo
505 247 568 281 cfr.
602 248 736 291 Meyer.
762 259 798 291 p.
819 250 856 288 9;
895 246 1045 280 Piderit.
1074 245 1130 281 ed.
1155 245 1205 279 III
1230 257 1265 289 p.
1293 248 1348 279 16.
1374 263 1418 268 -
1445 246 1498 277 11.

166 296 350 340 Auyebam
377 293 402 328 C
428 294 594 339 Auyebat
619 307 645 327 ω
685 315 728 318 -
766 295 805 327 Ρ.
832 297 910 328 225.
939 297 991 328 17.
1030 297 1149 328 autem
1173 297 1206 327 et
1231 292 1256 326 C
1284 295 1349 326 aut
1372 289 1497 324 Lamb.

166 346 283 376 autem
302 341 385 375 Ern.
407 351 470 375 an:
498 345 562 375 aut
580 341 655 375 vel?
681 362 724 365 —
750 344 805 374 23.
827 351 889 374 an:
911 341 1088 374 didicerat
1106 340 1168 374 ille
1188 340 1225 372 et
1243 337 1500 380 assuefecerat?

166 409 209 412 ——
237 392 292 423 29.
325 392 457 422 terrore
483 386 508 421 C
540 398 658 422 errore
690 386 783 421 Vict.
814 386 936 421 Pisan.
971 407 1013 410 —
1045 386 1084 420 P.
1111 390 1190 420 226.
1219 388 1273 420 11.
1303 387 1448 420 venerat
1473 381 1499 416 C

164 436 261 469 venit
280 434 505 468 Fleckeisen.
530 438 606 475 127,
627 437 695 468 208
721 455 764 458 -—
792 437 846 468 15.
872 433 996 468 uum?
1021 433 1109 477 quid
1134 431 1160 466 C
1184 443 1291 466 uuuc.
1317 431 1405 476 quid
1428 428 1499 463 FB

164 482 341 525 ‘numquid
379 494 406 515 ω
444 479 668 525 Nipperdey.
715 480 842 514 Jahrb.
880 479 904 514 f.
942 491 986 515 W.
1025 480 1084 513 ΚΥ.
1124 482 1224 513 1846.
1268 477 1301 511 Π
1332 480 1411 512 247.
1454 496 1498 500 -

165 527 203 562 Ρ.
219 531 297 563 227.
314 531 344 562 8.
372 528 466 562 dices
492 528 516 561 C
543 528 634 562 dicis
659 527 690 560 D
717 547 759 551 —
785 538 904 561 rerum
930 525 966 569 C,
1001 526 1085 560 add.
1111 525 1363 560 Romanarum
1385 522 1499 565 Bake,

165 579 372 609 vostrarum
397 574 495 608 Jahn
521 595 563 598 —
594 577 645 608 11.
667 574 766 608 Mihi
791 574 933 618 quidem
958 577 1026 618 opt.
1054 573 1083 606 B
1110 572 1188 615 (sed
1213 571 1293 606 ead.
1319 583 1366 605 m.
1393 570 1499 612 corr.)

166 625 236 665 opt.
263 622 405 666 quidem
428 622 518 655 mihi
545 620 573 655 O
606 641 649 645 —
683 624 736 654 22.
770 632 842 664 qua
867 619 891 654 C
918 630 986 664 quo
1011 619 1145 663 erg.
1172 629 1262 663 quae
1286 615 1499 651 Eberhardo

167 669 316 702 auctore
344 667 474 711 Stangl
510 688 552 692 —
593 671 647 702 27.
674 678 854 711 repressus
878 671 928 701 est
951 665 1053 700 Bake
1090 687 1133 690 —
1173 676 1236 700 an:
1267 665 1500 707 exortusque?

167 713 230 748 cfr.
257 713 378 749 Fleck.
409 719 484 757 107,
506 717 574 747 845
601 735 643 738 -—
671 716 726 748 30.
753 724 869 757 paene
894 713 980 748 solis
1005 712 1050 753 C,
1081 711 1120 746 in
1151 723 1223 756 quo
1254 709 1378 745 nescio
1410 708 1501 752 quid

167 760 269 794 aliud
300 760 394 795 latet
431 782 474 785 —
514 764 568 794 31.
609 771 671 794 an:
709 761 763 795 vel
787 760 974 795 derelicto?
1006 780 1049 784 —
1082 763 1138 793 34.
1170 769 1277 803 quam
1301 756 1328 791 C
1352 767 1430 801 sepe
1454 755 1500 788 Β1

166 818 245 842 cum
271 821 298 841 ω
336 829 378 832 -—
418 807 454 840 P.
482 810 560 841 228.
590 811 619 840 1.
658 810 690 841 et
715 806 786 841 del.
811 806 937 840 Lamb.
977 826 1020 830 —
1059 810 1090 841 2.
1129 805 1181 840 Et
1204 807 1236 840 si
1262 804 1287 839 C
1312 805 1377 838 etsi
1403 816 1429 836 ω
1453 803 1499 827 '—

166 856 319 896 fortasse
345 853 382 888 C.
420 853 490 886 Hic
516 853 635 887 latent
659 852 816 886 fortasse
841 852 948 886 haec:
974 853 1057 887 etsi
1074 853 1166 895 forte
1183 856 1224 886 tu
1247 862 1322 886 uon
1344 850 1502 892 solveris,

167 911 228 945 eqo
266 902 333 934 etc.
393 899 481 934 Post
516 904 623 944 πεῖραί
659 898 894 933 intercidisse
932 898 1070 933 similia
1107 900 1219 942 atque
1254 909 1298 932 ue
1335 901 1377 932 tu
1411 896 1501 930 mihi

166 957 369 981 suscenseas
399 957 460 981 oro
492 945 708 980 Fleckeisen
739 957 836 989 susp.
869 949 947 988 107,
969 949 1035 979 847
1074 966 1117 970 -—
1157 950 1187 979 3.
1222 955 1257 979 se
1281 943 1501 978 incommodo

167 992 293 1027 Lamb.
332 994 552 1028 incommodo
584 997 645 1027 tuo
679 992 860 1026 Corradus
896 993 1116 1027 incommodo
1147 1002 1182 1027 se
1211 995 1274 1026 tuo
1310 989 1419 1025 Klotz
1456 1009 1500 1013 -

168 1043 200 1073 8.
227 1041 341 1075 ausim
363 1039 393 1073 D
408 1039 499 1073 Ven.
522 1043 538 1072 1
566 1041 669 1073 uisus
692 1041 759 1073 sim
779 1038 825 1073 0¹
851 1050 961 1073 ausus
979 1041 1047 1074 sim
1067 1038 1092 1073 C
1113 1059 1155 1063 ψ-
1179 1042 1232 1072 19.
1257 1048 1377 1072 rerum
1394 1039 1501 1071 uatu-

167 1087 303 1121 ralium
329 1086 354 1120 C
381 1098 498 1121 rerum
524 1090 730 1120 nostrarum
761 1096 805 1119 ex
836 1085 979 1128 aliquot
1002 1084 1107 1119 libris
1132 1084 1275 1127 Lamb.‚
1308 1082 1373 1127 qui
1401 1081 1501 1116 idem

167 1133 207 1166 in
232 1132 315 1166 aliis
341 1137 495 1168 ceterum
520 1133 713 1167 anmdium
745 1142 783 1166 se
813 1131 950 1175 legisse
982 1131 1083 1166 (licit.
1122 1153 1165 1156 —
1204 1135 1258 1166 32.
1297 1134 1363 1165 aut
1390 1130 1502 1174 plane

168 1179 313 1214 XVetzel
339 1201 382 1204 —
410 1180 542 1213 P.229.
560 1182 611 1213 13.
638 1190 693 1213 res
713 1178 738 1213 C
763 1180 818 1213 ‘cis
837 1177 1127 1212 CFWMueller.
1154 1177 1276 1212 Fleck.
1297 1180 1353 1220 89,
1369 1180 1434 1211 621
1457 1195 1500 1200 —

169 1227 380 1261 studiosum.
407 1226 460 1261 Et
484 1225 511 1258 F
526 1225 555 1259 B
570 1225 616 1259 Ο1
631 1225 663 1258 N
688 1226 847 1260 studioso
873 1225 926 1260 Et
950 1224 976 1259 C
1001 1226 1161 1260 studioso
1179 1226 1248 1259 mei
1267 1222 1378 1258 Orell.
1414 1222 1502 1256 Post

169 1278 202 1308 et
215 1273 312 1307 addo
326 1273 433 1307 haec:
448 1274 681 1308 exercitatum
693 1273 858 1306 audienti
878 1293 920 1296 —
940 1275 995 1306 15.
1008 1283 1086 1307 vere
1100 1272 1126 1305 F
1146 1292 1192 1296 —
1211 1274 1267 1305 31.
1283 1281 1346 1304 an:
1365 1273 1502 1304 natura

168 1321 272 1364 ipsa?
298 1340 344 1344 —
369 1323 425 1354 34.
452 1330 561 1364 quare
581 1320 606 1353 C
634 1330 786 1363 quarum
810 1318 920 1362 Kays.
948 1339 991 1343 ——
1019 1323 1073 1353 36.
1098 1319 1253 1353 habeant
1278 1316 1303 1351 C
1328 1317 1455 1351 habeat
1475 1328 1501 1349 ω

170 1387 214 1391 -
240 1366 277 1401 P.
305 1369 383 1401 230.
411 1370 441 1400 3.
475 1378 497 1400 a
525 1366 673 1400 Graecis
703 1365 789 1399 incl.
814 1365 941 1408 Meyer
972 1386 1014 1389 —
1050 1368 1102 1399 16.
1130 1365 1245 1399 Attici
1270 1362 1296 1398 C
1321 1364 1444 1398 atticis
1467 1362 1501 1396 N

173 1434 211 1438 —
241 1417 297 1448 25.
323 1413 454 1448 crebris
478 1412 615 1446 F¹B¹O
655 1432 697 1437 —
735 1416 790 1446 29.
826 1412 917 1446 Tum
941 1411 1027 1446 incl.
1052 1411 1150 1445 Jahn
1187 1432 1230 1435 —
1268 1415 1323 1445 31.
1355 1411 1451 1445 ceius
1477 1408 1502 1442 C

169 1461 264 1503 (157,
286 1462 344 1503 15)
371 1481 414 1484 -—
441 1459 574 1494 Eleius
599 1458 624 1492 C
651 1459 767 1493 Elius
790 1458 838 1492 B¹
864 1479 906 1483 ——
933 1460 975 1493 iu
998 1459 1030 1493 h.
1056 1470 1100 1493 m.
1126 1459 1202 1501 fuit
1224 1457 1310 1492 incl.
1335 1456 1434 1490 Jahn
1458 1476 1501 1480 —-

171 1511 226 1541 32.
263 1508 376 1549 fuerit
400 1506 447 1539 Β1
484 1508 513 1550 (t
539 1507 646 1549 eras)
684 1526 726 1529 ——
766 1508 820 1539 37.
859 1506 974 1540 verbis
1006 1504 1047 1547 C,
1086 1505 1247 1539 acerbius
1276 1502 1502 1546 Feldhuegel

169 1565 287 1597 prgm.
313 1552 553 1597 Magdeburg.
580 1552 696 1586 Klost.
726 1555 826 1593 1871,
854 1555 885 1586 6.
918 1551 988 1586 del.
1015 1550 1161 1585 WVetzel
1197 1571 1240 1575 —
1275 1550 1314 1586 P.
1341 1553 1421 1585 231.
1450 1552 1502 1583 12.

171 1601 311 1644 quidem
331 1610 404 1634 meo
429 1599 458 1632 B
472 1598 503 1631 D
530 1610 602 1633 meo
628 1598 747 1633 Rufin.
767 1597 887 1632 Halm.
908 1597 1001 1632 rhet.
1020 1597 1099 1632 Lat.
1125 1610 1156 1641 p.
1173 1601 1241 1632 580
1267 1618 1310 1621 —
1337 1599 1392 1630 21.
1412 1606 1503 1631 ‘riou—

169 1658 355 1690 mmquam
381 1645 406 1679 C
432 1656 619 1690 uunquam
643 1644 776 1688 scripsi
813 1665 857 1669 ——
894 1648 949 1679 22.
988 1645 1067 1679 ulla
1093 1655 1162 1678 om.
1189 1643 1215 1678 C
1243 1643 1328 1678 add.
1352 1653 1397 1677 ex
1420 1642 1502 1677 Ruf.

170 1692 387 1727 Fleckeisen
423 1712 466 1716 -—
506 1696 560 1726 33.
588 1702 656 1735 quo
682 1692 708 1725 F
725 1690 753 1725 Ο
778 1692 820 1725 iu
845 1702 912 1735 quo
943 1691 966 1723 Β
992 1692 1051 1726 cui
1076 1692 1117 1725 iu
1141 1701 1209 1735 quo
1234 1690 1266 1723 D
1305 1710 1348 1716 —-
1383 1694 1439 1724 34.
1463 1691 1505 1724 iu

171 1741 221 1774 eis
257 1740 376 1773 causis
413 1748 502 1783 quas
537 1739 682 1782 scripsit
725 1737 854 1771 abesse
892 1737 1029 1771 malim.
1069 1737 1192 1771 Fleck.
1232 1741 1316 1779 121,
1344 1740 1421 1771 137.
1459 1756 1503 1760 —

171 1807 214 1810 —
241 1785 278 1820 P.
295 1789 373 1820 232.
390 1790 420 1818 2.
447 1795 517 1819 esse
542 1784 655 1827 Bake,
681 1788 792 1819 exstet
817 1783 949 1827 Stangl
975 1805 1018 1808 —
1048 1788 1100 1819 18.
1122 1785 1379 1829 perstriuyeret
1402 1782 1434 1816 D
1460 1803 1502 1807 -—

171 1838 203 1867 et
227 1836 369 1867 tautum
394 1831 430 1873 C,
463 1835 605 1866 tautum
630 1831 720 1865 Ven.
749 1834 779 1865 1.
805 1830 993 1864 Manutius
1030 1851 1076 1856 —
1113 1835 1168 1864 22.
1205 1835 1247 1865 ut
1270 1832 1311 1864 iu
1335 1841 1377 1865 ea
1402 1829 1428 1864 C
1451 1830 1506 1865 vel

171 1881 211 1913 in
236 1891 276 1914 ca
303 1877 510 1921 Heusinger
548 1898 590 1902 —
630 1882 682 1911 34.
716 1878 916 1921 eloquentia
942 1877 1055 1911 FBO
1094 1898 1136 1902 —
1176 1881 1231 1912 35.
1262 1881 1337 1911 tam
1360 1877 1454 1911 idem
1479 1875 1504 1910 C

171 1926 346 1959 fortasse:
373 1930 444 1960 tam
462 1926 585 1970 yravis
607 1929 639 1958 et
665 1925 772 1964 idem;
799 1923 863 1958 cfr.
886 1923 1036 1965 Quintil.
1057 1923 1090 1957 X
1112 1928 1142 1965 1,
1162 1927 1217 1958 46.
1243 1944 1290 1948 ——
1313 1923 1351 1958 P.
1373 1927 1451 1961 233.
1473 1927 1505 1957 3.

172 1973 365 2007 Pisistrato
391 1973 539 2006 demum.
574 1971 686 2005 Hunc
710 1970 812 2005 Bake
849 1991 893 1995 —
932 1975 963 2005 6.
1001 1972 1075 2005 iam
1100 1971 1260 2005 libertate
1285 1971 1325 2004 iu
1352 1970 1507 2005 Graecia

171 2019 358 2053 Weidner.
386 2019 430 2052 N.
458 2017 551 2051 Phil.
578 2017 764 2052 Rundsch.
791 2021 846 2051 21.
886 2038 928 2041 —
969 2020 1020 2051 14.
1059 2021 1109 2051 cst
1134 2018 1233 2061 apud
1257 2021 1290 2051 te
1316 2017 1342 2050 B
1358 2016 1437 2050 DN
1462 2036 1505 2042 —-

173 2070 227 2100 22.
266 2066 385 2100 morbo
418 2063 502 2098 add.
528 2063 683 2106 Teuffe13
722 2063 785 2097 cfr.
819 2063 932 2098 Thuc.
964 2063 980 2097 I
1007 2066 1084 2097 138.
1125 2084 1165 2088 —
1205 2067 1258 2097 23.
1298 2063 1453 2097 tradidit
1478 2063 1505 2097 B

173 2113 385 2156 addiditque
410 2110 520 2154 Kays.
560 2131 601 2135 -
641 2114 696 2145 28.
722 2111 905 2144 materiam
934 2111 960 2144 F
999 2129 1042 2135 —
1074 2113 1127 2143 29.
1160 2109 1392 2144 Themistocle
1416 2108 1441 2142 C
1467 2111 1508 2143 in

177 2159 411 2194 Themistocle
436 2157 468 2191 D
497 2157 726 2192 Themistocli
752 2170 779 2197 ω
816 2176 860 2182 -—
898 2156 936 2190 P.
964 2159 1042 2190 234.
1071 2161 1125 2191 12.
1161 2157 1318 2190 siciliam
1342 2155 1411 2189 FB
1429 2155 1507 2190 ΟΝ

172 2226 217 2231 -
258 2209 311 2239 14.
351 2209 383 2240 ct
414 2208 637 2239 controversa
669 2208 803 2238 uatura
842 2202 898 2237 ed.
931 2202 1013 2237 Asc.
1045 2202 1172 2236 Lamb.
1197 2202 1279 2236 Alcl.
1313 2206 1346 2236 et
1369 2206 1506 2237 contro-

173 2254 297 2288 versiis
316 2256 406 2286 uata
431 2250 566 2284 Jacobs
591 2262 608 2284 e
627 2251 867 2285 controversia
891 2248 987 2283 Jahn
1012 2253 1045 2283 et
1063 2253 1286 2284 controversa
1305 2249 1346 2283 iu
1363 2259 1406 2284 ea
1423 2250 1510 2284 iura

174 2298 328 2343 Madvig
355 2298 452 2343 (adv.
474 2296 553 2331 crit.
579 2297 630 2330 III
652 2300 731 2339 100)
763 2297 811 2331 ad
841 2297 1098 2331 controversias
1125 2300 1215 2330 uata
1241 2294 1367 2330 Simon
1390 2307 1508 2340 prgm.
