1643 2526
489 130 589 166 CAP.
618 133 766 166 69—71.
805 133 825 173 ς
851 133 1048 166 242-249.
1355 130 1439 172 287

101 242 230 282 quam
260 226 508 268 voluntatis.
570 226 722 280 Itaque
754 225 895 267 studio
933 226 1034 268 huic
1070 240 1159 267 non
1189 225 1294 267 satis
1326 226 1440 281 fecit,

102 285 245 327 officio
276 299 376 327 vero
412 299 491 326 nec
527 285 573 325 in
611 299 784 326 suorum
815 285 1154 326 necessariorum
1191 284 1330 326 causis
1362 299 1439 326 nec

100 344 146 385 in
190 343 402 385 sententia
447 343 660 384 senatoria
704 343 850 384 defuit.
922 343 1069 384 Etiam
1112 343 1168 384 M.
1211 343 1510 386 Pontidius246

102 402 321 456 municeps
370 405 517 443 noster
572 401 729 443 multas
785 401 975 456 privatas
1032 416 1181 443 causas
1233 402 1439 450 actitavit⁷

65 481 81 506 5
103 461 295 503 celeriter
327 475 428 501 sane
459 460 590 502 verba
620 460 793 501 volvens
830 474 908 501 nec
944 460 1076 501 hebes
1114 461 1158 501 in
1195 460 1335 502 causis
1373 461 1440 502 vel

102 520 240 561 dicam
270 519 366 573 plus
399 519 529 560 etiam
566 534 694 573 quam
730 533 817 559 non
853 518 1002 573 hebes,
1040 519 1112 559 sed
1150 518 1439 561 ecfervescens

100 578 146 619 in
178 578 354 619 dicendo
388 577 610 619 stomacho
643 591 767 631 saepe
798 577 1102 631 iracundiaque
1128 577 1440 633 vehementius,

101 640 150 678 ut
174 650 262 678 non
288 651 384 678 cum
410 635 650 677 adversario
673 636 823 687 solum,
851 636 924 676 sed
943 636 1085 690 etiam,
1111 636 1225 690 quod
1244 636 1439 677 mirabile

103 698 228 749 esset,
254 709 351 736 cum
370 694 508 736 iudice
527 694 635 749 ipso,
661 694 781 735 cuius
807 694 1007 735 delinitor
1026 709 1117 735 esse
1138 695 1263 735 debet
1283 698 1442 750 orator,

51 773 84 797 10
101 754 242 808 iurgio
287 768 411 807 saepe
455 753 739 794 contenderet.
812 752 867 793 M.
910 752 1112 794 Messalla
1154 753 1293 795 minor
1335 756 1442 794 natu

103 827 231 867 quam
261 827 359 866 nos,
395 812 513 853 nullo
545 812 670 852 modo
702 811 845 866 inops,
883 811 956 852 sed
986 826 1074 853 non
1102 811 1230 852 nimis
1264 815 1441 853 ornatus

105 885 257 926 genere
297 870 542 925 verborum,
587 870 771 924 prudens
813 872 982 924 acutus,
1026 870 1200 911 minime
1242 870 1440 912 incautus

102 932 329 983 patronus,
366 929 411 969 in
448 928 586 970 causis
624 928 930 983 cognoscendis
963 929 1351 983 componendisque
1384 928 1442 969 di-

104 988 260 1042 ligens,
308 987 454 1042 magni
502 987 682 1042 laboris,
724 987 883 1028 multae
928 1001 1081 1041 operae
1123 987 1440 1042 multarumque

53 1066 84 1091 15
106 1061 340 1088 causarum.
401 1046 498 1086 Duo
531 1045 662 1086 etiam
691 1045 875 1100 Metelli,
912 1043 1033 1086 Celer
1064 1048 1108 1087 et
1139 1045 1303 1100 Nepos,
1339 1055 1510 1087 non-247

103 1105 212 1145 nihil
242 1104 289 1145 in
326 1104 464 1145 causis
503 1103 661 1145 versati
696 1118 774 1145 nec
813 1104 903 1145 sine
940 1103 1114 1158 ingenio
1152 1118 1229 1145 nec
1266 1104 1443 1159 indocti,

103 1163 185 1204 hoc
217 1165 338 1204 erant
368 1162 573 1216 populare
599 1162 764 1204 dicendi
791 1176 924 1218 genus
951 1162 1153 1204 adsecuti.
1198 1161 1272 1204 Cn.
1299 1165 1443 1204 autem
1500 1202 1509 1205 ,

104 1221 314 1263 Lentulus
334 1221 609 1262 Marcellinus
634 1235 711 1262 nec
737 1235 926 1275 unquam
951 1220 1182 1262 indisertus
1209 1224 1252 1262 et
1277 1221 1322 1262 in
1348 1236 1444 1263 con-

106 1281 247 1321 sulatu
289 1279 568 1334 pereloquens
611 1278 728 1320 visus
769 1282 852 1334 est,
891 1294 978 1320 non
1018 1279 1165 1320 tardus
1207 1280 1444 1334 sententiis,

53 1359 87 1384 20
104 1353 193 1379 non
222 1338 346 1392 inops
372 1338 525 1392 verbis,
555 1352 658 1379 voce
685 1352 852 1392 canora,
882 1337 1048 1379 facetus
1075 1338 1191 1380 satis.
1242 1337 1286 1379 O.
1313 1337 1444 1379 Mem-

106 1397 217 1438 mius
248 1396 294 1437 L.
327 1396 373 1437 F.
404 1396 618 1450 perfectus
649 1396 826 1450 litteris,
858 1396 931 1437 sed
963 1395 1156 1450 Graecis,
1192 1396 1443 1437 fastidiosus

107 1470 207 1496 sane
238 1454 506 1508 Latinarum,
544 1457 720 1509 argutus
754 1457 898 1495 orator
928 1454 1153 1507 verbisque
1186 1454 1340 1508 dulcis,
1371 1454 1446 1495 sed

106 1514 275 1568 fugiens
323 1527 411 1554 non
459 1513 585 1553 modo
636 1513 819 1566 dicendi,
861 1527 1009 1553 verum
1053 1513 1183 1553 etiam
1227 1512 1445 1567 cogitandi

107 1573 317 1625 laborem,
353 1574 523 1612 tantum
556 1571 638 1612 sibi
670 1572 719 1612 de
751 1571 957 1612 facultate
996 1571 1199 1625 detraxit,
1237 1574 1445 1625 quantum

55 1651 88 1676 25
107 1630 324 1672 imminuit
354 1629 600 1670 industriae.

225 1688 319 1729 Hoc
356 1688 451 1729 1000
491 1687 666 1728 Brutus:
707 1687 844 1735 Quam
881 1687 1052 1741 vellem,
1091 1687 1250 1742 inquit,
1290 1688 1340 1728 de
1377 1687 1445 1729 his

108 1747 239 1788 etiam
271 1747 531 1800 oratoribus,
563 1746 635 1800 qui
665 1746 792 1787 hodie
825 1749 942 1801 sunt,
979 1746 1060 1787 tibi
1093 1745 1230 1787 dicere
1261 1746 1446 1801 luberet3

110 1809 164 1859 et,
195 1805 231 1846 si
263 1805 312 1845 de
345 1805 438 1845 aliis
466 1805 618 1859 minus,
649 1805 699 1845 de
726 1805 891 1845 duobus
917 1807 1074 1857 tamen,
1106 1819 1211 1858 quos
1239 1819 1263 1845 a
1288 1807 1331 1844 te
1358 1804 1446 1845 scio

110 1863 276 1904 laudari
302 1863 449 1917 solere,
474 1861 654 1904 Caesare
675 1866 718 1904 et
735 1862 951 1917 MarceHO,
977 1862 1167 1903 audirem
1192 1876 1280 1903 non
1306 1862 1447 1903 minus

58 1941 92 1966 30
110 1922 306 1962 lubenter
331 1935 458 1974 quam
484 1921 625 1962 audivi
651 1921 700 1962 de
725 1921 779 1962 iis
807 1921 879 1976 qui
904 1921 1088 1962 fuerunt.
1134 1919 1220 1962 Gur
1245 1921 1447 1961 tandem?

112 1980 304 2033 inquam3
341 1994 395 2019 an
425 1982 621 2033 expectas
660 1979 761 2033 quid
798 1992 876 2034 ego
913 1979 1098 2020 iudicem
1135 1979 1184 2020 de
1222 1978 1337 2033 istis,
1375 1979 1448 2032 qui

111 2038 192 2079 tibi
220 2040 319 2078 sunt
345 2051 477 2091 aeque
502 2038 595 2078 noti
621 2052 668 2079 ac
694 2037 829 2078 mihi?
878 2037 986 2078 Mihi
1012 2037 1265 2091 mehercule,
1296 2037 1449 2091 inquit,

110 2095 337 2137 Marcellus
370 2095 474 2136 satis
508 2098 571 2136 est
601 2099 743 2150 notus,
775 2095 932 2138 Caesar
957 2098 1102 2137 autem
1126 2110 1295 2150 parum3
1325 2095 1449 2136 illum

113 2154 226 2196 enim
257 2168 381 2208 saepe
414 2153 567 2207 audivi,
596 2154 679 2208 hic,
710 2169 807 2196 cum
838 2168 917 2209 ego
948 2154 1136 2195 iudicare
1167 2153 1255 2195 iam
1288 2153 1518 2207 aliquid-249

61 2229 94 2254 35
113 2227 296 2267 possem,
328 2212 445 2253 afuit.
497 2211 608 2260 Quid
638 2212 770 2266 igitur
795 2213 845 2253 de
869 2212 945 2253 illo
970 2212 1146 2266 iudicas,
1172 2226 1297 2266 quem
1324 2225 1448 2264 saepe

115 2270 343 2312 audivisti?
388 2269 497 2318 Quid
523 2284 680 2325 censes,
709 2270 864 2325 inquit,
893 2270 978 2312 nisi
1002 2271 1058 2324 id,
1083 2271 1197 2324 quod
1222 2269 1448 2310 habiturus

115 2343 158 2370 es
185 2329 368 2370 similem
393 2328 487 2369 tui?
530 2327 597 2369 Ne
623 2342 716 2383 ego,
744 2329 933 2384 inquam,
965 2328 1001 2370 si
1024 2329 1088 2370 ita
1114 2331 1191 2383 est,
1216 2327 1343 2369 velim
1369 2325 1450 2367 tibi

1462 1664 1513 1704 71

1448 1732 1516 1763 248
