1643 2526
508 106 607 142 CAP.
635 110 784 143 72-73.
822 110 841 150 g
868 111 1064 143 250—256.
1367 109 1453 151 289

113 199 303 255 perfecta
332 200 408 241 illa
438 201 545 243 bene
577 202 777 257 loquendi
808 202 920 257 laus,
957 202 1104 244 multis
1135 203 1292 245 litteris
1325 207 1367 245 et
1398 204 1451 246 iis

115 258 286 312 quidem
322 260 552 301 reconditis
592 263 634 302 et
671 260 893 314 exquisitis
933 275 1184 315 summoque
1225 262 1367 303 studio
1409 266 1452 304 et

114 316 338 371 diligentia
368 321 433 359 est
465 322 735 361 consecutus:
768 319 840 372 qui
866 319 997 360 etiam
1021 319 1067 360 in
1092 321 1303 362 maxumis
1331 331 1521 362 occu-253

112 375 359 429 pationibus
403 377 455 417 ad
499 380 541 418 te
584 377 744 432 ipsum,
785 377 926 431 inquit
971 377 1017 418 in
1057 393 1123 419 me
1168 379 1358 430 intuens,
1400 379 1450 420 de

78 449 93 474 5
113 433 279 474 ratione
305 433 458 476 Latine
483 435 684 490 loquendi
705 436 1037 477 accuratissume
1059 437 1278 491 scripserit
1295 437 1452 492 primo-

113 506 193 545 que
224 491 270 532 in
300 492 411 533 libro
444 493 598 535 dixerit
628 495 856 535 verborum
889 494 1090 535 dilectum
1117 495 1327 551 originem
1358 511 1450 537 esse

112 550 380 604 eloquentiae
411 552 714 607 tribueritque,
751 552 810 593 mi
847 552 998 606 Brute,
1034 553 1134 594 huic
1170 557 1339 608 nostro,
1377 554 1450 608 qui

112 622 179 649 me
212 609 261 649 de
292 608 367 650 illo
394 609 546 651 maluit
571 625 698 665 quam
724 625 768 652 se
795 610 943 665 dicere,
974 611 1144 652 laudem
1171 612 1450 668 singularem3

111 680 212 707 nam
244 667 416 722 scripsit
447 668 514 709 his
546 669 704 723 verbis,
742 683 838 710 cum
875 669 990 711 hunc
1026 670 1198 711 nomine
1238 674 1351 712 esset
1383 671 1451 712 ad-

59 740 93 766 10
111 724 245 766 fatus:
286 740 340 767 ac
378 726 438 780 si,
475 730 528 767 ut
566 727 798 782 cogitata
834 727 1098 782 praeclare
1136 728 1307 782 eloqui
1338 743 1451 783 pos-

112 786 243 838 sent,
291 785 527 825 nonnulli
577 785 747 826 studio
797 789 846 827 et
893 800 986 827 usu
1036 786 1451 842 elaboraverunt,

112 842 256 883 cuius
294 844 342 883 te
379 857 535 897 paene
566 844 850 898 principem
882 844 1058 898 copiae
1097 848 1246 898 atque
1278 845 1451 886 inven—

112 902 272 941 torem
321 901 446 942 bene
497 902 552 942 de
600 903 804 943 nomine
860 916 914 943 ac
965 902 1222 957 dignitate
1270 904 1448 957 populi

112 958 325 999 Romani
379 960 614 1001 meritum
670 974 778 1001 esse
829 960 1139 1002 existumare
1195 962 1449 1017 debemus,

59 1032 92 1057 15
111 1015 242 1058 hunc
273 1017 477 1058 facilem
510 1021 557 1059 et
589 1018 903 1059 cotidianum
933 1018 1136 1060 novisse
1170 1034 1448 1061 sermonem
1465 1044 1518 1084 73

109 1089 240 1116 nunc
279 1089 371 1129 pro
412 1076 597 1117 relicto
639 1079 716 1118 est
755 1076 1051 1118 habendum.
1121 1077 1230 1118 Tum
1271 1078 1519 1141 Brutus:254

109 1132 258 1174 Amice
290 1133 474 1189 hercule,
505 1134 657 1189 inquit,
688 1138 731 1176 et
756 1135 980 1190 magnifice
1011 1138 1054 1176 te
1085 1135 1307 1177 laudatum
1331 1139 1449 1191 puto,

111 1205 237 1244 quem
268 1206 356 1233 non
387 1192 526 1234 solum
555 1193 794 1248 principem
833 1196 960 1247 atque
997 1193 1264 1235 inventorem
1302 1194 1448 1249 copiae
1500 1205 1507 1208 ’

111 1249 277 1304 dixerit,
302 1264 408 1303 quae
435 1254 526 1292 erat
551 1265 707 1306 magna
730 1252 838 1307 laus,
863 1252 936 1293 sed
961 1252 1091 1293 etiam
1116 1252 1222 1293 bene
1248 1253 1449 1294 meritum

57 1324 91 1349 20
111 1308 160 1348 de
201 1308 349 1362 populi
389 1308 572 1350 Romani
611 1310 782 1351 nomine
823 1312 866 1352 et
906 1310 1126 1364 dignitate.
1200 1310 1293 1359 Quo
1335 1311 1448 1352 enim

111 1380 195 1406 uno
228 1366 503 1408 vincebamur
534 1382 558 1408 a
589 1368 702 1409 victa
735 1367 926 1422 Graecia,
955 1369 1000 1409 id
1032 1372 1106 1409 aut
1137 1372 1331 1423 ereptum
1361 1369 1446 1410 illis

111 1426 176 1465 est
210 1427 284 1465 aut
317 1428 429 1466 certe
466 1425 591 1466 nobis
631 1441 728 1467 cum
764 1426 850 1467 illis
889 1427 1263 1468 communicatum.
1323 1426 1517 1468 Hanc255

111 1485 271 1534 autem,
302 1483 462 1537 inquit,
493 1484 675 1538 gloriam
706 1484 1084 1538 testimoniumque
1117 1483 1311 1526 Caesaris
1348 1488 1447 1526 tuae

112 1540 282 1594 quidem
328 1541 630 1595 supplicationi
672 1557 778 1597 non,
825 1543 897 1584 sed
939 1543 1168 1597 triumphis
1213 1543 1447 1584 multorum

57 1615 91 1641 25
111 1601 337 1654 antepono.
393 1600 452 1641 Et
476 1603 591 1641 recte
623 1600 805 1655 quidem,
835 1601 1023 1656 inquam,
1054 1601 1206 1656 Brute3
1237 1602 1364 1642 modo
1391 1602 1448 1642 sit

109 1657 191 1699 hoc
235 1656 429 1699 Caesaris
474 1658 620 1713 iudici,
663 1673 751 1700 non
788 1659 1100 1701 benivolentiae
1139 1660 1447 1701 testimonium.

110 1714 213 1756 Plus
246 1715 360 1757 enim
391 1719 503 1758 certe
536 1717 691 1758 adtulit
720 1717 821 1758 huic
858 1718 1016 1772 populo
1055 1717 1298 1772 dignitatis,
1336 1718 1448 1772 quis-

111 1773 204 1827 quis
237 1776 302 1815 est
331 1774 422 1829 ille,
459 1775 494 1816 si
526 1775 652 1816 modo
685 1778 750 1816 est
782 1775 949 1830 aliquis,
981 1775 1053 1830 qui
1084 1790 1172 1816 non
1201 1776 1448 1817 inlustravit

111 1831 251 1886 modo,
282 1833 356 1873 sed
387 1833 516 1874 etiam
548 1833 696 1888 genuit
733 1834 778 1874 in
814 1834 894 1875 hac
931 1834 1036 1875 urbe
1068 1834 1234 1875 dicendi
1267 1834 1447 1888 copiam,

57 1906 92 1931 30
112 1904 240 1943 quam
281 1890 366 1944 illi,
409 1891 481 1944 qui
517 1891 727 1946 Ligurum
771 1892 945 1933 castella
983 1895 1351 1946 expugnaverunt:
1395 1907 1447 1933 ex

112 1947 267 2002 quibus
294 1948 418 1988 multi
445 1952 556 2004 sunt,
586 1953 635 1991 ut
662 1949 794 2004 scitis,
824 1950 1042 2004 triumphi.
1087 1950 1247 1991 Verum
1275 1950 1516 2004 quidem256

112 2005 148 2046 si
174 2006 318 2047 audire
344 2006 553 2062 volumus,
579 2008 748 2049 omissis
775 2008 860 2048 illis
887 2008 1040 2049 divinis
1062 2008 1265 2062 consiliis,
1291 2008 1444 2063 quibus

112 2078 237 2118 saepe
269 2064 506 2105 constituta
536 2068 602 2107 est
625 2066 934 2120 imperatorum
960 2066 1169 2120 sapientia
1201 2067 1315 2108 salus
1348 2067 1447 2108 civi-

111 2122 215 2162 tatis
242 2125 316 2163 aut
341 2122 443 2163 belli
469 2126 543 2163 aut
569 2124 696 2180 domi,
720 2124 855 2165 multo
882 2139 1063 2179 magnus
1090 2127 1235 2165 orator
1253 2127 1446 2179 praestat

58 2180 290 2221 35'minutis
321 2180 665 2234 imperatoribus.
727 2182 801 2223 ‘At
838 2183 1013 2236 prodest
1049 2182 1146 2236 plus
1183 2181 1444 2237 imperator.'

113 2236 216 2286 Quis
248 2239 408 2294 negat?
459 2237 541 2279 Sed
578 2242 723 2281 tamen
757 2264 805 2269 —-
840 2254 929 2281 non
965 2243 1109 2282 metuo
1147 2255 1200 2281 ne
1238 2240 1344 2281 mihi
1377 2239 1445 2280 ad-

113 2296 323 2352 clametis3
349 2299 415 2338 est
435 2300 577 2338 autem
598 2298 711 2351 quod
731 2298 889 2339 sentias
911 2298 1076 2340 dicendi
1096 2298 1227 2339 libere
1248 2299 1366 2339 locus
1388 2321 1443 2326 —

182 2370 250 2396 010.
269 2372 292 2396 1.
314 2373 337 2397 2.
1120 2370 1162 2400 19
