1643 2526
180 87 267 127 400
541 85 798 120 PARTITION
806 86 861 120 Es
889 85 1165 120 ORATORIAE

109 194 153 224 46
179 182 225 223 P.
251 182 333 223 Est
359 196 473 237 ergo,
505 185 552 222 ut
579 196 708 235 supra
733 181 894 222 dictum
921 184 999 235 est,
1024 181 1252 235 explicatio
1281 180 1522 236 argumenti

181 240 516 296 argumentatio,
557 239 630 280 sed
671 254 720 280 ea
758 239 1002 293 conficitur,
1042 254 1139 281 cum
1177 239 1409 293 sumpseris
1448 242 1522 280 aut

179 314 266 340 non
297 299 426 339 dubia
458 301 531 339 aut
562 298 815 352 probabilia,
853 313 904 338 ex
936 298 1090 350 quibus
1121 298 1165 338 id
1197 297 1371 352 efficias,
1410 297 1523 352 quod

181 360 255 398 aut
288 357 464 397 dubium
496 359 570 397 aut
602 356 742 396 minus
774 356 997 410 probabile
1028 371 1104 410 per
1136 371 1180 397 se
1212 356 1389 397 videtur.
1445 355 1524 396 Ar—

182 415 459 471 gumentandi
491 418 634 455 autem
667 415 749 455 duo
784 429 938 469 genera
972 417 1090 468 sunt,
1128 428 1309 468 quorum
1340 414 1523 455 alterum

182 475 234 515 ad
265 474 392 514 fidem
424 474 591 514 derecto
625 476 807 527 spectat,
846 473 1027 513 alterum
1065 487 1109 513 se
1140 472 1322 514 inflectit
1354 472 1406 513 ad
1437 486 1524 513 mo-

181 536 286 573 tum.
354 532 537 573 Derecto
574 531 726 586 igitur,
763 546 893 584 quom
929 531 1155 585 proposuit
1196 530 1372 585 aliquid,
1411 530 1524 585 quod

181 591 402 645 probaret,
441 590 706 644 sumpsitque
739 605 805 643 ea,
846 590 999 643 quibus
1033 589 1259 643 niteretur,
1298 592 1424 642 atque
1455 588 1523 629 his

182 649 445 690 confirmatis
472 649 524 689 ad
549 648 819 702 propositum
846 663 936 688 sese
962 648 1131 688 rettulit
1153 651 1279 701 atque
1304 647 1524 688 conclusit.

182 708 263 748 llla
295 710 437 748 autem
475 707 607 747 altera
649 706 964 760 argumentatio
999 706 1121 760 quasi
1152 710 1267 746 retro
1301 709 1343 746 et
1375 708 1525 746 contra

182 766 300 820 prius
327 765 458 806 sumit
485 779 590 818 quae
617 765 709 805 Vult
735 779 866 818 eaque
899 765 1136 818 confirmat,
1168 764 1316 805 deinde
1341 764 1386 804 id
1412 763 1526 818 quod

182 824 505 878 proponendum
538 822 621 863 fuit
652 823 858 876 permotis
889 823 1041 863 animis
1068 822 1171 863 iacit
1199 823 1250 863 ad
1277 825 1524 863 extremum.

113 895 154 924 47
182 883 263 923 Est
301 882 431 923 etiam
468 882 543 922 illa
580 881 763 921 varietas
802 881 847 921 in
886 881 1222 935 argumentando
1262 884 1305 922 et
1341 895 1428 921 non
1465 880 1527 920 in-

182 941 367 982 iucunda
411 939 648 993 distinctio,
695 941 776 991 [ut]
824 954 954 993 quom
996 939 1313 994 interrogamus
1357 941 1527 979 nosmet

182 1000 300 1053 ipsos
340 1002 413 1039 aut
450 1001 752 1053 percontamur
790 1001 864 1038 aut
901 998 1160 1052 imperamus
1201 1000 1275 1038 aut
1317 1000 1528 1052 optamus,

185 1072 291 1111 quae
331 1060 429 1098 sunt
468 1072 564 1098 cum
601 1056 697 1097 aliis
736 1056 1026 1110 compluribus
1066 1056 1376 1096 sententiarum
1408 1069 1527 1096 orna-

184 1119 338 1156 menta.
400 1114 549 1155 Vitare
591 1118 734 1155 autem
777 1114 1100 1155 similitudinem
1143 1114 1399 1168 poterimus,
1440 1128 1528 1154 non

185 1189 350 1228 semper
383 1189 407 1214 a
438 1173 659 1227 proposito
694 1173 924 1225 ordientes,
957 1176 999 1213 et
1026 1173 1061 1213 si
1093 1186 1179 1213 non
1212 1172 1355 1212 omnia
1387 1171 1528 1225 dispu-

185 1233 315 1274 tando
344 1231 692 1273 confirmabimus
721 1231 989 1284 breviterque
1014 1231 1241 1284 interdum,
1268 1244 1375 1283 quae
1402 1233 1528 1270 erunt

187 1291 291 1332 satis
342 1294 506 1344 aperta,
561 1304 786 1343 ponemus3
844 1289 1039 1342 quodque
1094 1303 1143 1329 ex
1192 1288 1246 1329 iis
1302 1288 1529 1342 efficietur,

186 1349 222 1390 si
259 1349 302 1389 id
341 1352 554 1403 apertum,
596 1362 683 1388 non
720 1348 973 1388 habebimus
1015 1362 1187 1388 necesse
1228 1361 1394 1400 semper
1434 1360 1529 1388 con-

187 1408 365 1449 cludere.

118 1444 171 1484 14
306 1464 348 1506 C.
389 1465 518 1519 Quid,
560 1465 652 1518 illa,
692 1479 798 1518 quae
837 1464 927 1504 sine
967 1466 1057 1504 arte
1096 1463 1384 1517 appellantur,
1422 1477 1528 1516 quae

116 1512 159 1541 48
186 1525 272 1565 iam
299 1524 456 1564 dudum
488 1526 710 1576 assumpta
742 1522 900 1575 dixisti,
933 1536 1168 1575 ecquonam
1200 1522 1325 1562 modo
1362 1523 1529 1574 {ecquo-

185 1598 285 1623 nam
315 1582 429 1633 loco]
464 1582 567 1622 artis
598 1581 821 1635 indigent?
872 1580 915 1620 P.
948 1580 1028 1620 Illa
1065 1594 1165 1621 vero
1203 1580 1415 1634 indigent,
1451 1593 1529 1620 nec

187 1656 235 1681 eo
269 1641 468 1681 dicuntur
499 1640 589 1680 sine
623 1642 725 1693 arte,
757 1639 868 1692 quod
900 1639 961 1679 ita
994 1639 1092 1692 sint,
1125 1639 1198 1678 sed
1230 1638 1342 1691 quod
1369 1652 1418 1678 ea
1443 1651 1530 1678 non

187 1699 300 1752 parit
332 1698 514 1738 oratoris
548 1712 634 1751 ars,
675 1697 747 1737 sed
785 1697 888 1736 foris
929 1697 981 1736 ad
1014 1711 1057 1736 se
1090 1696 1230 1737 delata
1262 1699 1407 1736 tamen
1439 1698 1528 1735 arte

117 1768 160 1797 49
189 1759 365 1810 tractat,
406 1760 448 1796 et
479 1755 661 1796 maxime
699 1755 745 1794 in
776 1754 971 1795 testibus.
1033 1753 1146 1794 Nam
1179 1757 1221 1794 et
1253 1754 1302 1794 de
1335 1756 1428 1794 toto
1462 1768 1530 1808 ge-

187 1830 285 1856 nere
324 1814 500 1855 testium
544 1828 672 1867 quam
712 1813 756 1853 id
794 1813 849 1853 sit
886 1812 1103 1853 infirmum
1142 1827 1267 1866 saepe
1306 1812 1530 1853 dicendum

189 1877 253 1914 est
274 1876 315 1914 et
337 1876 589 1927 argumenta
614 1886 755 1912 rerum
776 1886 867 1912 esse
893 1871 1078 1925 propria,
1110 1867 1359 1912 testimonia
1386 1874 1530 1911 autem

188 1932 478 1985 voluntatum3
522 1931 811 1983 utendumque
857 1930 1081 1983 exemplis,
1126 1929 1161 1970 si
1207 1929 1300 1983 quis
1346 1928 1529 1969 testibus

190 1990 398 2031 creditum
436 2003 523 2029 non
562 1989 635 2043 sit3
680 1992 721 2028 et
754 1988 803 2028 de
842 1988 1022 2042 singulis
1061 1988 1265 2053 testibus,
1305 1987 1341 2027 si
1378 1989 1532 2027 natura

192 2048 305 2102 vani,
343 2047 378 2087 si
409 2048 541 2100 leves,
579 2047 615 2086 si
648 2061 743 2087 cum
774 2046 1030 2100 ignominia,
1069 2046 1105 2087 si
1138 2061 1229 2100 spe,
1261 2045 1296 2086 si
1328 2048 1463 2099 metu,
1495 2045 1532 2085 si

189 2106 420 2159 iracundia,
446 2106 481 2146 si
508 2081 818 2145 miselicordiaO
825 2104 1011 2158 impulsi,
1039 2105 1073 2145 si
1099 2104 1303 2170 praemio,
1329 2104 1364 2144 si
1392 2103 1532 2158 gratia

191 2164 379 2218 adducti3
435 2163 792 2217 comparandique
849 2178 945 2203 cum
1002 2163 1219 2217 superiore
1275 2161 1530 2203 auctoritate

121 2235 164 2264 50
190 2223 380 2275 testium,
412 2222 564 2276 quibus
597 2224 742 2262 tamen
773 2221 980 2261 creditum
1006 2236 1092 2263 non
1118 2221 1184 2262 sit.
1237 2220 1369 2274 Saepe
1401 2219 1532 2260 etiam

193 2280 517 2337 quaestionibus
556 2279 839 2321 resistendum
881 2282 963 2334 est,
1008 2279 1120 2334 quod
1159 2282 1200 2320 et
1241 2279 1430 2320 dolorem
1470 2277 1532 2318 fu-

1546 723 1578 748 10

1548 1016 1579 1040 15

1549 1307 1582 1332 20

1548 1596 1581 1622 25

1548 1887 1582 1912 30

1550 2177 1584 2203 35
