1643 2526
371 97 515 133 LIBER
540 97 566 132 I.
617 97 718 132 CAP.
746 100 896 132 36—37.
936 100 955 139 ἓ
984 99 1180 132 165—172.
1395 95 1452 138 39

112 193 209 235 vilis
255 192 453 247 scientia,
501 192 615 246 quod
653 192 761 233 alter
796 192 894 246 plus
931 192 1024 247 lege
1062 192 1226 247 agendo
1266 192 1454 246 petebat,

113 266 243 305 quam
275 254 484 305 quantum
510 251 577 291 lex
603 251 648 291 in
674 250 759 292 XII
785 250 944 292 tabulis
976 250 1229 305 permiserat
1257 275 1315 280 —
1340 250 1453 305 quod

113 324 242 364 quom
281 310 573 363 impetrasset,
616 324 745 350 causa
785 309 954 350 caderet
999 326 1090 364 —3.
1113 309 1221 350 alter
1261 308 1454 363 iniquom

112 368 293 422 putabat
329 367 425 421 plus
467 382 611 408 secum
643 367 731 422 agi,
772 382 900 421 quam
933 367 1045 420 quod
1076 370 1168 408 erat
1198 367 1244 408 in
1275 367 1455 421 actione⁷

77 443 93 469 5
112 440 248 480 neque
280 425 576 481 intellegebat,
608 425 644 466 si
676 427 738 467 ita
769 429 882 467 esset
914 428 1075 480 actum7
1111 425 1231 466 litem
1264 425 1455 467 adversa-

112 485 223 525 rium
253 484 529 538 perditurum.

230 541 369 591 Quid?
409 542 475 583 his
507 542 655 596 paucis
688 542 837 583 diebus
862 556 1002 583 nonne
1027 542 1152 583 nobis
1178 542 1223 583 in
1248 541 1454 583 tribunali

113 600 160 649 Q.
180 600 357 655 Pompei
383 601 594 655 praetoris
621 600 773 642 urbani
798 600 1022 642 familiaris
1043 600 1181 641 nostri
1208 600 1453 641 sedentibus

112 659 242 700 homo
275 674 325 700 ex
356 673 534 700 numero
567 659 824 714 disertorum
855 659 1117 713 postulabat,
1152 662 1201 700 ut
1232 658 1308 713 illi,
1344 658 1454 699 unde

63 736 94 761 ιο
113 720 349 772 peteretur,
385 720 507 758 vetus
541 720 668 771 atque
700 717 860 758 usitata
893 717 1085 771 exceptio
1119 717 1291 758 daretur
1324 727 1454 758 CUIUS

114 788 343 818 PECUNIAE
368 787 473 817 DIES
501 775 719 817 FUISSET‘?
752 775 866 829 quod
898 775 1095 830 petitoris
1129 790 1257 817 causa
1289 789 1457 829 compa-

113 837 255 876 ratum
287 848 378 875 esse
410 848 498 875 non
533 834 825 889 intellegebat,
856 837 916 888 ut,
949 833 984 874 si
1017 834 1088 874 ille
1119 833 1330 874 infitiator
1361 847 1456 888 pro-

113 893 259 934 basset
289 892 420 933 iudici
452 895 549 933 ante
580 892 761 946 petitam
793 906 884 933 esse
916 892 1153 946 pecuniam,
1185 906 1313 945 quam
1343 894 1455 933 esset

115 954 267 1005 coepta
305 950 466 1005 deberi,
505 951 666 1004 petitor
703 964 850 991 rursus
890 964 1020 1004 quom
1062 953 1245 1004 peteret,
1288 964 1341 991 ne
1386 965 1454 991 ex-

62 1027 95 1052 15
115 1009 309 1064 ceptione
349 1009 642 1050 excluderetur
680 1020 806 1058 QUOD
845 1020 903 1049 EA
934 1020 1016 1050 REs
1050 1021 1099 1049 IN
1132 1020 1347 1050 IUDICIUM
1378 1020 1457 1049 AN-

114 1080 204 1109 TEA
237 1079 471 1109 VENISSET.
535 1066 645 1115 Quid
683 1081 784 1122 ergo
823 1066 905 1108 hoc
944 1066 1037 1107 fieri
1068 1067 1236 1121 turpius
1269 1069 1343 1107 aut
1374 1067 1526 1108 dici169

113 1128 258 1180 potest
290 1140 417 1180 quam
449 1139 564 1179 eum,
602 1124 674 1178 qui
711 1125 821 1166 hanc
852 1139 1080 1179 personam
1118 1125 1372 1179 susceperit,
1410 1128 1458 1166 ut
1486 1159 1494 1162 ,

114 1184 349 1225 amicorum
371 1183 682 1225 controversias
705 1197 938 1237 causasque
964 1186 1136 1224 tueatur
1160 1182 1457 1224 laborantibus

116 1245 335 1284 succurrat
361 1242 500 1296 aegris
527 1242 748 1283 medeatur
773 1241 968 1283 adflictos
992 1241 1161 1295 excitet,
1187 1241 1299 1283 hunc
1318 1242 1364 1282 in
1384 1241 1459 1282 mi-

63 1318 96 1344 20
115 1300 243 1341 nimis
275 1299 624 1354 tenuissimisque
656 1300 782 1341 rebus
814 1300 877 1341 ita
908 1300 1009 1354 labi,
1048 1303 1097 1340 ut
1130 1300 1224 1341 aliis
1257 1300 1459 1341 miseran-

118 1359 195 1399 dus
228 1358 322 1399 aliis
361 1358 608 1398 inridendus
647 1372 738 1399 esse
770 1358 992 1399 videatur?
1041 1358 1252 1411 Equidem
1288 1358 1528 1412 propin-170

119 1431 248 1470 quom
268 1419 478 1470 nostrum,
503 1415 548 1456 P.
570 1414 772 1457 Crassum
791 1416 914 1456 illum
932 1415 1135 1470 Divitem,
1155 1430 1284 1469 quom
1310 1416 1459 1457 multis

1469 518 1522 559 37

1459 586 1524 618 168

119 1475 214 1516 aliis
246 1475 374 1515 rebus
407 1474 646 1529 elegantem
676 1475 895 1515 hominem
920 1477 962 1515 et
990 1477 1187 1515 ornatum
1219 1477 1312 1515 tum
1343 1488 1460 1528 prae-

119 1533 241 1587 cipue
266 1533 312 1573 in
337 1533 417 1574 hoc
443 1533 665 1573 ferendum
693 1536 735 1573 et
756 1533 1015 1573 laudandum
1034 1536 1153 1586 puto7
1179 1532 1304 1587 quod,
1330 1546 1460 1585 quom

65 1608 98 1634 25
118 1590 165 1632 P.
189 1590 416 1632 Scaevolae
442 1590 575 1631 frater
601 1593 724 1644 esset,
756 1591 908 1632 solitus
940 1594 1006 1631 est
1032 1591 1069 1631 ei
1094 1605 1296 1644 persaepe
1323 1590 1460 1631 dicere

116 1664 254 1703 neque
292 1649 413 1690 illum
452 1649 498 1689 in
533 1649 625 1690 iure
659 1648 773 1690 civili
806 1649 910 1690 satis
942 1649 1006 1689 illi
1039 1649 1121 1689 arti
1153 1648 1290 1690 facere
1322 1663 1461 1703 posse,

116 1707 201 1748 nisi
233 1707 399 1748 dicendi
432 1707 598 1761 copiam
630 1707 935 1761 assumpsisset
961 1731 1015 1736 -—
1044 1707 1157 1761 quod
1184 1707 1354 1760 quidem
1379 1706 1462 1761 hie,

119 1766 192 1819 qui
223 1780 390 1806 mecum
423 1765 570 1806 consul
602 1765 702 1819 fuit,
739 1766 852 1806 filius
886 1766 975 1806 eius
1008 1768 1073 1806 est
1105 1768 1359 1807 consecutus
1396 1789 1462 1819 ——7

117 1837 255 1877 neque
294 1838 338 1864 se
377 1827 475 1864 ante
508 1838 657 1864 causas
691 1824 925 1865 amicorum
956 1826 1142 1864 tractare
1175 1826 1302 1878 atque
1335 1837 1460 1878 agere

66 1900 100 1924 30
121 1882 330 1936 coepisse,
371 1896 498 1936 quam
537 1881 604 1922 ius
643 1882 765 1923 civile
809 1882 1037 1923 didicisset.
1100 1881 1210 1929 Quid
1250 1895 1348 1922 vero
1389 1881 1529 1923 1110171

122 1939 213 1992 [Μ.]
249 1938 386 1980 Cato?
435 1954 575 1980 nonne
614 1943 657 1980 et
689 1940 933 1994 eloquentia
964 1942 1085 1981 tanta
1116 1939 1220 1993 fuit,
1257 1942 1461 1993 quantam

118 1998 194 2039 illa
230 2001 424 2051 tempora
462 2001 589 2051 atque
626 1998 702 2038 illa
740 2001 857 2039 aetas
894 1998 941 2038 in
979 1998 1059 2039 hac
1092 1997 1264 2039 civitate
1303 1997 1461 2038 ecferre

120 2056 350 2096 maximam
379 2056 533 2110 potuit,
565 2059 607 2096 et
631 2056 736 2097 iuris
763 2056 899 2098 civilis
928 2056 1118 2097 omnium
1143 2056 1459 2110 peritissimus?

120 2113 412 2155 Verecundius
444 2113 524 2155 hac
551 2114 600 2154 de
627 2129 671 2155 re
697 2115 783 2156 iam
816 2114 974 2155 dudum
1005 2114 1170 2168 loquor,
1202 2114 1316 2168 quod
1342 2114 1461 2154 adest

68 2190 101 2215 35
121 2171 186 2212 vir
225 2172 271 2212 in
311 2171 486 2213 dicendo
530 2187 740 2227 summus,
784 2187 908 2226 quem
950 2186 1029 2227 ego
1070 2187 1202 2213 unum
1247 2175 1461 2213 oratorem

121 2230 304 2271 maxime
331 2230 535 2285 admiror3
567 2231 640 2272 sed
665 2234 810 2272 tamen
830 2231 944 2271 idem
962 2230 1044 2271 hoc
1066 2245 1233 2285 semper
1252 2230 1318 2270 ius
1340 2229 1461 2270 civile

121 2288 390 2342 contempsit.
452 2288 626 2342 Verum,
664 2289 866 2343 quoniam
900 2289 1135 2330 sententiae
1169 2292 1295 2342 atque
1329 2287 1532 2341 Opim-172
