1643 2526
184 127 205 166 1
213 127 267 167 96
692 126 755 160 DE
783 125 1007 161 ORATORE
1639 0 1643 280 Ι

182 221 303 275 alios,
323 220 395 274 qui
414 220 672 276 volneribus,
691 220 811 275 alios,
832 221 904 274 qui
925 221 1059 262 oculis
1080 221 1378 262 mederentur?
1404 220 1522 262 Num

182 279 462 335 geometriam
482 278 659 320 Euclide
685 282 759 320 aut
779 279 1047 332 Archimede,
1076 293 1180 320 num
1206 279 1416 320 musicam
1439 279 1524 320 Da-

182 352 307 378 mone
340 340 415 378 aut
445 337 716 392 Aristoxeno,
752 352 853 378 num
885 338 1002 391 ipsas
1034 337 1201 378 litteras
1232 337 1522 392 Aristophane

183 399 258 437 aut
277 394 539 437 Callimacho
566 398 778 436 tractante
804 399 894 436 tam
916 396 1130 450 discerpta
1153 395 1299 449 fuisse,
1324 399 1373 436 ut
1395 409 1522 437 nemo

184 468 316 509 genus
348 454 594 495 universum
627 454 980 508 complecteretur
1011 457 1139 508 atque
1172 457 1221 494 ut
1253 454 1361 495 alius
1394 453 1522 494 aliam
1540 470 1556 496 5
1603 494 1606 496 ,

116 512 266 553 133sibi
305 515 473 566 partem
512 512 559 553 in
602 526 685 566 qua
728 512 966 553 elaboraret
1010 512 1262 566 seponeret‘?
1311 512 1522 566 Equidem

185 585 309 624 saepe
346 570 427 612 hoc
466 570 607 611 audivi
645 571 694 611 de
731 574 851 624 patre
890 574 932 611 et
964 571 1013 611 de
1046 585 1192 612 socero
1224 584 1319 611 meo
1350 573 1521 611 nostros

185 643 355 683 quoque
381 629 589 683 homines,
615 629 686 682 qui
707 629 909 669 excellere
931 628 1165 682 sapientiae
1193 629 1330 683 gloria
1353 628 1523 682 vellent,

184 687 344 740 omnia,
384 701 489 740 quae
522 687 693 740 quidem
724 690 816 727 tum
847 687 952 728 haec
985 687 1134 728 civitas
1166 690 1333 740 nosset,
1371 687 1521 727 solitos

183 759 275 786 esse
309 745 544 799 complecti.
594 744 878 786 Meminerant
903 745 967 785 illi
995 744 1086 785 Sex.
1106 745 1296 800 Aelium3
1327 744 1394 785 Μ’.
1420 759 1520 785 vero
1542 762 1575 787 10

182 803 407 844 Manilium
431 817 510 844 nos
532 803 662 844 etiam
681 803 863 844 vidimus
889 806 1084 844 travorso
1112 803 1402 844 ambulantem
1427 802 1521 843 foro

187 885 235 890 —
269 862 382 915 quod
414 864 505 902 erat
536 860 703 916 insigne
735 876 844 915 eum,
876 861 947 914 qui
978 861 1021 901 id
1052 861 1224 914 faceret,
1255 861 1392 902 facere
1425 861 1523 902 civi-

182 919 262 960 bus
290 920 377 960 suis
405 919 603 960 omnibus
631 919 797 960 consilii
824 919 889 960 sui
915 919 1083 973 copiam
1110 937 1184 977 ——3
1209 919 1261 959 ad
1287 933 1393 972 quos
1421 919 1522 959 olim

184 981 226 1018 et
256 978 318 1018 ita
357 977 616 1018 ambulantis
654 980 696 1018 et
733 977 779 1017 in
819 977 926 1018 solio
968 977 1152 1018 sedentis
1192 977 1306 1025 domi
1347 980 1406 1018 sic
1439 977 1524 1017 adi-

182 1036 328 1089 batur,
370 1050 457 1076 non
507 1036 645 1076 solum
690 1039 738 1075 ut
778 1036 827 1076 de
868 1036 958 1075 iure
998 1035 1112 1076 civili
1151 1036 1203 1076 ad
1242 1049 1332 1089 eos,
1375 1050 1522 1076 verum
1542 1053 1574 1078 15

184 1093 314 1134 etiam
346 1094 395 1134 de
426 1093 516 1134 filia
547 1093 818 1147 conlocanda,
850 1094 899 1134 de
932 1093 1061 1133 fundo
1095 1094 1285 1147 emendo,
1318 1093 1386 1145 [de
1419 1107 1522 1148 agro

185 1151 389 1205 colendo,]
425 1152 474 1192 de
507 1151 623 1192 omni
655 1151 835 1205 denique
868 1154 940 1192 aut
974 1151 1115 1192 officio
1148 1154 1222 1191 aut
1254 1151 1430 1206 negotio
1462 1166 1523 1192 re-

116 1210 377 1251 134ferretur.
439 1209 556 1251 Haec
593 1209 676 1250 fuit
707 1209 751 1249 P.
786 1209 929 1251 Crassi
965 1209 1081 1250 illius
1113 1209 1288 1263 veteris,
1325 1210 1429 1250 haec
1460 1209 1522 1249 Ti.

185 1268 443 1321 Coruncani,
485 1268 590 1308 haec
627 1267 775 1321 proavi
809 1267 952 1322 generi
985 1267 1068 1308 mei
1102 1266 1314 1321 Scipionis
1344 1267 1524 1321 pruden—

184 1326 341 1367 tissimi
366 1325 553 1366 hominis
580 1325 801 1379 sapientia,
827 1326 899 1379 qui
926 1340 1072 1366 omnes
1098 1325 1321 1379 pontifices
1348 1325 1523 1366 maximi
1543 1343 1576 1367 20

183 1384 369 1438 fuerunt,
400 1387 448 1424 ut
479 1384 531 1424 ad
563 1398 635 1424 eos
668 1384 716 1424 de
751 1384 946 1424 omnibus
979 1383 1133 1424 divinis
1167 1386 1293 1437 atque
1323 1383 1522 1424 humanis

183 1442 309 1483 rebus
341 1442 587 1495 referretur3
620 1442 838 1495 eidemque
863 1442 909 1482 in
935 1444 1086 1482 senatu
1111 1445 1154 1482 et
1181 1442 1291 1495 apud
1316 1441 1523 1495 populum

185 1503 226 1541 et
256 1500 302 1540 in
334 1500 472 1541 causis
505 1500 739 1541 amicorum
778 1503 820 1540 et
854 1500 969 1540 domi
1001 1503 1043 1540 et
1079 1500 1259 1540 militia-e
1297 1499 1523 1540 consilium

115 1570 309 1600 135suum
351 1558 561 1612 fidemque
603 1558 892 1611 praestabant.
965 1556 1075 1606 Quid
1119 1557 1230 1598 enim
1273 1556 1329 1597 M.
1369 1557 1523 1598 Catoni

182 1619 352 1670 praeter
376 1616 486 1657 hanc
505 1616 808 1670 politissimam
833 1616 1070 1656 doctrinam
1096 1615 1374 1656 tramarinam
1395 1617 1522 1669 atque
1542 1633 1576 1658 25

184 1674 467 1715 adventicia-m
506 1673 668 1714 defuit?
717 1673 853 1727 Num,
894 1673 993 1726 quia
1034 1673 1101 1714 ius
1144 1673 1265 1714 civile
1307 1673 1523 1727 didicerat,

184 1746 333 1773 causas
376 1746 464 1772 non
504 1731 700 1772 dicebat?
750 1734 824 1772 aut
868 1731 966 1784 quia
1007 1734 1178 1785 poterat
1219 1731 1375 1785 dic-ere,
1416 1731 1522 1772 iuris

184 1790 408 1831 scientiam
444 1789 730 1844 neglegebat?
780 1789 1048 1843 Utroquein
1086 1803 1238 1843 genere
1273 1791 1349 1840 [et]
1384 1789 1523 1830 elabo-

183 1848 294 1889 ravit
326 1850 368 1888 et
398 1847 627 1902 praestitit.
688 1846 804 1887 Num
833 1850 1009 1901 propter
1040 1847 1148 1888 hanc
1175 1861 1225 1888 ex
1256 1847 1523 1901 privatorum

184 1906 370 1961 negotiis
412 1905 636 1947 collectam
678 1905 861 1960 gratiam
899 1905 1061 1946 tardior
1099 1905 1145 1945 in
1180 1920 1225 1946 re
1255 1905 1428 1959 publica
1459 1921 1524 1947 ca-
1543 1923 1577 1948 30

184 1964 392 2018 pessenda
434 1964 546 2005 fuit?
596 1963 734 2004 Nemo
781 1963 892 2017 apud
934 1963 1139 2017 populum
1183 1963 1354 2017 fortior,
1396 1978 1522 2005 nemo

185 2022 336 2062 melior
362 2025 552 2075 senator3
584 2024 626 2062 et
656 2021 770 2062 idem
800 2021 924 2062 facile
957 2021 1144 2074 optimus
1176 2022 1426 2076 imperator3
1457 2022 1525 2063 de-

184 2080 313 2133 nique
335 2080 443 2120 nihil
468 2080 513 2120 in
537 2080 617 2121 hac
638 2079 810 2121 civitate
836 2079 1101 2132 temporibus
1126 2079 1213 2120 illis
1240 2080 1340 2121 sciri
1366 2080 1523 2121 discive

184 2138 344 2192 potuit,
382 2138 495 2190 quod
532 2138 603 2178 ille
634 2152 722 2178 non
753 2152 849 2178 cum
879 2137 1152 2192 investigarit
1182 2141 1225 2178 et
1257 2138 1400 2179 scierit
1431 2141 1524 2179 tum

118 2196 316 2237 136etiam
348 2195 659 2250 conscripserit.
708 2194 833 2236 Nunc
860 2198 1008 2236 contra
1033 2196 1224 2249 plerique
1257 2196 1309 2237 ad
1339 2196 1522 2237 honores
1543 2212 1576 2237 35

188 2254 480 2308 adipiscendos
519 2256 562 2295 et
593 2254 646 2294 ad
676 2268 767 2294 rem
801 2253 1018 2307 publicam
1060 2254 1289 2308 gerendam
1324 2253 1426 2294 nudi
1456 2268 1524 2295 ve-

186 2312 311 2354 niunt
350 2315 477 2366 atque
517 2312 720 2367 inermes,
762 2311 881 2352 nulla
920 2311 1165 2367 cognitione
1205 2326 1364 2366 rerum,
1405 2312 1524 2352 nulla
