1643 2526
101 297 146 330 46

100 648 145 680 47

98 1113 143 1145 48

95 1930 140 1962 49

174 75 230 116 12
685 76 748 110 DE
776 76 1000 111 ORATORE

171 170 331 212 minem
358 171 550 212 omnium
573 171 621 212 in
645 171 835 226 dicendo,
865 174 914 213 ut
939 172 1146 226 ferebant,
1176 186 1441 214 acerrumum
1467 175 1511 214 et

173 229 535 285 copiosissimum3
577 229 836 285 vigebatque
875 230 1043 272 auditor
1072 229 1267 272 Panaetii
1298 231 1413 272 illius
1444 231 1509 272 tui

172 286 450 329 Mnesarchus
490 291 532 329 et
568 287 845 342 Peripatetici
878 288 1057 330 Critolai
1094 288 1318 330 Diodorus.
1380 289 1509 331 Multi

173 349 293 387 erant
324 349 545 400 praeterea
577 347 680 388 clari
710 347 756 387 in
785 346 1060 401 philosophia
1091 350 1133 388 et
1160 348 1338 402 nobiles,
1369 363 1394 389 a
1420 348 1509 402 qui-

171 404 252 445 bus
292 405 490 446 omnibus
527 419 613 446 una
648 420 781 459 paene
814 420 916 447 voce
948 405 1096 459 repelli
1135 408 1348 447 oratorem
1379 421 1403 447 a
1436 420 1545 461 gii-5

171 463 413 504 bernaculis
443 463 667 504 civitatum
698 463 863 505 excludi
895 464 948 504 ab
981 464 1097 504 omni
1129 464 1322 505 doctrina
1352 479 1510 506 rerum-

173 535 253 574 que
280 521 491 562 maiorum
517 521 696 563 scientia
721 537 769 563 ac
794 525 963 563 tantum
994 522 1040 562 in
1064 522 1221 563 iudicia
1247 525 1290 563 et
1316 523 1508 564 contiun-

173 579 289 620 culas
311 582 516 634 tanquam
535 580 581 621 in
601 580 773 634 aliquod
791 580 1022 634 pistrinum
1043 581 1209 621 detrudi
1230 583 1272 622 et
1292 581 1510 636 compingi

172 637 379 679 videbam.
424 637 507 679 Sed
526 652 605 693 ego
632 653 768 692 neque
793 639 878 679 illis
906 639 1171 679 assentiebar
1194 653 1331 693 neque
1356 639 1509 680 harum

171 696 512 750 disputationum
548 697 762 738 inventori
796 700 838 738 et
868 697 1051 751 principi
1081 697 1209 752 longe
1243 697 1433 738 omnium
1463 697 1509 738 in
1529 713 1562 739 10

171 754 347 796 dicendo
381 755 635 809 gravissimo
673 758 716 796 et
746 755 1097 809 eloquentissimo
1128 755 1318 810 Platoni,
1356 756 1507 809 quoius

170 815 262 853 tum
289 812 472 854 Athenis
499 828 597 854 cum
623 813 862 855 Charmada
893 813 1140 868 diligentius
1171 814 1258 868 legi
1285 813 1508 869 Gorgiam3

172 885 255 924 quo
276 871 321 911 in
340 871 451 912 libro
471 871 515 911 in
541 871 623 912 hoc
649 886 845 912 maxume
873 872 1114 912 admirabar
1132 871 1370 927 Platonem,
1395 873 1509 926 quod

170 929 275 969 mihi
303 929 382 981 [in]
412 930 653 970 oratoribus
679 929 904 971 irridendis
926 930 1017 983 ipse
1039 944 1130 971 esse
1151 934 1296 972 orator
1316 945 1506 972 summus

169 987 405 1028 videbatur.
467 987 600 1029 Verbi
638 988 751 1029 enim
789 989 1080 1030 controversia
1115 988 1200 1030 iam
1232 989 1304 1030 diu
1336 992 1508 1044 torquet
1528 1005 1561 1031 15

172 1044 403 1105 Graeculos
434 1046 630 1087 homines
662 1047 948 1088 contentionis
982 1047 1219 1101 cupidiores
1252 1062 1379 1101 quam
1407 1048 1509 1090 veri-

170 1104 285 1145 tatis.
318 1104 460 1145 OEam
493 1105 529 1145 si
561 1105 655 1158 quis
692 1105 805 1146 hunc
846 1105 999 1146 statuit
1035 1120 1127 1146 esse
1166 1108 1397 1160 oratorem,
1435 1106 1507 1160 qui

170 1163 468 1203 tantummodo
505 1163 550 1203 in
589 1163 679 1204 iure
719 1166 793 1204 aut
828 1163 874 1204 in
910 1163 1078 1204 iudiciis
1115 1164 1254 1218 possit
1291 1167 1365 1205 aut
1396 1165 1508 1218 apud

169 1221 376 1274 populum
409 1224 483 1262 aut
506 1221 552 1262 in
579 1224 729 1262 senatu
756 1222 925 1276 copiose
957 1222 1088 1276 loqui,
1119 1225 1263 1263 tamen
1293 1222 1392 1264 huic
1423 1222 1506 1277 ipsi

170 1279 306 1320 multa
343 1279 506 1320 tribuat
544 1283 586 1320 et
624 1280 828 1321 concedat
863 1295 1034 1321 necesse
1073 1283 1148 1321 est.
1209 1280 1359 1334 Neque
1394 1281 1506 1322 enim
1526 1298 1561 1323 20

171 1337 261 1378 sine
300 1338 436 1378 multa
471 1339 806 1392 pertractatione
846 1339 1035 1379 omnium
1067 1353 1207 1380 rerum
1238 1339 1507 1393 publicarum

168 1409 305 1449 neque
338 1395 427 1437 sine
459 1396 603 1451 legum
635 1411 804 1437 morum
839 1397 944 1438 iuris
978 1397 1156 1438 scientia
1185 1412 1321 1451 neque
1352 1401 1508 1439 natura

168 1453 392 1495 hominum
422 1454 646 1509 incognita
677 1470 725 1496 ac
752 1455 941 1496 moribus
968 1456 1013 1495 in
1037 1455 1090 1496 iis
1115 1455 1221 1509 ipsis
1247 1456 1373 1497 rebus
1401 1456 1505 1498 satis

169 1512 319 1553 callide
339 1513 499 1554 versari
520 1516 562 1554 et
587 1513 723 1567 perite
748 1513 1034 1567 potesthui
1059 1517 1202 1554 autem
1228 1514 1332 1555 haec
1353 1528 1506 1569 cogno-

168 1570 295 1625 verit,
336 1571 425 1611 sine
464 1572 619 1624 quibus
655 1586 708 1612 ne
747 1572 822 1612 illa
863 1572 1033 1625 quidem
1070 1572 1246 1612 minima
1282 1572 1328 1612 in
1365 1572 1503 1614 causis
1525 1588 1560 1615 25

171 1629 396 1681 quisquam
427 1632 541 1669 recte
574 1629 685 1670 tueri
715 1632 872 1683 potest,
906 1630 1006 1682 quid
1036 1629 1134 1671 huic
1167 1631 1314 1671 abesse
1345 1631 1506 1685 poterit

168 1687 218 1727 de
250 1687 532 1728 maximarum
563 1702 705 1728 rerum
737 1687 942 1729 scientia?
981 1687 1057 1728 Sin
1089 1688 1270 1729 oratoris
1302 1688 1410 1730 nihil
1440 1689 1504 1731 vis

168 1759 259 1785 esse
296 1745 381 1785 nisi
419 1745 654 1799 composite
694 1749 841 1787 ornate
880 1746 1050 1800 copiose
1088 1746 1224 1801 loqui,
1267 1761 1424 1801 quaero
1461 1748 1505 1789 id

166 1803 308 1857 ipsum
340 1803 412 1856 qui
443 1804 581 1857 possit
613 1804 782 1857 assequi
808 1804 897 1845 sine
923 1819 973 1845 ea
997 1804 1175 1846 scientia
1201 1819 1328 1858 quam
1356 1806 1393 1847 ei
1417 1820 1505 1847 non

167 1861 429 1903 conceditis?
478 1862 658 1903 Dicendi
690 1862 802 1903 enim
832 1862 987 1917 virtus,
1022 1863 1106 1903 nisi
1138 1863 1175 1904 ei
1208 1863 1280 1917 qui
1313 1863 1424 1905 dicet
1455 1879 1504 1905 ea
1522 1881 1558 1908 30

168 1933 275 1973 quae
308 1920 419 1961 dicet
455 1924 656 1974 percepta
695 1924 811 1975 sunt,
849 1924 991 1961 extare
1028 1936 1114 1962 non
1150 1925 1305 1975 potest.
1367 1922 1503 1971 Quam

168 1978 222 2018 ob
248 1992 350 2032 rem,
383 1978 418 2018 si
451 1982 598 2019 ornate
631 1979 800 2020 locutus
833 1982 910 2033 est,
942 1979 1052 2020 sicut
1083 1982 1126 2020 et
1156 1980 1292 2021 fertur
1323 1983 1366 2021 et
1397 1981 1503 2022 mihi

166 2035 352 2089 videtur,
390 2036 592 2090 physicus
632 2037 703 2078 ille
740 2037 1031 2091 Democritus,
1071 2038 1270 2079 materies
1309 2039 1385 2079 illa
1420 2038 1503 2080 fuit

165 2093 346 2147 physici,
380 2095 428 2135 de
456 2109 539 2148 qua
565 2095 683 2149 dixit,
716 2098 890 2136 ornatus
916 2110 1015 2136 vero
1040 2096 1132 2149 ipse
1158 2098 1386 2137 verborum
1413 2110 1502 2137 ora-

167 2152 274 2193 toris
306 2153 520 2206 putandus
553 2156 629 2194 est.
679 2154 749 2208 Et,
781 2153 817 2194 si
843 2153 966 2194 Plato
1000 2155 1048 2195 de
1074 2155 1200 2195 rebus
1227 2155 1279 2196 ab
1307 2155 1501 2196 civilibus
1521 2171 1557 2198 35

167 2211 469 2252 controversiis
501 2211 800 2252 remotissimis
833 2212 1036 2254 divinitus
1070 2216 1134 2253 est
1165 2213 1351 2268 locutus,
1389 2213 1502 2267 quod

165 2282 246 2324 ego
279 2269 482 2325 conced03
519 2270 555 2311 si
585 2269 687 2311 item
720 2269 995 2326 Aristoteles,
1027 2271 1063 2312 si
1094 2271 1435 2327 Theophrastus,
1465 2270 1503 2313 si
