1643 2526
357 85 500 120 LIBER
524 85 567 122 Π.
619 85 718 121 CAP.
747 89 895 121 10-11.
935 90 954 129 g
980 89 1129 122 38—45.
1359 86 1412 127 77

195 179 396 234 Sequitur
432 181 584 236 igitur,
623 181 824 235 quoniam
860 181 985 222 nobis
1024 185 1090 223 est
1120 181 1208 237 hic,
1246 181 1295 222 de
1329 195 1413 235 quo

75 239 309 294 loquimur,
350 239 396 280 in
435 239 528 280 foro
568 242 694 293 atque
733 239 814 291 [in]
854 240 988 281 oculis
1021 240 1178 281 civium
1210 240 1415 281 constitu-

77 298 222 352 endus,
253 300 301 338 ut
331 298 550 339 videamus
578 298 679 352 quid
705 298 743 338 ei
774 298 938 352 negotii
965 299 1111 339 demus
1139 298 1290 352 cuique
1317 313 1414 339 eum

76 356 242 397 muneri
273 356 452 397 velimus
485 371 576 397 esse
607 356 910 410 praepositum.
960 355 1072 397 Nam
1099 355 1278 398 Crassus
1309 356 1415 411 heri,

41 430 58 456 5
79 428 207 468 quom
234 429 322 468 vos,
353 413 503 456 Catule
529 418 572 455 et
598 413 765 469 Caesar,
794 429 882 456 non
908 414 1125 469 adessetis,
1152 415 1299 469 posuit
1324 415 1415 456 bre-

76 473 185 514 viter
215 472 261 513 111
293 473 396 514 artis
429 473 730 515 distributione
761 473 874 514 idem
900 473 1013 527 quod
1040 472 1191 515 Graeci
1222 473 1413 528 plerique

75 534 310 585 posuerunt
348 546 485 585 neque
524 546 624 572 sane
657 531 758 586 quid
788 532 879 586 ipse
912 531 1091 572 sentiret
1123 532 1196 573 sed
1228 532 1328 585 quid
1360 532 1413 572 ab

75 589 160 630 illis
188 590 398 631 diceretur
425 590 628 631 ostendit:
661 591 742 631 duo
768 590 908 644 prima
933 604 1089 645 genera
1115 590 1414 644 quaestionum

77 662 181 702 esse,
211 648 257 688 in
288 648 442 702 quibus
474 648 718 702 eloquentia
748 652 1002 702 versaretur,
1035 663 1167 689 unum
1196 648 1414 689 infinitum

25 723 57 748 ιο
78 706 258 747 alterum
290 710 464 748 certum.
525 707 749 748 Infinitum
785 707 891 748 mihi
922 707 1147 748 videbatur
1182 706 1226 747 id
1264 706 1415 760 dicere,

75 764 121 805 in
153 779 236 818 quo
271 765 431 819 aliquid
463 765 699 820 generatim
731 768 1017 820 quaereretur,
1047 765 1129 807 hoc
1155 765 1299 806 modo:
1331 765 1414 806 Ex-

74 823 310 877 petendane
337 827 449 864 esset
475 824 747 878 eloquentia?
780 824 1057 878 expetendine
1083 823 1298 864 honores?
1330 838 1415 864 cer-

75 885 169 922 tum
201 884 356 936 autem,
385 882 431 922 in
456 896 540 936 quo
567 882 668 936 quid
692 882 738 922 in
761 882 955 936 personis
989 885 1031 923 et
1064 882 1143 934 [in]
1179 881 1415 923 constituta

76 954 122 980 re
154 942 197 981 et
228 940 401 981 definita
433 944 724 995 quaereretur3
769 940 887 982 cuius
926 940 1042 981 modi
1075 943 1192 994 sunt,
1231 954 1337 995 quae
1369 940 1415 980 in

25 1014 57 1039 15
77 998 171 1039 foro
211 1001 338 1052 atque
374 998 420 1039 in
457 999 613 1040 civium
651 999 789 1040 causis
828 998 1295 1053 disceptationibusque
1327 1012 1415 1039 ver-

78 1059 237 1097 santur.
298 1057 364 1097 Ea
400 1057 507 1097 mihi
538 1057 736 1098 videntur
773 1060 848 1098 aut
883 1057 928 1097 in
965 1057 1040 1098 lite
1074 1057 1233 1098 oranda
1265 1059 1338 1097 aut
1369 1056 1415 1096 in

78 1114 257 1156 consilio
290 1115 427 1155 dando
459 1130 551 1156 esse
584 1116 738 1169 posita.
800 1114 914 1156 Nam
942 1115 1051 1156 illud
1081 1115 1271 1169 tertium,
1303 1115 1416 1168 quod

78 1176 121 1214 et
146 1187 170 1214 a
196 1172 350 1215 Crasso
376 1176 541 1215 tactum
567 1176 632 1214 est
657 1177 711 1228 et,
741 1176 790 1214 ut
823 1174 962 1229 audio,
995 1174 1102 1226 [ille]
1133 1174 1226 1228 ipse
1249 1173 1416 1214 Aristo-

77 1231 196 1286 teles,
228 1231 300 1286 qui
331 1232 436 1273 11000
467 1232 651 1273 maxime
682 1232 942 1286 inlustravit,
979 1232 1185 1286 adiunxit,
1216 1231 1346 1272 etiam
1379 1231 1415 1272 si

26 1304 59 1331 20
80 1304 186 1344 opus
225 1293 307 1344 est,
346 1290 487 1331 minus
526 1293 591 1331 est
628 1293 772 1331 tamen
810 1291 1108 1332 necessarium.
1171 1289 1415 1338 Quidnam?

78 1347 218 1401 inquit
251 1346 447 1403 Catulus,
486 1363 540 1388 an
569 1348 866 1389 laudationes?
915 1348 965 1389 Id
1003 1349 1115 1389 enim
1153 1348 1275 1389 video
1313 1347 1416 1401 poni

81 1420 213 1461 genus
245 1406 432 1446 tertium.
493 1406 574 1460 Ita,
603 1406 744 1460 inquit
770 1406 997 1460 Antonius,
1029 1410 1071 1447 et
1097 1407 1143 1446 in
1168 1420 1218 1447 eo
1245 1406 1416 1459 quidem

81 1478 232 1519 genere
266 1464 354 1505 scio
380 1467 423 1505 et
449 1479 515 1505 me
548 1468 590 1505 et
623 1479 781 1518 omnes,
813 1465 885 1519 qui
912 1465 1150 1517 adfuerunt,
1182 1464 1414 1505 delectatos

80 1537 171 1563 esse
206 1522 485 1576 vehementer,
518 1537 647 1577 quom
680 1538 704 1563 a
735 1526 777 1564 te
811 1526 875 1564 est
906 1522 1074 1577 Popilia
1106 1525 1243 1563 mater
1274 1525 1417 1562 vestra

27 1597 61 1623 25
80 1581 265 1635 laudata,
297 1581 364 1622 0111
394 1581 581 1635 primum
612 1581 780 1622 mulieri
811 1581 924 1622 hunc
955 1581 1162 1621 honorem
1192 1580 1239 1621 in
1268 1583 1418 1621 nostra

81 1639 253 1680 civitate
284 1639 496 1680 tributum
526 1642 643 1693 puto.
707 1638 789 1680 Sed
819 1653 907 1680 non
938 1639 1092 1693 omnia,
1127 1653 1416 1693 quaecumque

79 1697 312 1751 loquimur,
355 1697 461 1738 mihi
503 1697 702 1738 videntur
746 1698 798 1738 ad
838 1700 974 1738 artem
1015 1700 1057 1738 et
1099 1698 1151 1738 ad
1190 1700 1418 1751 praecepta

81 1770 172 1796 esse
196 1756 444 1796 revocanda.
493 1755 560 1796 Ex
584 1756 638 1796 iis
664 1755 778 1796 enim
802 1755 1008 1810 fontibus,
1038 1756 1148 1796 unde
1177 1755 1248 1805 [ad
1275 1755 1417 1805 omnia

83 1815 350 1866 ornamenta]
383 1813 550 1855 dicendi
580 1817 808 1868 praecepta
839 1817 1078 1867 sumuntur,
1107 1813 1256 1854 licebit
1288 1813 1418 1854 etiam

28 1888 63 1914 30
80 1872 373 1913 laudationem
416 1886 565 1913 ornare
608 1886 744 1926 neque
792 1872 867 1913 illa
911 1872 1120 1913 elementa
1169 1871 1419 1926 desiderare,

83 1944 189 1983 quae
221 1933 270 1970 ut
300 1944 425 1970 nemo
457 1930 618 1984 tradat,
657 1930 751 1984 quis
784 1934 849 1972 est
881 1930 954 1984 qui
983 1930 1148 1971 nesciat
1180 1944 1286 1984 quae
1319 1933 1420 1971 sunt

81 1988 128 2028 in
169 1987 341 2028 homine
383 1988 623 2029 laudanda?
678 1988 838 2029 Positis
883 1988 995 2029 enim
1038 1988 1090 2028 iis
1123 1988 1269 2042 rebus,
1313 2002 1418 2041 quas

84 2044 262 2087 Crassus
287 2046 334 2086 in
356 2046 474 2087 illius
501 2047 707 2087 orationis
734 2061 847 2100 suae,
879 2061 1007 2100 quam
1033 2049 1183 2087 contra
1209 2046 1419 2100 collegam

84 2118 234 2145 censor
259 2104 423 2158 habuit,
447 2104 657 2159 principio
684 2104 808 2145 dixit:
841 2104 973 2169 Quae
998 2107 1182 2145 natura
1209 2107 1293 2145 aut
1318 2104 1419 2145 for-

30 2178 65 2204 35
83 2165 206 2203 tuna
237 2162 479 2203 darentur
509 2163 821 2216 hominibus,
850 2163 903 2203 in
933 2162 997 2203 118
1029 2163 1179 2203 1010118
1207 2177 1256 2203 80
1282 2162 1418 2204 vinci

82 2234 230 2274 posse
263 2220 427 2261 animo
461 2235 617 2274 aequo
655 2221 794 2286 pati,
821 2235 944 2275 quae
981 2220 1084 2275 ipsi
1123 2221 1222 2261 sibi
1260 2220 1418 2261 homi-

83 2292 169 2320 nes
207 2293 386 2333 parare
426 2282 655 2334 possent,
693 2279 745 2319 in
783 2278 848 2319 iis
890 2279 1039 2320 rebus
1082 2293 1130 2320 se
1171 2278 1279 2333 pati
1320 2291 1419 2318 non

1439 191 1483 222 41

1441 1066 1484 1097 43

1434 1384 1482 1424 11

1441 1451 1487 1481 44

1443 1765 1486 1796 45
