1643 2526
355 94 499 128 LIBER
523 94 585 129 ΠΙ.
636 94 734 129 CAP.
763 98 910 130 15-16.
950 99 968 137 ἓ
996 98 1144 130 54—60.
1341 96 1419 136 177

80 191 212 232 renda
248 192 291 231 et
326 189 624 245 investiganda
661 191 882 231 duxerunt.
944 189 1057 231 Nam
1088 193 1210 232 vetus
1251 191 1421 244 quidem

80 249 156 290 illa
193 248 387 290 doctrina
424 249 570 289 eadem
607 249 774 290 videtur
806 252 848 289 et
879 252 993 290 recte
1025 249 1208 290 faciendi
1241 253 1283 290 et
1314 250 1421 290 bene

81 307 248 349 dicendi
286 306 511 362 magistra3
553 321 689 361 neque
728 307 907 348 diiuncti
945 308 1159 362 doctores,
1200 308 1274 349 sed
1309 308 1422 349 idem

82 369 202 407 erant
234 365 401 406 vivendi
434 369 730 420 praeceptores
763 368 890 419 atque
923 366 1101 421 dicendi,
1132 369 1179 407 ut
1210 366 1284 407 ille
1310 367 1421 421 apud

45 440 62 466 5
81 424 318 465 Homerum
343 423 548 478 Phoenix,
580 424 652 478 qui
679 439 722 465 se
749 439 773 465 a
798 424 925 465 Peleo
951 428 1072 479 patre
1093 424 1253 466 Achilli
1279 425 1422 466 iuveni

81 483 283 524 comitem
321 496 412 523 esse
450 483 597 523 datum
628 482 731 524 dicit
762 483 815 524 ad
846 483 1025 538 bellum,
1063 487 1111 524 ut
1146 484 1301 535 [illum]
1336 483 1423 524 effi-

81 544 196 582 ceret
246 544 501 582 oratorem
549 541 817 583 verborum
869 545 1194 595 actoremque
1245 557 1420 583 rerum.

82 598 165 641 Sed
200 602 250 640 ut
281 599 475 640 homines
515 600 661 640 labore
702 600 874 641 assiduo
916 603 957 641 et
996 601 1210 641 cotidiano
1250 601 1422 654 assueti,

82 673 177 700 oum
209 658 478 712 tempestatis
506 672 634 699 causa
661 672 785 712 opere
808 658 1104 714 prohibentur,
1137 660 1189 700 ad
1220 659 1351 713 pilam
1379 674 1422 700 se

29 733 62 758 10
82 719 156 758 aut
188 717 241 757 ad
272 717 382 757 talos
415 719 489 757 aut
522 717 573 757 ad
605 719 788 758 tesseras
828 717 1052 758 conferunt
1084 721 1158 758 aut
1190 718 1321 758 etiam
1351 731 1424 758 no-

81 790 182 816 vum
219 775 301 815 sibi
338 774 422 828 ipsi
460 775 646 828 aliquem
678 775 926 830 excogitant
956 776 1002 816 in
1035 776 1123 817 otio
1156 777 1321 830 ludum,
1363 775 1423 817 sie

79 833 144 874 illi
176 848 200 874 a
231 833 417 888 negotiis
455 833 638 887 publicis
678 837 882 888 tanquam
914 835 966 875 ab
1000 849 1125 888 opere
1158 838 1232 876 aut
1262 838 1424 888 tempo-

81 892 200 932 ribus
232 892 392 933 exclusi
425 895 498 932 aut
524 892 743 933 voluntate
771 907 847 933 sua
872 892 1016 933 feriati
1042 896 1159 934 totos
1192 908 1236 934 se
1270 893 1342 933 alii
1372 894 1423 934 ad

80 954 243 1005 poetaS‚
276 950 348 991 alii
380 950 432 990 ad
465 953 717 1005 geometras,
749 950 821 991 alii
848 951 900 991 ad
926 951 1111 992 musicos
1139 952 1424 1005 contulerunt,

29 1025 62 1050 15
82 1008 154 1050 3111
187 1009 334 1063 01313111,
373 1012 422 1049 1113
454 1009 683 1063 (11310013101,
719 1023 879 1050 novum
911 1009 994 1050 sibi
1027 1010 1109 1064 ipsi
1143 1010 1332 1050 studium
1364 1010 1424 1050 lu-

82 1068 264 1120 dumque
290 1070 547 1121 pepererunt
572 1067 771 1120 atquefin
796 1068 862 1108 his
890 1068 1066 1122 artibus,
1098 1083 1204 1121 quae
1231 1071 1423 1122 repertae

81 1128 193 1179 sunt,
223 1128 271 1166 ut
296 1139 528 1179 puerorum
554 1129 716 1166 mentes
744 1126 796 1166 ad
822 1126 1134 1167 humanitatem
1160 1127 1437 1182 fingerentur}

80 1187 208 1237 atque
234 1183 450 1237 virtutem,
482 1198 606 1225 omne
638 1187 808 1238 tempus
841 1188 968 1238 atque
1001 1188 1163 1226 aetates
1197 1200 1295 1226 suas
1328 1200 1423 1226 0011-

82 1245 365 1296 sumpserunt.
429 1241 511 1283 Sed
543 1243 655 1296 quod
682 1246 802 1283 erant
829 1243 1002 1296 quidam
1033 1243 1148 1297 iique
1180 1243 1318 1297 multi,
1350 1244 1423 1297 qui

29 1318 62 1342 20
83 1303 156 1341 aut
186 1301 231 1340 in
262 1315 306 1341 re
338 1300 510 1354 publica
540 1304 716 1354 propter
749 1301 991 1355 ancipitem,
1024 1316 1142 1355 quae
1161 1316 1248 1342 non
1279 1305 1424 1356 potest

82 1373 173 1400 esse
207 1359 409 1412 seiuncta,
439 1358 621 1400 faciendi
648 1359 895 1412 dicendique
923 1360 1178 1413 sapientiam
1210 1359 1424 1414 florerent,

80 1420 129 1457 ut
160 1416 481 1471 Themistocles,
519 1420 567 1458 ut
598 1416 796 1471 Pericles,
833 1420 882 1458 ut
913 1417 1211 1472 Theramenes,
1244 1421 1317 1459 aut
1350 1419 1422 1471 qui

81 1475 221 1516 minus
265 1475 348 1529 ipsi
389 1475 433 1515 in
473 1489 516 1516 re
556 1475 729 1529 publica
769 1479 1058 1529 versarentur,
1099 1476 1172 1517 sed
1210 1479 1258 1516 ut
1295 1476 1422 1517 huius

80 1537 226 1574 tamen
257 1533 444 1574 eiusdem
477 1533 710 1587 sapientiae
742 1534 937 1575 doctores
970 1537 1125 1589 essent,
1156 1537 1205 1575 ut
1238 1534 1420 1589 Gorgias

29 1608 62 1634 25
81 1591 423 1646 Thrasymachus
460 1591 691 1646 Isocrates,
733 1592 896 1633 inventi
934 1596 1033 1633 sunt
1071 1592 1162 1647 qui,
1205 1608 1301 1634 cum
1339 1593 1422 1647 ipsi

53 1661 56 1665 ’
83 1650 276 1691 doctrina
307 1653 349 1691 et
379 1649 564 1704 ingeniis
597 1650 879 1705 abundarent,
924 1666 948 1691 a
978 1665 1023 1691 re
1057 1654 1200 1692 autem
1233 1651 1346 1692 civili
1380 1655 1422 1692 et

82 1723 107 1749 a
136 1708 323 1763 negotiis
368 1708 499 1749 animi
543 1709 727 1762 quodam
769 1709 928 1750 iudicio
974 1709 1270 1763 abhorrerent,
1314 1710 1421 1750 hanc

82 1766 247 1808 dicendi
267 1766 614 1808 exercitationem
641 1767 908 1822 exagitarent
935 1770 1063 1821 atque
1085 1771 1423 1822 contemnerent,

83 1839 265 1878 quorum
294 1824 491 1879 princeps
520 1824 717 1866 Socrates
748 1825 849 1879 fuit3
881 1826 930 1880 is,
963 1827 1035 1879 qui
1068 1826 1258 1866 omnium
1286 1827 1421 1867 erudi-

30 1900 63 1924 30
82 1885 226 1923 torum
256 1882 504 1924 testimonio
531 1884 749 1937 totiusque
776 1884 934 1925 iudicio
963 1883 1165 1925 Graeciae
1199 1899 1293 1925 011111
1326 1900 1423 1938 pru-

82 1941 226 1981 dentia
258 1944 300 1981 et
331 1942 522 1982 acumine
550 1945 592 1982 et
618 1945 840 1983 venustate
868 1945 910 1983 et
937 1942 1177 1983 subtilitate
1204 1945 1297 1983 tum
1323 1957 1422 1983 vero

82 1999 326 2052 eloquentia
350 1999 555 2040 varietate
582 2000 716 2054 copia,
748 2015 875 2054 quam
902 2015 945 2041 se
974 2015 1155 2054 cumque
1187 2001 1232 2041 in
1256 2004 1423 2055 partem

82 2057 279 2111 dedisset,
306 2057 495 2098 omnium
514 2058 597 2098 fuit
616 2058 740 2099 facile
766 2059 975 2113 princeps,
999 2058 1053 2099 iis
1075 2059 1147 2112 qui
1172 2059 1288 2113 haec,
1315 2074 1422 2112 quae

80 2129 194 2161 nune
218 2129 296 2156 nos
324 2115 578 2170 quaerimus,
610 2119 845 2158 tractarent
876 2120 1052 2172 agerent
1081 2117 1294 2171 docerent,
1326 2132 1421 2158 cum

29 2189 63 2214 35
81 2174 253 2214 nomine
285 2173 601 2227 appellarentur
632 2189 728 2228 uno,
762 2175 873 2228 quod
907 2175 1044 2216 omnis
1075 2190 1217 2216 rerum
1244 2176 1423 2230 optima-

81 2246 177 2272 rum
218 2231 407 2286 cognitio
449 2234 576 2285 atque
615 2233 660 2273 in
702 2233 755 2273 iis
797 2233 1045 2274 exercitatio
1090 2232 1422 2287 philosophia

81 2289 384 2343 nominaretur,
409 2289 490 2331 hoe
517 2304 738 2332 commune
764 2305 920 2332 nomen
940 2292 1095 2346 eripuit
1123 2292 1420 2345 sapienterque

153 2363 221 2389 010.
241 2364 264 2389 1.
286 2365 308 2390 2.
1094 2364 1138 2392 12

1449 610 1492 642 58

1475 1140 1492 1185 l

1441 1221 1493 1261 16

1450 1289 1492 1319 59

1450 1836 1493 1867 60
