1643 2526
50 1333 158 1375 ‚37

177 98 262 138 200
687 96 750 130 DE
778 96 1002 131 ORATORE

110 203 173 235 146
293 192 402 233 Tum
434 191 607 234 Caesar:
650 190 814 246 Unum,
843 191 1001 245 inquit,
1032 205 1099 232 me
1131 205 1182 232 ex
1213 193 1288 232 tuo
1321 205 1514 244 sermone

176 251 372 305 maxime,
398 249 562 304 Crasse,
587 250 832 304 commovit,
857 250 971 303 quod
996 263 1093 290 eum
1117 249 1299 304 negasti,
1330 249 1403 303 qui
1427 264 1514 290 non

177 309 263 351 cito
291 309 392 362 quid
418 308 647 362 didicisset,
678 322 866 362 unquam
899 307 1072 348 omnino
1103 322 1229 362 posse
1259 307 1515 362 perdiscere3

175 370 224 408 ut
255 367 360 408 mihi
391 381 479 408 non
510 367 567 408 sit
598 366 769 408 difficile
800 366 1032 420 periclitari
1064 369 1107 407 et
1138 369 1212 407 aut
1244 366 1392 407 statim
1422 380 1514 421 per-

176 425 315 480 cipere
352 425 455 480 ista,
492 439 599 479 quae
636 428 684 466 tu
721 424 861 466 verbis
900 424 952 465 ad
984 424 1148 465 caelum
1180 424 1389 478 extulisti,
1427 427 1547 478 aut,5

177 485 214 524 si
238 498 326 524 non
353 483 578 538 potuerim,
610 486 777 538 tempus
808 497 895 523 non
925 483 1111 537 perdere,
1143 497 1238 524 cum
1270 486 1415 523 tamen
1444 483 1512 523 his

108 542 336 583 147nostris
376 541 539 596 possim
580 556 671 582 esse
713 544 952 583 contentus.
1020 540 1102 582 Hic
1142 539 1373 595 Sulpicius:
1417 541 1512 596 Ego

175 615 294 655 vero,
333 600 491 654 inquit,
529 599 699 653 Crasse,
735 614 871 654 neque
903 598 1183 640 Aristotelem
1214 600 1346 640 istum
1376 613 1513 652 neque

176 657 437 699 Carneadem
479 672 556 699 nec
605 658 961 712 philosophorum
1006 672 1262 711 quemquam
1309 657 1514 712 desidero,

175 717 241 758 vel
273 731 340 758 me
371 717 472 758 licet
503 716 720 765 existimes
751 716 973 770 desperare
1003 716 1089 757 ista
1119 730 1244 771 posse
1275 716 1512 770 perdiscere
1534 728 1566 752 10

175 775 253 829 vel,
284 775 328 815 id
355 775 467 828 quod
492 774 616 828 facio,
647 776 928 815 contemnere.
978 773 1086 814 Mihi
1111 788 1254 815 rerum
1279 774 1513 815 forensium

176 836 219 873 et
250 832 541 874 communium
572 832 759 887 volgaris
797 832 900 873 haec
941 832 1131 887 cognitio
1171 832 1275 873 satis
1314 835 1513 887 magnast

177 891 228 931 ad
255 905 349 931 eain
375 906 502 945 quam
535 893 679 944 specto
713 890 1015 944 eloquentiam3
1049 904 1099 931 ex
1131 905 1214 945 qua
1243 890 1338 944 ipsa
1369 893 1514 932 tamen

174 949 388 1004 permulta
418 948 574 1002 nescio,
607 962 713 1002 quae
740 952 831 989 tum
858 948 1048 1002 denique,
1080 963 1176 990 cum
1206 963 1334 990 causa
1359 948 1514 1003 aliqua,

176 1021 283 1061 quae
316 1022 340 1048 a
370 1021 437 1047 me
470 1007 645 1047 dicenda
677 1010 759 1060 est,
797 1006 1024 1060 desiderat,
1059 1021 1226 1059 quaero.
1289 1006 1426 1055 Quam
1458 1007 1512 1048 ob
1534 1019 1566 1044 15

175 1080 278 1119 rem,
314 1064 397 1105 nisi
428 1064 540 1105 forte
573 1079 616 1105 es
648 1065 734 1105 iam
766 1064 956 1105 defessus
989 1067 1030 1105 et
1064 1065 1100 1105 si
1132 1065 1212 1105 tibi
1243 1079 1330 1105 non
1362 1079 1512 1120 graves

177 1137 336 1177 sumus,
362 1122 472 1163 refer
498 1123 550 1163 ad
574 1123 649 1163 illa
672 1126 726 1176 te,
752 1137 858 1176 quae
880 1123 931 1163 ad
956 1122 1090 1176 ipsius
1113 1123 1318 1164 orationis
1344 1123 1513 1164 laudem

177 1181 526 1235 splendoremque
557 1180 790 1234 pertinent3
822 1195 928 1234 quae
955 1194 1033 1235 ego
1060 1195 1110 1221 ex
1141 1184 1183 1221 te
1216 1181 1360 1222 audire
1385 1181 1514 1235 volui,

175 1253 262 1279 non
287 1242 335 1280 ut
355 1239 622 1292 desperarem
643 1253 709 1279 me
730 1238 1017 1291 eloquentiam
1045 1239 1247 1292 consequi
1272 1254 1410 1294 posse,
1441 1240 1514 1281 sed

175 1300 224 1338 ut
255 1297 415 1350 aliquid
447 1297 716 1337 addiscerem.
1533 1310 1566 1335 20

292 1355 402 1395 Tum
428 1354 626 1397 Crassus:
658 1354 936 1409 Pervolgatas
968 1369 1035 1395 res
1062 1355 1256 1409 requiris,
1287 1355 1439 1410 inquit,
1470 1359 1513 1397 et

108 1400 256 1453 148tibi
281 1427 367 1453 non
392 1413 648 1468 incognitas,
680 1411 853 1466 Sulpici.
904 1412 1007 1460 Quis
1033 1413 1146 1454 enim
1173 1413 1221 1453 de
1247 1413 1332 1454 isto
1359 1427 1512 1468 genere

173 1485 260 1511 non
285 1471 442 1525 docuit,
471 1485 559 1511 non
583 1471 784 1524 instituit,
808 1485 895 1511 non
922 1471 1129 1524 scriptum
1155 1471 1284 1512 etiam
1309 1471 1512 1526 reliquit?

175 1528 257 1570 Sed
295 1543 441 1584 geram
478 1542 641 1569 morem
678 1531 721 1569 et
759 1543 808 1569 ea
845 1529 1084 1581 dumtaxat,
1123 1543 1228 1582 quae
1266 1529 1371 1570 mihi
1408 1533 1512 1571 nota

175 1590 292 1641 sunt,
329 1587 516 1627 breviter
553 1600 762 1641 exponam
800 1586 898 1640 tibi3
941 1587 1122 1627 censebo
1161 1590 1306 1628 tamen
1343 1587 1395 1628 ad
1427 1599 1566 1643 eos,25

175 1644 248 1698 qui
281 1647 475 1685 auctores
508 1647 550 1685 et
584 1644 827 1685 inventores
866 1647 965 1685 sunt
1001 1645 1153 1685 harum
1191 1659 1290 1686 sane
1329 1645 1511 1687 minuta-

106 1713 269 1743 149rum
306 1716 464 1755 rerum,
502 1702 814 1742 revortendum.
878 1702 1027 1742 Omnis
1065 1702 1199 1757 igitur
1237 1703 1374 1745 oratio
1416 1717 1513 1745 con-

173 1760 316 1801 ficitur
347 1774 397 1800 ex
428 1760 587 1813 verbis,
625 1773 806 1813 quorum
836 1759 1022 1813 primum
1052 1760 1177 1801 nobis
1209 1761 1319 1802 ratio
1353 1761 1512 1816 simpli-

174 1818 281 1859 citer
311 1817 491 1858 videnda
522 1820 599 1872 est,
630 1818 778 1858 deinde
811 1817 1047 1858 coniuncte.
1108 1817 1221 1859 Nam
1247 1822 1313 1860 est
1339 1819 1511 1873 quidam

177 1878 353 1916 ornatus
400 1872 625 1929 orationis,
670 1875 741 1929 qui
780 1890 829 1916 ex
867 1875 1047 1930 singulis
1085 1877 1225 1917 verbis
1263 1880 1344 1933 est3
1389 1878 1511 1932 alius,
1531 1896 1566 1921 30

174 1933 246 1987 qui
278 1948 328 1974 ex
355 1934 615 1975 continuatis
650 1933 923 1985 [coniunctis]
958 1937 1138 1975 constat.
1200 1935 1318 1990 Ergo
1350 1935 1513 1977 utimur

173 1991 315 2033 verbis
348 1994 421 2032 aut
452 1991 524 2046 iis,
562 2006 668 2045 quae
705 1992 878 2046 propria
915 1995 1014 2032 sunt
1050 1995 1094 2033 et
1130 1996 1246 2034 certa
1285 1994 1406 2048 quasi
1437 2008 1512 2035 vo—

174 2049 325 2091 cabula
362 2064 522 2104 rerum,
558 2064 692 2103 paene
730 2064 814 2090 una
849 2052 952 2090 nata
984 2064 1080 2091 cum
1111 2051 1237 2092 rebus
1269 2051 1393 2107 ipsis,
1437 2055 1512 2093 aut

172 2107 245 2162 iis,
282 2121 389 2161 quae
429 2108 747 2148 transferuntur
784 2111 827 2148 et
864 2108 986 2161 quasi
1025 2108 1162 2150 alieno
1200 2109 1246 2149 in
1282 2110 1376 2151 loco
1415 2124 1512 2151 con-

106 2166 387 2220 15olocantur3
431 2168 505 2206 aut
534 2166 607 2219 iis,
645 2180 751 2219 quae
782 2180 989 2206 novamus
1022 2169 1064 2207 et
1094 2166 1274 2208 facimus
1306 2167 1400 2222 ipsi.
1460 2167 1511 2208 In
1529 2184 1565 2210 35

173 2223 358 2278 propriis
396 2223 531 2278 igitur
569 2226 633 2264 est
667 2224 843 2275 [verbis]
877 2223 951 2264 illa
986 2224 1078 2265 laus
1121 2225 1322 2279 oratoris,
1361 2228 1410 2266 ut
1441 2226 1511 2266 ab·

172 2282 286 2324 iecta
311 2284 353 2323 et
380 2281 574 2322 obsoleta
597 2281 749 2337 fugiat,
773 2281 895 2323 lectis
922 2284 1048 2336 atque
1073 2283 1328 2324 inlustribus
1353 2286 1512 2338 utatur,
