1643 2526
373 89 517 124 LIBER
540 89 585 124 H.
635 88 736 124 CAP.
764 91 913 124 17—18.
965 91 984 131 ἓ
1011 91 1159 124 70-75.
1376 87 1432 130 85

88 185 225 227 iratus
246 188 321 226 aut
340 184 471 226 etiam
491 184 652 226 amicus
674 184 916 225 adversario
943 186 986 225 et
1010 183 1209 225 inimicus
1237 183 1317 225 tibi
1344 186 1430 234 est3

90 258 220 298 quom
252 246 326 284 aut
357 243 570 284 docendus
607 242 644 284 is
684 245 749 283 est
787 245 861 283 aut
894 242 1161 284 dedocendus
1194 245 1269 283 aut
1299 242 1432 296 repri-

89 302 267 344 mendus
306 304 381 343 aut
416 301 660 342 incitandus
699 303 773 342 aut
811 301 927 341 omni
965 301 1133 342 ratione
1165 301 1217 342 ad
1248 303 1432 355 tempus,

91 362 143 402 ad
187 375 359 402 causam
404 359 596 401 oratione
640 359 923 400 moderandus
966 384 1025 388 -
1072 359 1118 400 in
1168 373 1252 413 quo
1305 373 1430 413 saepe

54 435 71 462 5
89 419 379 460 benivolentia
410 418 463 459 ad
489 418 646 473 odium,
678 417 822 459 odium
848 420 992 459 autem
1019 418 1071 459 ad
1097 417 1431 459 benivolentiam

90 478 380 519 deducendum
405 479 471 518 est
496 494 573 527 —3
606 479 680 518 aut
705 480 912 531 tanquam
937 476 1254 518 machinatione
1287 476 1432 530 aliqua

89 539 183 578 tum
214 536 267 577 ad
299 535 570 577 severitatem
600 537 694 576 tum
727 535 778 576 ad
815 534 1112 576 remissionem
1151 534 1300 589 animi,
1337 537 1431 575 tum

90 595 143 636 ad
185 594 410 635 tristitiam
453 596 547 634 tum
591 594 643 634 ad
690 593 902 634 laetitiam
951 596 1017 634 est
1067 593 1430 647 contorquendus3

92 653 283 694 omnium
326 652 637 693 sententiarum
681 651 911 707 gravitate,
961 651 1152 693 omnium
1202 652 1431 693 verborum

39 727 73 754 ιο
90 711 350 766 ponderibus
381 714 447 752 est
478 711 701 766 utendum3
741 710 914 752 accedat
953 713 1123 764 oportet
1162 711 1274 752 actio
1312 711 1431 751 varia

91 771 317 811 vehemens
349 769 476 823 plena
512 768 661 822 animi,
697 769 824 823 plena
862 768 1058 823 spiritus,
1094 769 1222 823 plena
1259 768 1433 823 doloris,

90 828 217 883 plena
247 828 454 869 veritatis.
514 827 566 868 In
601 827 669 868 his
703 827 902 881 operibus
936 827 971 868 si
1004 827 1098 881 quis
1138 827 1258 868 illam
1295 829 1432 868 artem

92 886 474 941 comprehenderit,
498 888 548 926 ut
572 888 794 940 tamquam
814 885 990 926 Phidias
1016 885 1231 926 Minervae
1259 885 1432 940 signum

93 946 260 986 efficere
291 944 447 999 possit,
484 958 571 985 non
609 958 709 985 sane
748 958 874 997 quem
912 944 965 985 ad
1002 944 1175 984 modum
1210 943 1256 984 in
1294 943 1430 997 clipeo

40 1019 73 1046 15
95 1004 250 1056 [eidem
271 1003 441 1054 artifex]
460 1002 626 1043 minora
644 1002 719 1043 illa
740 1016 870 1056 opera
887 1002 1027 1044 facere
1049 1002 1184 1044 discat
1204 1001 1430 1043 laborabit.

210 1061 319 1103 Tum
363 1060 558 1102 Catulus:
603 1060 695 1109 Quo
739 1060 825 1102 ista
868 1060 1032 1101 maiora
1075 1075 1123 1102 ac
1167 1060 1432 1101 mirabiliora

92 1120 246 1175 fecisti,
278 1135 326 1161 eo
353 1134 420 1160 me
446 1119 584 1160 maior
609 1118 850 1173 expectatio
876 1121 994 1160 tenet
1021 1119 1279 1172 quibusnam
1303 1119 1432 1159 ratio-

91 1179 219 1221 nibus
252 1178 489 1232 quibusque
521 1177 759 1232 praeceptis
798 1192 847 1219 ea
884 1180 1007 1218 tanta
1038 1177 1101 1219 vis
1144 1180 1432 1231 comparetur

92 1252 180 1279 non
199 1252 283 1291 quo
310 1252 404 1278 mea
424 1236 630 1290 quidem
618 1251 706 1277 iam
730 1235 903 1277 intersit
928 1260 986 1264 —
1010 1250 1147 1289 neque
1174 1235 1288 1276 enim
1315 1238 1431 1276 aetas

40 1312 75 1339 20
92 1297 136 1337 id
168 1311 262 1337 mea
293 1295 505 1336 desiderat
535 1298 578 1335 et
610 1294 725 1335 aliud
757 1308 891 1349 genus
918 1295 1131 1348 quoddam
1157 1293 1323 1335 dicendi
1353 1307 1431 1334 nos

94 1354 231 1396 secuti
275 1368 441 1407 sumus,
485 1353 557 1406 qui
598 1367 817 1407 nunquam
861 1353 1094 1394 sententias
1139 1352 1189 1393 dc
1233 1352 1432 1393 manibus

92 1412 282 1454 iudicum
323 1412 366 1453 vi
410 1411 593 1465 quadam
637 1411 844 1452 orationis
892 1411 1149 1451 extorsimus
1195 1425 1243 1451 ac
1286 1410 1431 1464 potius

92 1470 274 1525 placatis
315 1484 462 1511 eorum
502 1469 655 1510 animis
696 1472 884 1524 tantum,
927 1472 1135 1523 quantum
1177 1468 1261 1522 ipsi
1301 1468 1434 1522 patie-

95 1530 265 1583 bantur,
297 1528 536 1582 accepimus
569 1552 627 1556 —
658 1528 731 1568 sed
767 1530 913 1568 tamen
949 1527 1035 1568 ista
1071 1530 1146 1568 tua
1181 1526 1348 1567 nullum
1381 1526 1434 1567 ad

42 1603 76 1630 ‘25
94 1602 220 1629 usum
250 1601 410 1640 meum,
441 1589 610 1627 tantum
642 1585 927 1640 cognoscendi
959 1585 1101 1626 studio
1134 1585 1340 1626 adductus
1372 1599 1435 1625 re-

95 1646 229 1700 quiro.
284 1644 375 1686 Nec
406 1644 513 1685 mihi
545 1658 650 1698 opus
683 1647 748 1685 est
776 1643 938 1685 Graeco
972 1644 1114 1709 aliquo
1148 1643 1335 1697 doctore,
1361 1642 1434 1696 qui

95 1704 200 1745 mihi
225 1703 477 1758 pervolgata
501 1705 731 1757 praecepta
750 1702 961 1757 decantet,
981 1717 1078 1743 cum
1103 1702 1194 1755 ipse
1214 1716 1434 1754 nunquam

94 1762 255 1817 forum,
289 1776 509 1815 nunquam
545 1761 681 1801 ullum
717 1760 923 1802 iudicium
960 1760 1191 1814 aspexerit,
1230 1762 1280 1800 ut
1316 1759 1435 1800 Peri-

95 1821 307 1886 pateticus
333 1820 405 1861 ille
432 1819 587 1861 dicitur
612 1818 830 1873 Phoimio,
856 1833 985 1872 quom
1011 1818 1232 1860 Hannibal
1259 1816 1436 1859 Cartha-

43 1896 77 1920 30
97 1879 195 1935 gine
227 1878 427 1933 expulsus
459 1878 680 1932 Ephesum
719 1878 772 1918 ad
809 1877 1075 1918 Antiochum
1112 1876 1299 1918 venisset
1337 1876 1434 1916 exul

94 1951 256 1992 proque
289 1951 351 1991 eo,
383 1936 495 1990 quod
527 1936 616 1977 eius
647 1949 806 1977 nomen
837 1938 929 1976 erat
960 1949 1117 1990 magna
1149 1934 1261 1989 apud
1294 1934 1433 1975 omnis

97 1996 246 2050 gloria,
270 1994 478 2035 invitatus
505 1997 617 2035 esset
643 1995 695 2035 ab
715 1993 961 2059 hospitibus
984 1994 1084 2048 suis,
1109 1996 1158 2034 ut
1184 2007 1281 2034 eum
1307 2006 1434 2046 quem

96 2054 195 2108 dixi,
219 2053 256 2094 si
280 2053 420 2107 vellet,
440 2052 623 2103 audiret3
651 2067 862 2106 quomque
881 2052 919 2093 is
940 2067 984 2093 se
1004 2066 1092 2093 non
1109 2051 1223 2092 nolle
1245 2051 1435 2105 dixisset,

94 2111 264 2154 locutus
297 2126 388 2152 esse
420 2111 575 2152 dicitur
609 2111 739 2152 homo
779 2110 977 2164 copiosus
1015 2110 1180 2165 aliquot
1215 2110 1344 2150 horas
1383 2109 1433 2149 de

43 2186 77 2213 35
96 2170 264 2224 imperii
297 2169 439 2211 officio
471 2172 514 2210 et
552 2169 601 2210 de
639 2183 684 2210 re
721 2168 911 2210 militari.
971 2168 1098 2222 Tum,
1136 2182 1265 2222 quom
1304 2166 1434 2208 ceteri

97 2229 169 2282 qui
200 2228 323 2269 illum
355 2227 575 2269 audierant
600 2227 873 2268 vehementer
899 2230 1042 2268 essent
1067 2225 1279 2279 delectati,
1311 2239 1435 2278 quae-

96 2287 249 2328 rebant
280 2286 332 2328 ab
365 2285 606 2328 Hannibale
633 2285 834 2339 quidnam
864 2285 956 2340 ipse
988 2285 1038 2326 de
1069 2285 1144 2326 1110
1176 2282 1434 2339 philosopho

1458 662 1500 693 73

1448 1035 1501 1076 18

1459 1103 1503 1135 74

1461 1652 1504 1683 75
