1643 2526
508 100 608 137 CAP.
635 104 784 137 85-86,
834 104 854 143 ξ
880 103 1077 136 290—295.
1377 101 1461 143 301

121 199 325 251 ceptetur,
356 196 467 238 hanc
494 196 576 238 sibi
607 196 749 251 ipsum
780 195 1014 251 detrahere,
1045 195 1106 237 eis
1137 196 1326 237 tribuere
1357 196 1465 237 inlu-

121 256 304 310 dentem,
335 255 408 309 qui
440 270 534 296 eam
566 255 648 296 sibi
674 255 896 310 adrogant,
926 257 975 295 ut
1001 255 1113 309 apud
1137 254 1363 296 Platonem
1390 253 1465 296 So-

121 317 259 356 crates
291 313 337 354 in
368 313 533 355 caelum
565 314 686 354 effert
716 313 914 354 laudibus
946 312 1232 368 Protagoram
1257 312 1463 367 Hippiam

120 372 350 413 Prodicum
383 371 574 427 Gorgian
612 374 794 426 ceteros,
835 385 878 412 se
916 374 1061 412 autem
1099 372 1290 413 omnium
1321 386 1464 413 rerum

85 447 102 473 5
121 431 304 472 inscium
340 430 467 485 fingit
501 434 544 471 et
574 430 732 471 rudem.
794 429 929 471 Decet
960 429 1041 471 hoc
1072 430 1217 471 nescio
1250 431 1463 484 quomodo

119 490 256 543 illum,
279 503 357 530 nec
383 488 586 543 Epicuro,
617 488 690 542 qui
720 488 764 529 id
794 488 1079 543 reprehendit,
1114 488 1336 530 assentior.
1382 487 1465 530 Sed

119 548 166 589 in
201 547 399 600 historia,
444 562 527 601 qua
558 550 605 588 tu
643 561 687 588 es
725 561 826 588 usus
864 547 910 587 in
951 546 1066 587 omni
1111 561 1324 601 sermone,
1368 562 1464 588 cum

122 606 259 660 qualis
293 606 470 660 quisque
510 608 654 646 orator
691 605 844 646 fuisset
876 619 1126 659 exponeres,
1162 605 1257 646 vide
1294 619 1465 659 quaeso,

121 664 274 719 inquit,
304 678 356 705 ne
383 667 472 705 tam
497 663 841 718 reprehendenda
866 664 923 704 sit
953 663 1092 704 ironia
1118 678 1245 717 quam
1276 663 1322 704 in
1346 664 1465 705 testi-

70 739 103 764 10
122 723 278 764 monio.
342 722 544 777 Quorsus,
573 722 761 777 inquam,
791 722 933 763 istuc?
983 736 1070 763 non
1101 722 1214 763 enim
1245 722 1463 777 intellego.

123 781 232 830 Quia
262 781 461 836 primum,
491 781 645 835 inquit,
675 781 738 821 ita
768 780 997 821 laudavisti
1025 781 1231 834 quosdam
1259 783 1533 835 oratores,293

121 843 170 881 ut
201 839 425 894 imperitos
456 853 604 893 posses
635 839 682 879 in
706 853 894 880 errorem
923 839 1132 880 inducere.
1183 839 1395 892 Equidem
1419 839 1465 879 in

123 898 381 952 quibusdam
423 898 559 938 risum
601 897 672 938 vix
716 897 934 952 tenebam,
978 912 1075 938 cum
1117 896 1266 938 Attico
1309 897 1464 951 Lysiae

123 956 331 998 Catonem
380 959 576 997 nostrum
627 956 924 1010 comparabas,
972 969 1177 1010 magnum
1225 955 1465 996 mehercule

70 1031 104 1057 15
122 1015 340 1056 hominem
383 1014 451 1055 vel
492 1014 637 1068 potius
683 1029 897 1055 summum
941 1016 984 1054 et
1025 1014 1286 1068 singularem
1326 1013 1465 1055 virum

128 1098 175 1103 —
210 1087 336 1114 nemo
381 1072 493 1114 dicet
538 1087 658 1114 secus
694 1090 764 1127 —3
808 1072 881 1113 sed
925 1072 1168 1113 oratorem?
1219 1072 1292 1113 sed
1336 1072 1466 1113 etiam

121 1132 276 1186 Lysiae
310 1131 521 1173 similem?
561 1145 643 1185 quo
675 1131 783 1171 nihil
814 1133 959 1185 potest
991 1144 1082 1171 esse
1113 1130 1283 1184 pictius.
1344 1130 1466 1171 Bella

122 1190 272 1245 ironia,
304 1190 340 1231 si
370 1190 627 1244 iocaremur3
664 1189 730 1230 sin
762 1189 1072 1243 adseveramus,
1102 1189 1197 1229 vide
1227 1203 1281 1230 ne
1312 1188 1464 1244 religio
1500 1205 1507 1209 ·

121 1249 248 1290 nobis
280 1251 370 1289 tam
402 1248 641 1288 adhibenda
673 1247 730 1288 sit
762 1262 890 1301 quam
923 1247 958 1288 si
990 1247 1286 1288 testimonium
1312 1247 1467 1288 dicere-

71 1324 104 1349 20
123 1322 229 1348 mus.
289 1306 386 1361 Ego
425 1306 538 1347 enim
570 1304 777 1347 Catonem
815 1309 938 1347 tuum
978 1308 1026 1347 ut
1064 1306 1217 1360 civem,
1259 1308 1308 1346 ut
1345 1315 1534 1347 sena-294

124 1369 281 1420 torem,
322 1367 371 1405 ut
407 1364 729 1418 imperatorem,
771 1367 820 1405 ut
850 1364 989 1405 virum
1027 1363 1208 1418 denique
1240 1378 1337 1405 cum
1368 1379 1466 1418 pru-

125 1424 270 1465 dentia
313 1425 355 1464 et
400 1422 623 1477 diligentia
671 1425 764 1463 tum
815 1422 931 1463 omni
979 1422 1138 1462 virtute
1190 1422 1466 1463 excellentem

123 1482 279 1537 pr·obo
311 1481 525 1522 orationes
552 1483 696 1521 autem
723 1480 812 1521 eius
847 1483 896 1521 ut
926 1480 1013 1521 illis
1045 1480 1312 1534 temporibus
1344 1480 1466 1521 valde

123 1541 251 1581 laudo
284 1564 340 1569 —
373 1539 616 1594 significant
661 1539 773 1579 enim
816 1538 1000 1579 formam
1037 1538 1265 1592 quamdam
1307 1538 1468 1593 ingeni,

72 1615 106 1641 25
126 1599 199 1640 sed
231 1598 459 1640 admodum
489 1597 732 1651 impolitam
764 1599 806 1637 et
837 1597 962 1650 plane
994 1597 1142 1637 rudem
1171 1621 1220 1625 —
1268 1595 1465 1651 Origines

124 1671 225 1698 vero
257 1671 354 1698 cum
393 1655 590 1696 omnibus
631 1655 813 1696 oratoris
853 1654 1051 1695 laudibus
1089 1654 1267 1695 refertas
1306 1654 1466 1696 diceres

126 1719 168 1757 et
206 1714 414 1756 Catonem
454 1729 551 1755 011111
586 1712 771 1754 Philisto
815 1716 857 1754 et
896 1712 1141 1767 Thucydide
1185 1727 1467 1767 comparares,

125 1774 316 1815 Brutone
354 1776 397 1813 te
430 1772 475 1812 id
513 1772 714 1813 censebas
753 1786 807 1812 an
844 1771 949 1811 mihi
987 1771 1299 1825 probaturum?
1351 1770 1466 1819 Quos

127 1832 241 1873 enim
276 1845 328 1872 ne
366 1845 388 1871 e
427 1829 600 1871 Graecis
640 1830 811 1883 quidem
849 1829 1075 1883 quisquam
1111 1829 1274 1869 imitari
1310 1831 1467 1884 potest,

72 1907 108 1932 30
125 1890 193 1931 his
219 1892 267 1930 tu
299 1903 520 1942 comparas
550 1888 768 1929 hominem
794 1887 1082 1928 Tusculanum
1110 1887 1299 1928 nondum
1332 1886 1466 1941 suspi-

127 1951 294 1990 cantem
327 1947 449 2001 quale
481 1949 593 1987 esset
624 1946 794 2001 copiose
827 1949 870 1987 et
901 1948 1049 1986 ornate
1083 1945 1231 1986 dicere.
1283 1944 1465 1986 Galbam

125 2006 285 2048 laudas.
354 2003 399 2045 Si
436 2008 483 2045 ut
519 2004 634 2045 illius
673 2004 825 2045 aetatis
863 2003 1117 2058 principem,
1161 2003 1377 2044 adsentior
1411 2027 1463 2033 —

127 2065 187 2106 sic
219 2063 332 2105 enim
364 2062 602 2117 accepimus
633 2080 705 2117 —3
743 2062 809 2103 sin
833 2066 882 2103 ut
908 2065 1139 2116 oratorem,
1171 2062 1273 2103 cedo
1307 2076 1464 2115 quaeso

128 2122 344 2164 orationes
374 2144 422 2150 -—
453 2124 552 2162 sunt
583 2120 696 2162 enim
725 2145 774 2150 ——
803 2124 846 2161 et
878 2120 943 2161 dic
974 2120 1100 2175 hunc,
1131 2134 1258 2174 quem
1289 2123 1337 2161 tu
1367 2120 1463 2174 plus

75 2198 108 2224 35
128 2196 257 2235 quam
298 2182 341 2220 te
387 2193 521 2233 amaS,
562 2179 747 2220 Brutum
788 2179 895 2220 velle
940 2181 982 2219 te
1025 2178 1100 2219 illo
1144 2179 1270 2219 modo
1315 2177 1464 2218 dicere.

126 2239 290 2280 Probas
321 2237 472 2291 Lepidi
513 2237 737 2278 orationes.
797 2236 979 2278 Paulum
1009 2236 1080 2278 hic
1117 2236 1199 2277 tibi
1238 2235 1465 2288 adsentior,

126 2297 253 2338 modo
284 2296 347 2337 ita
377 2295 535 2350 laudes,
565 2298 615 2336 ut
645 2295 860 2350 antiquas3
893 2295 1005 2348 quod
1035 2295 1140 2336 item
1172 2294 1222 2335 de
1247 2293 1465 2347 Africano,

1481 1922 1535 1963 86

1468 1990 1535 2021 295
