<?xml version="1.0" encoding="UTF-8"?>
<!DOCTYPE html PUBLIC "-//W3C//DTD XHTML 1.0 Transitional//EN"
    "http://www.w3.org/TR/xhtml1/DTD/xhtml1-transitional.dtd">
<html xmlns="http://www.w3.org/1999/xhtml" xml:lang="en" lang="en">
 <head>
  <title>
</title>
<meta http-equiv="Content-Type" content="text/html;charset=utf-8" />
  <meta name='ocr-system' content='tesseract 3.04.00' />
  <meta name='ocr-capabilities' content='ocr_page ocr_carea ocr_par ocr_line ocrx_word'/>
</head>
<body>
  <div class='ocr_page' id='page_1' title='image "./p2scriptaquaemanse01ciceuoft_0533.png"; bbox 0 0 1643 2526; ppageno 0'>
   <div class='ocr_carea' id='block_1_1' title="bbox 76 677 107 701">
    <p class='ocr_par' dir='ltr' id='par_1_1' title="bbox 76 677 107 701">
     <span class='ocr_line' id='line_1_1' title="bbox 76 677 107 701; baseline 0 0"><span class='ocrx_word' id='word_1_1' title='bbox 76 677 107 701; x_wconf 76' lang='lat'>10</span> 
     </span>
    </p>
   </div>
   <div class='ocr_carea' id='block_1_2' title="bbox 75 969 107 994">
    <p class='ocr_par' dir='ltr' id='par_1_2' title="bbox 75 969 107 994">
     <span class='ocr_line' id='line_1_2' title="bbox 75 969 107 994; baseline 0 0"><span class='ocrx_word' id='word_1_2' title='bbox 75 969 107 994; x_wconf 87' lang='lat'>15</span> 
     </span>
    </p>
   </div>
   <div class='ocr_carea' id='block_1_3' title="bbox 74 1262 108 1287">
    <p class='ocr_par' dir='ltr' id='par_1_3' title="bbox 74 1262 108 1287">
     <span class='ocr_line' id='line_1_3' title="bbox 74 1262 108 1287; baseline 0 0"><span class='ocrx_word' id='word_1_3' title='bbox 74 1262 108 1287; x_wconf 80' lang='lat'>20</span> 
     </span>
    </p>
   </div>
   <div class='ocr_carea' id='block_1_4' title="bbox 521 38 1465 81">
    <p class='ocr_par' dir='ltr' id='par_1_4' title="bbox 521 38 1465 81">
     <span class='ocr_line' id='line_1_4' title="bbox 521 38 1465 81; baseline 0.008 -8"><span class='ocrx_word' id='word_1_4' title='bbox 521 38 620 74; x_wconf 84' lang='lat' dir='ltr'>CAP.</span> <span class='ocrx_word' id='word_1_5' title='bbox 647 41 796 74; x_wconf 74' lang='lat'>38—40.</span> <span class='ocrx_word' id='word_1_6' title='bbox 835 42 853 81; x_wconf 65' lang='lat' dir='ltr'>g</span> <span class='ocrx_word' id='word_1_7' title='bbox 876 42 1075 73; x_wconf 73' lang='grc'>13-1-139.</span> <span class='ocrx_word' id='word_1_8' title='bbox 1379 39 1465 81; x_wconf 80' lang='grc'>423</span> 
     </span>
    </p>
   </div>
   <div class='ocr_carea' id='block_1_5' title="bbox 125 133 1536 1535">
    <p class='ocr_par' dir='ltr' id='par_1_5' title="bbox 125 133 1467 189">
     <span class='ocr_line' id='line_1_5' title="bbox 125 133 1467 189; baseline -0.001 -13"><span class='ocrx_word' id='word_1_9' title='bbox 125 134 367 189; x_wconf 88' lang='lat' dir='ltr'>impedierit</span> <span class='ocrx_word' id='word_1_10' title='bbox 393 134 645 188; x_wconf 68' lang='lat' dir='ltr'>scriptorem</span> <span class='ocrx_word' id='word_1_11' title='bbox 671 148 755 188; x_wconf 90' lang='lat' dir='ltr'>quo</span> <span class='ocrx_word' id='word_1_12' title='bbox 784 134 925 175; x_wconf 89' lang='lat' dir='ltr'>minus</span> <span class='ocrx_word' id='word_1_13' title='bbox 958 133 1172 188; x_wconf 85' lang='lat' dir='ltr'>exciperet</span> <span class='ocrx_word' id='word_1_14' title='bbox 1202 134 1321 188; x_wconf 88' lang='lat' dir='ltr'>illud,</span> <span class='ocrx_word' id='word_1_15' title='bbox 1353 135 1467 188; x_wconf 90' lang='lat' dir='ltr'>quod</span> 
     </span>
    </p>

    <p class='ocr_par' dir='ltr' id='par_1_6' title="bbox 127 192 1467 247">
     <span class='ocr_line' id='line_1_6' title="bbox 127 192 1467 247; baseline -0.001 -13"><span class='ocrx_word' id='word_1_16' title='bbox 127 193 411 247; x_wconf 81' lang='lat' dir='ltr'>adversarius,</span> <span class='ocrx_word' id='word_1_17' title='bbox 448 196 668 246; x_wconf 86' lang='lat' dir='ltr'>tamquam</span> <span class='ocrx_word' id='word_1_18' title='bbox 701 193 737 234; x_wconf 93' lang='lat' dir='ltr'>si</span> <span class='ocrx_word' id='word_1_19' title='bbox 769 195 993 246; x_wconf 82' lang='lat' dir='ltr'>exceptum</span> <span class='ocrx_word' id='word_1_20' title='bbox 1025 196 1156 246; x_wconf 89' lang='lat' dir='ltr'>esset,</span> <span class='ocrx_word' id='word_1_21' title='bbox 1192 192 1255 233; x_wconf 92' lang='lat' dir='ltr'>ita</span> <span class='ocrx_word' id='word_1_22' title='bbox 1287 207 1330 233; x_wconf 91' lang='lat' dir='ltr'>se</span> <span class='ocrx_word' id='word_1_23' title='bbox 1363 192 1467 234; x_wconf 87' lang='lat' dir='ltr'>dicit</span> 
     </span>
    </p>

    <p class='ocr_par' dir='ltr' id='par_1_7' title="bbox 125 250 1536 1358">
     <span class='ocr_line' id='line_1_7' title="bbox 128 250 1536 306; baseline -0.001 -13"><span class='ocrx_word' id='word_1_24' title='bbox 128 252 350 293; x_wconf 75' lang='lat' dir='ltr'>secutum?</span> <span class='ocrx_word' id='word_1_25' title='bbox 400 250 558 292; x_wconf 90' lang='lat' dir='ltr'>Utetur</span> <span class='ocrx_word' id='word_1_26' title='bbox 592 251 794 305; x_wconf 84' lang='lat' dir='ltr'>exemplis</span> <span class='ocrx_word' id='word_1_27' title='bbox 826 251 898 306; x_wconf 87' lang='lat' dir='ltr'>iis,</span> <span class='ocrx_word' id='word_1_28' title='bbox 937 251 1091 304; x_wconf 88' lang='lat' dir='ltr'>quibus</span> <span class='ocrx_word' id='word_1_29' title='bbox 1123 251 1234 292; x_wconf 90' lang='lat' dir='ltr'>idem</span> <span class='ocrx_word' id='word_1_30' title='bbox 1268 251 1536 306; x_wconf 81' lang='lat' dir='ltr'>scriptor,135</span> 
     </span>
     <span class='ocr_line' id='line_1_8' title="bbox 127 309 1467 366; baseline -0.001 -15"><span class='ocrx_word' id='word_1_31' title='bbox 127 314 213 365; x_wconf 86' lang='lat' dir='ltr'>aut,</span> <span class='ocrx_word' id='word_1_32' title='bbox 245 311 281 351; x_wconf 90' lang='lat' dir='ltr'>si</span> <span class='ocrx_word' id='word_1_33' title='bbox 311 310 355 351; x_wconf 90' lang='lat' dir='ltr'>id</span> <span class='ocrx_word' id='word_1_34' title='bbox 385 324 473 351; x_wconf 88' lang='lat' dir='ltr'>non</span> <span class='ocrx_word' id='word_1_35' title='bbox 503 311 675 366; x_wconf 89' lang='lat' dir='ltr'>poterit,</span> <span class='ocrx_word' id='word_1_36' title='bbox 712 309 864 363; x_wconf 87' lang='lat' dir='ltr'>quibus</span> <span class='ocrx_word' id='word_1_37' title='bbox 898 309 983 364; x_wconf 91' lang='lat' dir='ltr'>alii,</span> <span class='ocrx_word' id='word_1_38' title='bbox 1022 310 1134 364; x_wconf 90' lang='lat' dir='ltr'>quod</span> <span class='ocrx_word' id='word_1_39' title='bbox 1166 309 1467 364; x_wconf 79' lang='lat' dir='ltr'>excipiundum</span> 
     </span>
     <span class='ocr_line' id='line_1_9' title="bbox 127 367 1467 434; baseline -0.001 -24"><span class='ocrx_word' id='word_1_40' title='bbox 127 369 338 423; x_wconf 85' lang='lat' dir='ltr'>putarint,</span> <span class='ocrx_word' id='word_1_41' title='bbox 380 368 633 434; x_wconf 82' lang='lat' dir='ltr'>exceperint.</span> <span class='ocrx_word' id='word_1_42' title='bbox 701 367 948 417; x_wconf 83' lang='lat' dir='ltr'>Quaerenda</span> <span class='ocrx_word' id='word_1_43' title='bbox 986 368 1116 409; x_wconf 89' lang='lat' dir='ltr'>etiam</span> <span class='ocrx_word' id='word_1_44' title='bbox 1154 368 1264 409; x_wconf 90' lang='lat' dir='ltr'>ratio</span> <span class='ocrx_word' id='word_1_45' title='bbox 1303 371 1387 422; x_wconf 92' lang='lat' dir='ltr'>est,</span> <span class='ocrx_word' id='word_1_46' title='bbox 1430 368 1467 409; x_wconf 91' lang='lat' dir='ltr'>si</span> 
     </span>
     <span class='ocr_line' id='line_1_10' title="bbox 127 427 1467 481; baseline -0.001 -13"><span class='ocrx_word' id='word_1_47' title='bbox 127 442 211 481; x_wconf 86' lang='lat' dir='ltr'>qua</span> <span class='ocrx_word' id='word_1_48' title='bbox 252 427 412 481; x_wconf 90' lang='lat' dir='ltr'>poterit</span> <span class='ocrx_word' id='word_1_49' title='bbox 454 427 654 478; x_wconf 87' lang='lat' dir='ltr'>inveniri,</span> <span class='ocrx_word' id='word_1_50' title='bbox 697 441 826 480; x_wconf 77' lang='lat' dir='ltr'>quale</span> <span class='ocrx_word' id='word_1_51' title='bbox 869 441 957 468; x_wconf 92' lang='lat' dir='ltr'>non</span> <span class='ocrx_word' id='word_1_52' title='bbox 1001 427 1058 467; x_wconf 92' lang='lat' dir='ltr'>sit</span> <span class='ocrx_word' id='word_1_53' title='bbox 1101 430 1342 481; x_wconf 85' lang='lat' dir='ltr'>exceptum:</span> <span class='ocrx_word' id='word_1_54' title='bbox 1393 429 1467 467; x_wconf 89' lang='lat' dir='ltr'>aut</span> 
     </span>
     <span class='ocr_line' id='line_1_11' title="bbox 126 485 1468 539; baseline 0 -13"><span class='ocrx_word' id='word_1_55' title='bbox 126 485 274 539; x_wconf 88' lang='lat' dir='ltr'>iniqua</span> <span class='ocrx_word' id='word_1_56' title='bbox 310 486 378 526; x_wconf 87' lang='lat' dir='ltr'>lex</span> <span class='ocrx_word' id='word_1_57' title='bbox 416 488 489 526; x_wconf 90' lang='lat' dir='ltr'>aut</span> <span class='ocrx_word' id='word_1_58' title='bbox 525 485 690 526; x_wconf 88' lang='grc'>1111111113</span> <span class='ocrx_word' id='word_1_59' title='bbox 728 485 873 526; x_wconf 81' lang='lat' dir='ltr'>futma</span> <span class='ocrx_word' id='word_1_60' title='bbox 910 485 1074 526; x_wconf 87' lang='grc'>(11001111</span> <span class='ocrx_word' id='word_1_61' title='bbox 1112 488 1186 526; x_wconf 89' lang='lat' dir='ltr'>aut</span> <span class='ocrx_word' id='word_1_62' title='bbox 1224 485 1307 526; x_wconf 89' lang='lat' dir='ltr'>alia</span> <span class='ocrx_word' id='word_1_63' title='bbox 1339 500 1468 527; x_wconf 91' lang='lat' dir='ltr'>causa</span> 
     </span>
     <span class='ocr_line' id='line_1_12' title="bbox 127 543 1468 598; baseline 0 -13"><span class='ocrx_word' id='word_1_64' title='bbox 127 544 448 598; x_wconf 73' lang='lat' dir='ltr'>optemperandi</span> <span class='ocrx_word' id='word_1_65' title='bbox 481 543 564 585; x_wconf 92' lang='lat' dir='ltr'>alia</span> <span class='ocrx_word' id='word_1_66' title='bbox 595 543 846 598; x_wconf 79' lang='lat' dir='ltr'>abrogandi3</span> <span class='ocrx_word' id='word_1_67' title='bbox 879 543 1103 584; x_wconf 69' lang='lat' dir='ltr'>dissentire</span> <span class='ocrx_word' id='word_1_68' title='bbox 1136 544 1366 585; x_wconf 80' lang='lat' dir='ltr'>adversarii</span> <span class='ocrx_word' id='word_1_69' title='bbox 1397 558 1468 585; x_wconf 83' lang='lat' dir='ltr'>vo-</span> 
     </span>
     <span class='ocr_line' id='line_1_13' title="bbox 127 602 1467 657; baseline 0 -14"><span class='ocrx_word' id='word_1_70' title='bbox 127 617 219 644; x_wconf 91' lang='lat' dir='ltr'>cem</span> <span class='ocrx_word' id='word_1_71' title='bbox 250 606 377 656; x_wconf 91' lang='lat' dir='ltr'>atque</span> <span class='ocrx_word' id='word_1_72' title='bbox 409 602 528 657; x_wconf 79' lang='lat' dir='ltr'>legis.</span> <span class='ocrx_word' id='word_1_73' title='bbox 590 602 753 643; x_wconf 89' lang='lat' dir='ltr'>Deinde</span> <span class='ocrx_word' id='word_1_74' title='bbox 792 602 1079 656; x_wconf 88' lang='lat' dir='ltr'>amplificandi</span> <span class='ocrx_word' id='word_1_75' title='bbox 1117 617 1245 643; x_wconf 87' lang='lat' dir='ltr'>causa</span> <span class='ocrx_word' id='word_1_76' title='bbox 1284 603 1333 643; x_wconf 90' lang='lat' dir='ltr'>de</span> <span class='ocrx_word' id='word_1_77' title='bbox 1371 617 1467 644; x_wconf 90' lang='lat' dir='ltr'>con-</span> 
     </span>
     <span class='ocr_line' id='line_1_14' title="bbox 128 661 1466 716; baseline 0 -14"><span class='ocrx_word' id='word_1_78' title='bbox 128 661 345 702; x_wconf 83' lang='lat' dir='ltr'>servandis</span> <span class='ocrx_word' id='word_1_79' title='bbox 372 661 553 716; x_wconf 83' lang='lat' dir='ltr'>legibus,</span> <span class='ocrx_word' id='word_1_80' title='bbox 585 661 634 701; x_wconf 92' lang='lat' dir='ltr'>de</span> <span class='ocrx_word' id='word_1_81' title='bbox 659 661 848 714; x_wconf 87' lang='lat' dir='ltr'>periculo</span> <span class='ocrx_word' id='word_1_82' title='bbox 874 661 1144 715; x_wconf 86' lang='lat' dir='ltr'>publicarum</span> <span class='ocrx_word' id='word_1_83' title='bbox 1170 675 1312 702; x_wconf 89' lang='lat' dir='ltr'>rerum</span> <span class='ocrx_word' id='word_1_84' title='bbox 1338 664 1466 714; x_wconf 87' lang='lat' dir='ltr'>atque</span> 
     </span>
     <span class='ocr_line' id='line_1_15' title="bbox 125 719 1466 784; baseline 0 -24"><span class='ocrx_word' id='word_1_85' title='bbox 125 719 397 784; x_wconf 42' lang='lat' dir='ltr'>privatarum·</span> <span class='ocrx_word' id='word_1_86' title='bbox 423 734 520 760; x_wconf 89' lang='lat' dir='ltr'>cum</span> <span class='ocrx_word' id='word_1_87' title='bbox 546 719 640 759; x_wconf 87' lang='lat' dir='ltr'>aliis</span> <span class='ocrx_word' id='word_1_88' title='bbox 672 719 778 760; x_wconf 91' lang='lat' dir='ltr'>locis</span> <span class='ocrx_word' id='word_1_89' title='bbox 810 722 903 760; x_wconf 89' lang='lat' dir='ltr'>tum</span> <span class='ocrx_word' id='word_1_90' title='bbox 934 719 979 760; x_wconf 88' lang='lat' dir='ltr'>in</span> <span class='ocrx_word' id='word_1_91' title='bbox 1010 720 1248 774; x_wconf 89' lang='lat' dir='ltr'>perorando</span> <span class='ocrx_word' id='word_1_92' title='bbox 1282 719 1466 760; x_wconf 83' lang='lat' dir='ltr'>maxime</span> 
     </span>
     <span class='ocr_line' id='line_1_16' title="bbox 127 777 1466 833; baseline 0.001 -15"><span class='ocrx_word' id='word_1_93' title='bbox 127 778 315 833; x_wconf 81' lang='lat' dir='ltr'>graviter</span> <span class='ocrx_word' id='word_1_94' title='bbox 341 777 421 818; x_wconf 89' lang='lat' dir='ltr'>erit</span> <span class='ocrx_word' id='word_1_95' title='bbox 446 778 800 831; x_wconf 83' lang='lat' dir='ltr'>vehementerque</span> <span class='ocrx_word' id='word_1_96' title='bbox 827 778 1061 819; x_wconf 84' lang='lat' dir='ltr'>dicendum</span> <span class='ocrx_word' id='word_1_97' title='bbox 1106 778 1184 819; x_wconf 89' lang='lat' dir='ltr'>Ille</span> <span class='ocrx_word' id='word_1_98' title='bbox 1211 781 1367 833; x_wconf 84' lang='lat' dir='ltr'>autem,</span> <span class='ocrx_word' id='word_1_99' title='bbox 1394 778 1466 832; x_wconf 89' lang='lat' dir='ltr'>qui</span> 
     </span>
     <span class='ocr_line' id='line_1_17' title="bbox 127 836 1465 891; baseline 0.001 -14"><span class='ocrx_word' id='word_1_100' title='bbox 127 851 171 877; x_wconf 93' lang='lat' dir='ltr'>se</span> <span class='ocrx_word' id='word_1_101' title='bbox 210 836 423 877; x_wconf 89' lang='lat' dir='ltr'>sententia</span> <span class='ocrx_word' id='word_1_102' title='bbox 459 836 567 891; x_wconf 79' lang='lat' dir='ltr'>legis</span> <span class='ocrx_word' id='word_1_103' title='bbox 607 839 649 877; x_wconf 86' lang='lat' dir='ltr'>et</span> <span class='ocrx_word' id='word_1_104' title='bbox 687 836 908 877; x_wconf 79' lang='lat' dir='ltr'>voluntate</span> <span class='ocrx_word' id='word_1_105' title='bbox 947 836 1161 891; x_wconf 85' lang='lat' dir='ltr'>defendet,</span> <span class='ocrx_word' id='word_1_106' title='bbox 1203 837 1249 877; x_wconf 90' lang='lat' dir='ltr'>in</span> <span class='ocrx_word' id='word_1_107' title='bbox 1287 836 1465 879; x_wconf 87' lang='lat' dir='ltr'>consilio</span> 
     </span>
     <span class='ocr_line' id='line_1_18' title="bbox 127 871 1465 949; baseline 0 -13"><span class='ocrx_word' id='word_1_108' title='bbox 127 897 255 948; x_wconf 87' lang='lat' dir='ltr'>atque</span> <span class='ocrx_word' id='word_1_109' title='bbox 291 895 338 935; x_wconf 90' lang='lat' dir='ltr'>in</span> <span class='ocrx_word' id='word_1_110' title='bbox 375 898 515 935; x_wconf 87' lang='grc'>11101110</span> <span class='ocrx_word' id='word_1_111' title='bbox 555 894 795 949; x_wconf 86' lang='lat' dir='ltr'>scriptoris,</span> <span class='ocrx_word' id='word_1_112' title='bbox 838 909 924 936; x_wconf 91' lang='lat' dir='ltr'>non</span> <span class='ocrx_word' id='word_1_113' title='bbox 960 895 1006 935; x_wconf 94' lang='lat' dir='ltr'>in</span> <span class='ocrx_word' id='word_1_114' title='bbox 1043 871 1184 936; x_wconf 85' lang='lat' dir='ltr'>verbis</span> <span class='ocrx_word' id='word_1_115' title='bbox 1223 910 1270 936; x_wconf 89' lang='lat' dir='ltr'>ac</span> <span class='ocrx_word' id='word_1_116' title='bbox 1307 895 1465 936; x_wconf 88' lang='lat' dir='ltr'>litteris</span> 
     </span>
     <span class='ocr_line' id='line_1_19' title="bbox 126 953 1467 1008; baseline 0.001 -14"><span class='ocrx_word' id='word_1_117' title='bbox 126 953 213 994; x_wconf 87' lang='lat' dir='ltr'>vim</span> <span class='ocrx_word' id='word_1_118' title='bbox 237 953 345 1008; x_wconf 79' lang='lat' dir='ltr'>legis</span> <span class='ocrx_word' id='word_1_119' title='bbox 371 953 557 1007; x_wconf 80' lang='lat' dir='ltr'>positam</span> <span class='ocrx_word' id='word_1_120' title='bbox 578 967 669 994; x_wconf 86' lang='lat' dir='ltr'>esse</span> <span class='ocrx_word' id='word_1_121' title='bbox 690 953 886 994; x_wconf 86' lang='lat' dir='ltr'>defendet</span> <span class='ocrx_word' id='word_1_122' title='bbox 906 953 1103 1008; x_wconf 81' lang='lat' dir='ltr'>quodque</span> <span class='ocrx_word' id='word_1_123' title='bbox 1122 954 1231 994; x_wconf 83' lang='lat' dir='ltr'>nihil</span> <span class='ocrx_word' id='word_1_124' title='bbox 1254 954 1467 1008; x_wconf 85' lang='lat' dir='ltr'>exceperit</span> 
     </span>
     <span class='ocr_line' id='line_1_20' title="bbox 125 1011 1466 1067; baseline 0.001 -15"><span class='ocrx_word' id='word_1_125' title='bbox 125 1012 171 1052; x_wconf 88' lang='lat' dir='ltr'>in</span> <span class='ocrx_word' id='word_1_126' title='bbox 195 1012 290 1067; x_wconf 84' lang='lat' dir='ltr'>lege</span> <span class='ocrx_word' id='word_1_127' title='bbox 315 1011 520 1065; x_wconf 83' lang='lat' dir='ltr'>laudabit,</span> <span class='ocrx_word' id='word_1_128' title='bbox 544 1026 596 1052; x_wconf 91' lang='lat' dir='ltr'>ne</span> <span class='ocrx_word' id='word_1_129' title='bbox 617 1011 876 1053; x_wconf 84' lang='lat' dir='ltr'>deverticula</span> <span class='ocrx_word' id='word_1_130' title='bbox 900 1012 1087 1066; x_wconf 90' lang='lat' dir='ltr'>peccatis</span> <span class='ocrx_word' id='word_1_131' title='bbox 1109 1013 1312 1053; x_wconf 88' lang='lat' dir='ltr'>darentur</span> <span class='ocrx_word' id='word_1_132' title='bbox 1338 1015 1466 1066; x_wconf 91' lang='lat' dir='ltr'>atque</span> 
     </span>
     <span class='ocr_line' id='line_1_21' title="bbox 126 1070 1466 1126; baseline 0 -15"><span class='ocrx_word' id='word_1_133' title='bbox 126 1073 174 1111; x_wconf 88' lang='lat' dir='ltr'>ut</span> <span class='ocrx_word' id='word_1_134' title='bbox 205 1085 256 1111; x_wconf 81' lang='lat' dir='ltr'>ex</span> <span class='ocrx_word' id='word_1_135' title='bbox 289 1070 404 1111; x_wconf 86' lang='lat' dir='ltr'>facto</span> <span class='ocrx_word' id='word_1_136' title='bbox 443 1070 645 1123; x_wconf 88' lang='lat' dir='ltr'>cuiusque</span> <span class='ocrx_word' id='word_1_137' title='bbox 682 1070 808 1111; x_wconf 80' lang='lat' dir='ltr'>iudex</span> <span class='ocrx_word' id='word_1_138' title='bbox 845 1071 953 1126; x_wconf 79' lang='lat' dir='ltr'>legis</span> <span class='ocrx_word' id='word_1_139' title='bbox 991 1074 1179 1112; x_wconf 88' lang='lat' dir='ltr'>mentem</span> <span class='ocrx_word' id='word_1_140' title='bbox 1215 1071 1466 1125; x_wconf 89' lang='lat' dir='ltr'>interpreta-</span> 
     </span>
     <span class='ocr_line' id='line_1_22' title="bbox 125 1128 1466 1184; baseline 0.001 -15"><span class='ocrx_word' id='word_1_141' title='bbox 125 1132 254 1170; x_wconf 86' lang='lat' dir='ltr'>retur.</span> <span class='ocrx_word' id='word_1_142' title='bbox 301 1128 463 1169; x_wconf 90' lang='lat' dir='ltr'>Deinde</span> <span class='ocrx_word' id='word_1_143' title='bbox 490 1128 571 1169; x_wconf 92' lang='lat' dir='ltr'>erit</span> <span class='ocrx_word' id='word_1_144' title='bbox 596 1129 800 1170; x_wconf 88' lang='lat' dir='ltr'>utendum</span> <span class='ocrx_word' id='word_1_145' title='bbox 826 1129 1044 1184; x_wconf 84' lang='lat' dir='ltr'>exemplis,</span> <span class='ocrx_word' id='word_1_146' title='bbox 1073 1129 1120 1170; x_wconf 90' lang='lat' dir='ltr'>in</span> <span class='ocrx_word' id='word_1_147' title='bbox 1145 1129 1299 1183; x_wconf 86' lang='lat' dir='ltr'>quibus</span> <span class='ocrx_word' id='word_1_148' title='bbox 1328 1130 1466 1170; x_wconf 85' lang='lat' dir='ltr'>omnis</span> 
     </span>
     <span class='ocr_line' id='line_1_23' title="bbox 127 1187 1524 1242; baseline 0.002 -15"><span class='ocrx_word' id='word_1_149' title='bbox 127 1187 319 1242; x_wconf 87' lang='lat' dir='ltr'>aequitas</span> <span class='ocrx_word' id='word_1_150' title='bbox 345 1187 633 1241; x_wconf 77' lang='lat' dir='ltr'>perturbetur,</span> <span class='ocrx_word' id='word_1_151' title='bbox 659 1187 695 1228; x_wconf 91' lang='lat' dir='ltr'>si</span> <span class='ocrx_word' id='word_1_152' title='bbox 721 1187 861 1229; x_wconf 81' lang='lat' dir='ltr'>verbis</span> <span class='ocrx_word' id='word_1_153' title='bbox 888 1188 1033 1242; x_wconf 82' lang='lat' dir='ltr'>legum</span> <span class='ocrx_word' id='word_1_154' title='bbox 1056 1202 1104 1229; x_wconf 87' lang='lat' dir='ltr'>ac</span> <span class='ocrx_word' id='word_1_155' title='bbox 1129 1202 1216 1228; x_wconf 91' lang='lat' dir='ltr'>non</span> <span class='ocrx_word' id='word_1_156' title='bbox 1242 1188 1466 1229; x_wconf 87' lang='lat' dir='ltr'>sententiis</span> <span class='ocrx_word' id='word_1_157' title='bbox 1514 1223 1524 1232; x_wconf 33' lang='lat'>‚⁴</span> 
     </span>
     <span class='ocr_line' id='line_1_24' title="bbox 125 1245 1536 1300; baseline 0.001 -14"><span class='ocrx_word' id='word_1_158' title='bbox 125 1249 338 1300; x_wconf 88' lang='lat' dir='ltr'>pareatur.</span> <span class='ocrx_word' id='word_1_159' title='bbox 400 1245 563 1286; x_wconf 90' lang='lat' dir='ltr'>Deinde</span> <span class='ocrx_word' id='word_1_160' title='bbox 602 1259 736 1300; x_wconf 81' lang='lat' dir='ltr'>genus</span> <span class='ocrx_word' id='word_1_161' title='bbox 774 1246 864 1287; x_wconf 89' lang='lat' dir='ltr'>eius</span> <span class='ocrx_word' id='word_1_162' title='bbox 897 1246 1012 1287; x_wconf 91' lang='lat' dir='ltr'>modi</span> <span class='ocrx_word' id='word_1_163' title='bbox 1046 1246 1295 1288; x_wconf 81' lang='lat' dir='ltr'>calliditatis</span> <span class='ocrx_word' id='word_1_164' title='bbox 1328 1249 1371 1287; x_wconf 89' lang='lat' dir='ltr'>et</span> <span class='ocrx_word' id='word_1_165' title='bbox 1402 1257 1536 1288; x_wconf 85' lang='lat' dir='ltr'>ca-137</span> 
     </span>
     <span class='ocr_line' id='line_1_25' title="bbox 126 1303 1468 1358; baseline 0 -13"><span class='ocrx_word' id='word_1_166' title='bbox 126 1304 312 1345; x_wconf 88' lang='lat' dir='ltr'>lumniae</span> <span class='ocrx_word' id='word_1_167' title='bbox 344 1303 543 1344; x_wconf 87' lang='lat' dir='ltr'>trahatur</span> <span class='ocrx_word' id='word_1_168' title='bbox 578 1303 624 1344; x_wconf 90' lang='lat' dir='ltr'>in</span> <span class='ocrx_word' id='word_1_169' title='bbox 656 1304 800 1345; x_wconf 91' lang='lat' dir='ltr'>odium</span> <span class='ocrx_word' id='word_1_170' title='bbox 832 1304 985 1345; x_wconf 86' lang='lat' dir='ltr'>iudicis</span> <span class='ocrx_word' id='word_1_171' title='bbox 1018 1319 1114 1346; x_wconf 89' lang='lat' dir='ltr'>cum</span> <span class='ocrx_word' id='word_1_172' title='bbox 1147 1305 1330 1358; x_wconf 89' lang='lat' dir='ltr'>quadam</span> <span class='ocrx_word' id='word_1_173' title='bbox 1360 1305 1468 1345; x_wconf 85' lang='lat' dir='ltr'>invi-</span> 
     </span>
    </p>

    <p class='ocr_par' dir='ltr' id='par_1_8' title="bbox 127 1362 1466 1417">
     <span class='ocr_line' id='line_1_26' title="bbox 127 1362 1466 1417; baseline 0.001 -14"><span class='ocrx_word' id='word_1_174' title='bbox 127 1362 248 1404; x_wconf 87' lang='lat' dir='ltr'>diosa</span> <span class='ocrx_word' id='word_1_175' title='bbox 273 1362 455 1416; x_wconf 87' lang='lat' dir='ltr'>querela.</span> <span class='ocrx_word' id='word_1_176' title='bbox 505 1362 564 1402; x_wconf 88' lang='lat' dir='ltr'>Et</span> <span class='ocrx_word' id='word_1_177' title='bbox 596 1362 632 1403; x_wconf 91' lang='lat' dir='ltr'>si</span> <span class='ocrx_word' id='word_1_178' title='bbox 662 1362 822 1404; x_wconf 86' lang='lat' dir='ltr'>incidet</span> <span class='ocrx_word' id='word_1_179' title='bbox 857 1363 1154 1417; x_wconf 83' lang='lat' dir='ltr'>inprudentiae</span> <span class='ocrx_word' id='word_1_180' title='bbox 1188 1378 1326 1417; x_wconf 85' lang='lat' dir='ltr'>causa,</span> <span class='ocrx_word' id='word_1_181' title='bbox 1359 1378 1466 1417; x_wconf 89' lang='lat' dir='ltr'>quae</span> 
     </span>
    </p>

    <p class='ocr_par' dir='ltr' id='par_1_9' title="bbox 125 1420 1468 1476">
     <span class='ocr_line' id='line_1_27' title="bbox 125 1420 1468 1476; baseline 0.001 -15"><span class='ocrx_word' id='word_1_182' title='bbox 125 1435 213 1461; x_wconf 92' lang='lat' dir='ltr'>non</span> <span class='ocrx_word' id='word_1_183' title='bbox 252 1421 303 1461; x_wconf 93' lang='lat' dir='ltr'>ad</span> <span class='ocrx_word' id='word_1_184' title='bbox 341 1420 562 1474; x_wconf 88' lang='lat' dir='ltr'>delictum,</span> <span class='ocrx_word' id='word_1_185' title='bbox 607 1421 680 1461; x_wconf 90' lang='lat' dir='ltr'>sed</span> <span class='ocrx_word' id='word_1_186' title='bbox 717 1421 769 1461; x_wconf 92' lang='lat' dir='ltr'>ad</span> <span class='ocrx_word' id='word_1_187' title='bbox 807 1435 952 1462; x_wconf 84' lang='lat' dir='ltr'>casum</span> <span class='ocrx_word' id='word_1_188' title='bbox 988 1421 1342 1463; x_wconf 83' lang='lat' dir='ltr'>necessitatemve</span> <span class='ocrx_word' id='word_1_189' title='bbox 1376 1437 1468 1476; x_wconf 88' lang='lat' dir='ltr'>per-</span> 
     </span>
    </p>

    <p class='ocr_par' dir='ltr' id='par_1_10' title="bbox 127 1479 1467 1535">
     <span class='ocr_line' id='line_1_28' title="bbox 127 1479 1467 1535; baseline 0.001 -16"><span class='ocrx_word' id='word_1_190' title='bbox 127 1479 280 1532; x_wconf 90' lang='lat' dir='ltr'>tineat,</span> <span class='ocrx_word' id='word_1_191' title='bbox 319 1479 433 1532; x_wconf 91' lang='lat' dir='ltr'>quod</span> <span class='ocrx_word' id='word_1_192' title='bbox 470 1493 603 1533; x_wconf 81' lang='lat' dir='ltr'>genus</span> <span class='ocrx_word' id='word_1_193' title='bbox 641 1479 769 1533; x_wconf 91' lang='lat' dir='ltr'>paulo</span> <span class='ocrx_word' id='word_1_194' title='bbox 802 1482 900 1520; x_wconf 88' lang='lat' dir='ltr'>ante</span> <span class='ocrx_word' id='word_1_195' title='bbox 933 1480 1175 1535; x_wconf 79' lang='lat' dir='ltr'>attigimus,</span> <span class='ocrx_word' id='word_1_196' title='bbox 1213 1480 1295 1521; x_wconf 92' lang='lat' dir='ltr'>erit</span> <span class='ocrx_word' id='word_1_197' title='bbox 1330 1480 1467 1521; x_wconf 86' lang='lat' dir='ltr'>isdem</span> 
     </span>
    </p>
   </div>
   <div class='ocr_carea' id='block_1_6' title="bbox 1472 824 1536 855">
    <p class='ocr_par' dir='ltr' id='par_1_11' title="bbox 1472 824 1536 855">
     <span class='ocr_line' id='line_1_29' title="bbox 1472 824 1536 855; baseline 0.016 -1"><span class='ocrx_word' id='word_1_198' title='bbox 1472 824 1536 855; x_wconf 76' lang='lat'>136</span> 
     </span>
    </p>
   </div>
   <div class='ocr_carea' id='block_1_7' title="bbox 74 1537 1468 1591">
    <p class='ocr_par' dir='ltr' id='par_1_12' title="bbox 74 1537 1468 1591">
     <span class='ocr_line' id='line_1_30' title="bbox 74 1537 1468 1591; baseline 0.001 -13"><span class='ocrx_word' id='word_1_199' title='bbox 74 1572 88 1578; x_wconf 80' lang='grc'>-</span> <span class='ocrx_word' id='word_1_200' title='bbox 128 1537 358 1591; x_wconf 88' lang='lat' dir='ltr'>aequitatis</span> <span class='ocrx_word' id='word_1_201' title='bbox 391 1537 615 1578; x_wconf 88' lang='lat' dir='ltr'>sententiis</span> <span class='ocrx_word' id='word_1_202' title='bbox 648 1541 796 1578; x_wconf 86' lang='lat' dir='ltr'>contra</span> <span class='ocrx_word' id='word_1_203' title='bbox 831 1538 1109 1579; x_wconf 84' lang='lat' dir='ltr'>acerbitatem</span> <span class='ocrx_word' id='word_1_204' title='bbox 1141 1539 1370 1579; x_wconf 86' lang='lat' dir='ltr'>verborum</span> <span class='ocrx_word' id='word_1_205' title='bbox 1402 1539 1468 1579; x_wconf 89' lang='grc'>(10-</span> 
     </span>
    </p>
   </div>
   <div class='ocr_carea' id='block_1_8' title="bbox 125 1593 1468 1826">
    <p class='ocr_par' dir='ltr' id='par_1_13' title="bbox 125 1593 1468 1826">
     <span class='ocr_line' id='line_1_31' title="bbox 125 1593 1468 1652; baseline 0.001 -16"><span class='ocrx_word' id='word_1_206' title='bbox 125 1596 397 1650; x_wconf 88' lang='lat' dir='ltr'>precandum.</span> <span class='ocrx_word' id='word_1_207' title='bbox 460 1593 535 1636; x_wconf 81' lang='lat' dir='ltr'>Sin</span> <span class='ocrx_word' id='word_1_208' title='bbox 567 1595 727 1650; x_wconf 88' lang='lat' dir='ltr'>scripta</span> <span class='ocrx_word' id='word_1_209' title='bbox 757 1596 870 1637; x_wconf 89' lang='lat' dir='ltr'>inter</span> <span class='ocrx_word' id='word_1_210' title='bbox 908 1611 999 1637; x_wconf 91' lang='lat' dir='ltr'>sese</span> <span class='ocrx_word' id='word_1_211' title='bbox 1037 1597 1309 1652; x_wconf 74' lang='lat' dir='ltr'>dissentient,</span> <span class='ocrx_word' id='word_1_212' title='bbox 1346 1600 1468 1638; x_wconf 88' lang='lat' dir='ltr'>tanta</span> 
     </span>
     <span class='ocr_line' id='line_1_32' title="bbox 128 1654 1468 1709; baseline 0.001 -14"><span class='ocrx_word' id='word_1_213' title='bbox 128 1654 257 1695; x_wconf 90' lang='lat' dir='ltr'>series</span> <span class='ocrx_word' id='word_1_214' title='bbox 290 1654 395 1695; x_wconf 88' lang='lat' dir='ltr'>artis</span> <span class='ocrx_word' id='word_1_215' title='bbox 428 1656 493 1695; x_wconf 89' lang='lat' dir='ltr'>est</span> <span class='ocrx_word' id='word_1_216' title='bbox 525 1657 567 1694; x_wconf 93' lang='lat' dir='ltr'>et</span> <span class='ocrx_word' id='word_1_217' title='bbox 600 1654 660 1695; x_wconf 90' lang='lat' dir='ltr'>sic</span> <span class='ocrx_word' id='word_1_218' title='bbox 697 1654 810 1695; x_wconf 89' lang='lat' dir='ltr'>inter</span> <span class='ocrx_word' id='word_1_219' title='bbox 848 1669 892 1695; x_wconf 90' lang='lat' dir='ltr'>se</span> <span class='ocrx_word' id='word_1_220' title='bbox 932 1658 1031 1696; x_wconf 89' lang='lat' dir='ltr'>sunt</span> <span class='ocrx_word' id='word_1_221' title='bbox 1067 1655 1269 1709; x_wconf 90' lang='lat' dir='ltr'>pleraque</span> <span class='ocrx_word' id='word_1_222' title='bbox 1308 1670 1468 1696; x_wconf 84' lang='lat' dir='ltr'>conexa</span> 
     </span>
     <span class='ocr_line' id='line_1_33' title="bbox 129 1713 1468 1768; baseline 0.001 -15"><span class='ocrx_word' id='word_1_223' title='bbox 129 1716 170 1753; x_wconf 90' lang='lat' dir='ltr'>et</span> <span class='ocrx_word' id='word_1_224' title='bbox 202 1715 318 1766; x_wconf 88' lang='lat' dir='ltr'>apta,</span> <span class='ocrx_word' id='word_1_225' title='bbox 357 1715 422 1767; x_wconf 90' lang='lat' dir='ltr'>ut,</span> <span class='ocrx_word' id='word_1_226' title='bbox 461 1727 567 1766; x_wconf 89' lang='lat' dir='ltr'>quae</span> <span class='ocrx_word' id='word_1_227' title='bbox 604 1713 734 1766; x_wconf 88' lang='lat' dir='ltr'>paulo</span> <span class='ocrx_word' id='word_1_228' title='bbox 767 1716 866 1754; x_wconf 89' lang='lat' dir='ltr'>ante</span> <span class='ocrx_word' id='word_1_229' title='bbox 897 1717 1125 1768; x_wconf 88' lang='lat' dir='ltr'>praecepta</span> <span class='ocrx_word' id='word_1_230' title='bbox 1157 1714 1350 1755; x_wconf 89' lang='lat' dir='ltr'>dedimus</span> <span class='ocrx_word' id='word_1_231' title='bbox 1383 1729 1468 1755; x_wconf 90' lang='lat' dir='ltr'>am-</span> 
     </span>
     <span class='ocr_line' id='line_1_34' title="bbox 128 1770 1468 1826; baseline 0.002 -16"><span class='ocrx_word' id='word_1_232' title='bbox 128 1770 249 1825; x_wconf 84' lang='lat' dir='ltr'>bigui</span> <span class='ocrx_word' id='word_1_233' title='bbox 288 1784 478 1824; x_wconf 90' lang='lat' dir='ltr'>quaeque</span> <span class='ocrx_word' id='word_1_234' title='bbox 516 1771 709 1824; x_wconf 80' lang='lat' dir='ltr'>proxime</span> <span class='ocrx_word' id='word_1_235' title='bbox 748 1772 984 1813; x_wconf 89' lang='lat' dir='ltr'>sententiae</span> <span class='ocrx_word' id='word_1_236' title='bbox 1025 1775 1068 1812; x_wconf 90' lang='lat' dir='ltr'>et</span> <span class='ocrx_word' id='word_1_237' title='bbox 1109 1772 1277 1826; x_wconf 86' lang='lat' dir='ltr'>scripti,</span> <span class='ocrx_word' id='word_1_238' title='bbox 1321 1772 1468 1813; x_wconf 91' lang='lat' dir='ltr'>eadem</span> 
     </span>
    </p>
   </div>
   <div class='ocr_carea' id='block_1_9' title="bbox 76 1828 1537 1883">
    <p class='ocr_par' dir='ltr' id='par_1_14' title="bbox 76 1828 1537 1883">
     <span class='ocr_line' id='line_1_35' title="bbox 76 1828 1537 1883; baseline 0.001 -13"><span class='ocrx_word' id='word_1_239' title='bbox 76 1847 90 1870; x_wconf 79' lang='lat'><strong>3</strong></span> <span class='ocrx_word' id='word_1_240' title='bbox 129 1829 181 1869; x_wconf 89' lang='lat' dir='ltr'>ad</span> <span class='ocrx_word' id='word_1_241' title='bbox 222 1828 304 1869; x_wconf 90' lang='lat' dir='ltr'>hoc</span> <span class='ocrx_word' id='word_1_242' title='bbox 350 1842 482 1883; x_wconf 81' lang='lat' dir='ltr'>genus</span> <span class='ocrx_word' id='word_1_243' title='bbox 533 1843 684 1870; x_wconf 86' lang='lat' dir='ltr'>causae</span> <span class='ocrx_word' id='word_1_244' title='bbox 734 1829 910 1870; x_wconf 89' lang='lat' dir='ltr'>tertium</span> <span class='ocrx_word' id='word_1_245' title='bbox 959 1830 1283 1871; x_wconf 86' lang='lat' dir='ltr'>transferantur.</span> <span class='ocrx_word' id='word_1_246' title='bbox 1353 1831 1537 1872; x_wconf 87' lang='lat' dir='ltr'>Nam138</span> 
     </span>
    </p>
   </div>
   <div class='ocr_carea' id='block_1_10' title="bbox 128 1885 1469 2114">
    <p class='ocr_par' dir='ltr' id='par_1_15' title="bbox 128 1885 1469 2114">
     <span class='ocr_line' id='line_1_36' title="bbox 129 1885 1469 1943; baseline 0.002 -16"><span class='ocrx_word' id='word_1_247' title='bbox 129 1886 283 1940; x_wconf 87' lang='lat' dir='ltr'>quibus</span> <span class='ocrx_word' id='word_1_248' title='bbox 314 1885 420 1927; x_wconf 88' lang='lat' dir='ltr'>locis</span> <span class='ocrx_word' id='word_1_249' title='bbox 451 1886 498 1926; x_wconf 88' lang='lat' dir='ltr'>in</span> <span class='ocrx_word' id='word_1_250' title='bbox 529 1887 731 1942; x_wconf 86' lang='lat' dir='ltr'>ambiguo</span> <span class='ocrx_word' id='word_1_251' title='bbox 771 1887 1034 1929; x_wconf 84' lang='lat' dir='ltr'>defendimus</span> <span class='ocrx_word' id='word_1_252' title='bbox 1067 1903 1161 1929; x_wconf 88' lang='lat' dir='ltr'>eam</span> <span class='ocrx_word' id='word_1_253' title='bbox 1193 1889 1469 1943; x_wconf 82' lang='lat' dir='ltr'>significatio—</span> 
     </span>
     <span class='ocr_line' id='line_1_37' title="bbox 128 1945 1467 2003; baseline 0.003 -19"><span class='ocrx_word' id='word_1_254' title='bbox 128 1959 245 1998; x_wconf 91' lang='lat' dir='ltr'>nem,</span> <span class='ocrx_word' id='word_1_255' title='bbox 281 1958 388 1997; x_wconf 88' lang='lat' dir='ltr'>quae</span> <span class='ocrx_word' id='word_1_256' title='bbox 424 1958 503 1985; x_wconf 88' lang='lat' dir='ltr'>nos</span> <span class='ocrx_word' id='word_1_257' title='bbox 542 1945 733 1999; x_wconf 86' lang='lat' dir='ltr'>adiuvat,</span> <span class='ocrx_word' id='word_1_258' title='bbox 774 1945 933 1987; x_wconf 90' lang='lat' dir='ltr'>eisdem</span> <span class='ocrx_word' id='word_1_259' title='bbox 962 1946 1009 1987; x_wconf 89' lang='lat' dir='ltr'>in</span> <span class='ocrx_word' id='word_1_260' title='bbox 1041 1947 1266 1988; x_wconf 89' lang='lat' dir='ltr'>contrariis</span> <span class='ocrx_word' id='word_1_261' title='bbox 1298 1947 1467 2003; x_wconf 81' lang='lat' dir='ltr'>legibus</span> 
     </span>
     <span class='ocr_line' id='line_1_38' title="bbox 128 1979 1469 2061; baseline 0.004 -19"><span class='ocrx_word' id='word_1_262' title='bbox 128 2005 276 2043; x_wconf 90' lang='lat' dir='ltr'>nostra</span> <span class='ocrx_word' id='word_1_263' title='bbox 299 2003 368 2043; x_wconf 87' lang='lat' dir='ltr'>lex</span> <span class='ocrx_word' id='word_1_264' title='bbox 394 2002 654 2044; x_wconf 86' lang='lat' dir='ltr'>defendenda</span> <span class='ocrx_word' id='word_1_265' title='bbox 679 1979 754 2044; x_wconf 76' lang='grc'>031.</span> <span class='ocrx_word' id='word_1_266' title='bbox 817 2004 979 2045; x_wconf 90' lang='lat' dir='ltr'>Deinde</span> <span class='ocrx_word' id='word_1_267' title='bbox 1012 2008 1078 2045; x_wconf 92' lang='lat' dir='ltr'>est</span> <span class='ocrx_word' id='word_1_268' title='bbox 1106 2005 1389 2061; x_wconf 85' lang='lat' dir='ltr'>efficiendum,</span> <span class='ocrx_word' id='word_1_269' title='bbox 1420 2009 1469 2046; x_wconf 93' lang='lat' dir='ltr'>ut</span> 
     </span>
     <span class='ocr_line' id='line_1_39' title="bbox 130 2060 1466 2114; baseline 0.004 -14"><span class='ocrx_word' id='word_1_270' title='bbox 130 2060 305 2101; x_wconf 90' lang='lat' dir='ltr'>alterius</span> <span class='ocrx_word' id='word_1_271' title='bbox 338 2060 486 2114; x_wconf 89' lang='lat' dir='ltr'>scripti</span> <span class='ocrx_word' id='word_1_272' title='bbox 524 2062 780 2103; x_wconf 87' lang='lat' dir='ltr'>sententiam</span> <span class='ocrx_word' id='word_1_273' title='bbox 813 2062 988 2104; x_wconf 89' lang='lat' dir='ltr'>alterius</span> <span class='ocrx_word' id='word_1_274' title='bbox 1020 2064 1150 2104; x_wconf 86' lang='lat' dir='ltr'>verba</span> <span class='ocrx_word' id='word_1_275' title='bbox 1181 2064 1466 2105; x_wconf 80' lang='lat' dir='ltr'>defendamus.</span> 
     </span>
    </p>
   </div>
   <div class='ocr_carea' id='block_1_11' title="bbox 77 2118 1550 2182">
    <p class='ocr_par' dir='ltr' id='par_1_16' title="bbox 77 2118 1550 2182">
     <span class='ocr_line' id='line_1_40' title="bbox 77 2118 1550 2182; baseline 0.003 -23.055"><span class='ocrx_word' id='word_1_276' title='bbox 77 2118 198 2161; x_wconf 77' lang='lat' dir='ltr'>35Ita</span> <span class='ocrx_word' id='word_1_277' title='bbox 236 2133 343 2172; x_wconf 85' lang='lat' dir='ltr'>quae</span> <span class='ocrx_word' id='word_1_278' title='bbox 380 2119 506 2159; x_wconf 94' lang='lat' dir='ltr'>modo</span> <span class='ocrx_word' id='word_1_279' title='bbox 545 2120 594 2160; x_wconf 88' lang='lat' dir='ltr'>de</span> <span class='ocrx_word' id='word_1_280' title='bbox 628 2120 788 2174; x_wconf 88' lang='lat' dir='ltr'>scripto</span> <span class='ocrx_word' id='word_1_281' title='bbox 827 2121 1123 2175; x_wconf 87' lang='lat' dir='ltr'>sententiaque</span> <span class='ocrx_word' id='word_1_282' title='bbox 1160 2123 1468 2176; x_wconf 83' lang='lat' dir='ltr'>praecepimus,</span> <span class='ocrx_word' id='word_1_283' title='bbox 1519 2177 1550 2182; x_wconf 29' lang='grc' dir='ltr'><strong>Ἄ</strong></span> 
     </span>
    </p>
   </div>
   <div class='ocr_carea' id='block_1_12' title="bbox 130 2177 1540 2293">
    <p class='ocr_par' dir='ltr' id='par_1_17' title="bbox 130 2177 1576 2293">
     <span class='ocr_line' id='line_1_41' title="bbox 130 2177 1540 2253; baseline 0.004 -36"><span class='ocrx_word' id='word_1_284' title='bbox 130 2177 276 2218; x_wconf 87' lang='lat' dir='ltr'>eadem</span> <span class='ocrx_word' id='word_1_285' title='bbox 307 2177 390 2218; x_wconf 88' lang='lat' dir='ltr'>huc</span> <span class='ocrx_word' id='word_1_286' title='bbox 423 2177 566 2218; x_wconf 88' lang='lat' dir='ltr'>omnia</span> <span class='ocrx_word' id='word_1_287' title='bbox 600 2178 916 2220; x_wconf 86' lang='lat' dir='ltr'>transferemus.</span> <span class='ocrx_word' id='word_1_288' title='bbox 1481 2213 1540 2253; x_wconf 73' lang='lat'>40</span> 
     </span>
     <span class='ocr_line' id='line_1_42' title="bbox 246 2234 1537 2293; baseline 0.004 -19"><span class='ocrx_word' id='word_1_289' title='bbox 246 2234 480 2288; x_wconf 84' lang='lat' dir='ltr'>Expositae</span> <span class='ocrx_word' id='word_1_290' title='bbox 517 2235 598 2276; x_wconf 87' lang='lat' dir='ltr'>tibi</span> <span class='ocrx_word' id='word_1_291' title='bbox 637 2250 782 2277; x_wconf 91' lang='lat' dir='ltr'>omnes</span> <span class='ocrx_word' id='word_1_292' title='bbox 823 2240 921 2278; x_wconf 88' lang='lat' dir='ltr'>sunt</span> <span class='ocrx_word' id='word_1_293' title='bbox 957 2239 1168 2279; x_wconf 89' lang='lat' dir='ltr'>oratoriae</span> <span class='ocrx_word' id='word_1_294' title='bbox 1199 2238 1537 2293; x_wconf 56' lang='lat' dir='ltr'>partitiones,139</span> 
     </span>
    </p>
   </div>
   <div class='ocr_carea' id='block_1_13' title="bbox 1455 755 1594 796">
    <p class='ocr_par' dir='ltr' id='par_1_18' title="bbox 1455 755 1594 796">
     <span class='ocr_line' id='line_1_43' title="bbox 1455 755 1594 796; baseline -0.009 0.23"><span class='ocrx_word' id='word_1_295' title='bbox 1455 755 1535 796; x_wconf 82' lang='lat'>39</span> <span class='ocrx_word' id='word_1_296' title='bbox 1565 775 1594 780; x_wconf 84' lang='lat'>--</span> 
     </span>
    </p>
   </div>
  </div>
 </body>
</html>
