1643 2526
497 108 597 143 CAP.
625 113 775 144 30—31.
826 113 844 150 ξ
872 111 1065 143 102—108.
1364 108 1451 149 415

106 205 220 259 quod
251 207 382 260 negat
414 204 589 259 factum,
619 207 762 258 potest
788 206 862 244 aut
888 203 1014 244 debet
1041 206 1115 244 aut
1142 203 1251 244 solet
1276 203 1449 244 reddere

106 264 327 305 rationem.
371 263 523 318 Itaque
548 263 594 303 in
612 262 679 303 his
701 262 839 303 causis
862 262 1008 303 eadem
1028 265 1070 303 et
1094 262 1234 315 prima
1255 261 1449 316 quaestio

107 325 150 363 et
175 322 430 376 disceptatio
464 324 653 362 extrema
684 324 760 362 est.
820 320 872 361 In
902 320 988 361 illis
1016 323 1172 374 autem,
1204 320 1278 361 ubi
1304 320 1366 361 ita
1392 320 1520 362 di-105

107 380 234 421 citur:
266 379 367 421 Non
398 379 553 420 minuit
584 379 853 420 maiestatem
886 379 999 432 quod
1031 379 1120 434 egit
1152 379 1201 419 de
1235 378 1449 433 Caepione

107 438 415 493 turbulentius3
446 438 594 493 populi
620 438 734 479 enim
759 437 881 478 dolor
904 437 1045 478 iustus
1080 437 1185 489 [vim
1211 440 1305 478 tum
1330 437 1450 478 illam

108 497 341 551 excitavit]‚
371 511 459 537 non
484 496 647 537 tribuni
674 496 804 551 acti03
836 496 1037 537 maiestas
1065 499 1221 550 autem,
1248 496 1450 549 quoniam

107 558 173 596 est
205 555 456 610 magnitudo
496 555 702 609 quaedam
740 555 887 609 populi
920 554 1103 595 Romani
1134 554 1180 594 in
1212 554 1300 595 eius
1333 558 1450 608 pote-

107 616 218 655 state
251 628 299 655 ac
329 614 420 655 iure
452 613 693 668 retinendo,
730 617 856 654 aucta
887 613 1030 667 potius
1063 616 1128 653 est
1161 627 1289 666 quam
1322 613 1450 654 demi-

106 676 228 727 nuta3
260 675 302 713 et
327 672 402 713 ubi
427 672 488 713 ita
507 672 705 713 refertur:
737 671 940 712 Maiestas
968 675 1033 712 est
1057 671 1103 712 in
1125 671 1295 725 imperii
1322 675 1448 725 atque

106 730 151 771 in
181 731 368 771 nominis
400 730 548 785 populi
579 730 763 771 Romani
795 730 1018 785 dignitate,
1051 745 1179 784 quam
1211 729 1368 770 minuit
1398 730 1449 783 is,

107 789 175 843 qui
210 804 284 843 per
315 789 402 830 vim
439 789 728 829 multitudinis
768 803 858 830 rem
890 789 943 829 ad
975 788 1229 829 seditionem
1261 788 1450 842 vocavit3

106 847 261 888 existet
303 847 378 888 illa
422 847 692 901 disceptatio:
739 847 997 888 Minueritne
1042 847 1331 901 maiestatem,
1375 847 1448 900 qui

106 906 326 947 voluntate
357 906 506 960 populi
538 905 721 946 Romani
758 920 848 946 rem
888 909 1056 960 gratam
1089 908 1131 946 et
1163 920 1342 959 aequam
1373 920 1449 959 per

106 964 193 1005 vim
231 964 378 1019 egerit.
448 964 499 1004 In
535 964 588 1004 iis
631 967 774 1005 autem
815 964 971 1017 causis,
1014 964 1089 1004 ubi
1133 963 1294 1017 aliquid
1334 966 1519 1019 recteloo

71 1040 84 1064 5
105 1022 268 1063 factum
295 1025 369 1063 aut
395 1022 710 1063 concedendum
730 1037 821 1063 esse
849 1022 1046 1073 [factum]
1075 1022 1327 1077 defenditur,
1352 1037 1449 1063 cum

106 1084 172 1122 est
208 1080 312 1122 facti
350 1081 543 1121 subiecta
579 1080 710 1135 ratio,
748 1081 858 1121 sicut
896 1081 948 1121 ab
989 1079 1177 1134 Opimio:
1220 1080 1317 1121 Iure
1355 1080 1449 1134 feci,

106 1139 258 1180 salutis
299 1139 490 1180 omnium
528 1141 570 1179 et
608 1139 920 1179 conservandae
964 1139 1025 1179 rei
1068 1139 1264 1193 publicae
1310 1154 1450 1193 causa,

105 1197 371 1250 relatumque
405 1198 458 1238 ab
490 1197 623 1238 Decio
656 1201 738 1237 est:
770 1196 835 1238 Ne
869 1197 1246 1238 sceleratissimum
1279 1197 1449 1252 quidem

107 1255 241 1296 civem
274 1256 363 1296 sine
394 1255 552 1296 iudicio
577 1255 668 1296 iure
694 1256 782 1296 ullo
808 1270 959 1296 necare
986 1256 1179 1309 potuisti,
1212 1255 1348 1296 oritur
1372 1256 1449 1296 illa

54 1348 68 1354 -
107 1314 379 1368 disceptatio:
410 1313 659 1354 Potueritne
691 1316 805 1355 recte
832 1314 983 1354 salutis
1010 1314 1070 1354 rei
1096 1314 1292 1368 publicae
1320 1329 1449 1355 causa

107 1372 242 1413 civem
291 1386 530 1412 eversorem
574 1372 761 1413 civitatis
811 1372 1106 1413 indemnatum
1149 1373 1329 1413 necare?
1380 1372 1449 1413 Ita

106 1430 438 1484 disceptationes
471 1445 557 1484 eae,
589 1445 696 1483 quae
727 1430 772 1470 in
803 1430 870 1470 his
904 1430 1206 1471 controversiis
1241 1430 1448 1485 oriuntur,

105 1503 212 1542 quae
245 1491 345 1529 sunt
376 1488 502 1529 certis
534 1488 728 1542 personis
755 1503 802 1529 ac
828 1489 1094 1542 temporibus
1120 1492 1308 1542 notatae,
1338 1489 1448 1529 fiunt

104 1562 251 1588 rursus
295 1547 486 1587 infinitae
532 1547 733 1588 detractis
776 1547 969 1601 personis
1012 1550 1054 1587 et
1095 1547 1362 1600 temporibus
1404 1550 1447 1588 et

54 1621 84 1635 ·‘
105 1620 275 1646 rursum
308 1605 360 1646 ad
393 1605 757 1646 consultationum
788 1606 972 1646 formam
1003 1605 1298 1658 rationemque
1330 1620 1447 1646 revo—

106 1667 267 1705 cantur.
342 1662 424 1704 Sed
466 1663 512 1704 in
556 1663 820 1718 gravissimis
866 1664 1147 1704 firmamentis
1198 1663 1329 1704 etiam
1371 1642 1515 1721 illa3{

104 1722 300 1776 ponenda
331 1724 443 1776 sunt,
475 1722 511 1762 si
537 1736 643 1775 quae
676 1736 727 1762 ex
759 1722 918 1776 scripto
951 1722 1058 1776 legis
1092 1725 1165 1762 aut
1196 1710 1511 1763 testamentim‘

107 1783 180 1820 aut
211 1781 439 1821 verborum
474 1780 610 1834 ipsius
647 1780 793 1821 iudicii
826 1784 900 1821 aut
938 1780 1118 1821 alicuius
1152 1780 1445 1834 stipulationis

106 1841 181 1879 aut
213 1838 423 1879 cautionis
457 1841 731 1891 opponuntur
763 1838 999 1879 defensioni
1032 1838 1257 1879 contraria.
1308 1838 1368 1879 At
1393 1853 1445 1879 ne

52 1915 66 1938 3
104 1896 187 1937 hoc
228 1896 397 1950 quidem
436 1910 568 1950 genus
604 1896 651 1936 in
689 1896 748 1936 eis
788 1897 926 1937 causis
964 1896 1163 1951 incurrit,
1207 1911 1313 1949 quae
1346 1911 1443 1937 con-

104 1954 267 1995 iectura
304 1954 586 1995 continentur.
655 1953 776 2002 Quod
814 1955 927 1995 enim
966 1954 1128 1995 factum
1165 1957 1366 2009 negatur,
1402 1954 1445 1995 id

105 2012 282 2067 coargui
302 2011 461 2066 scripto
481 2026 567 2052 non
588 2015 742 2077 pote-st.
793 2012 894 2053 Ne
883 2028 929 2053 111
955 2013 1247 2053 definitionem
1274 2012 1446 2066 quidem

105 2071 222 2111 venit
254 2085 405 2125 genere
438 2070 585 2124 scripti
615 2070 761 2125 ipsius.
805 2069 920 2111 Nam
946 2071 1075 2111 etiam
1101 2071 1137 2112 si
1169 2072 1347 2111 verbum
1373 2070 1446 2111 ali-

105 2129 219 2182 quod
250 2143 300 2169 ex
333 2128 491 2182 scripto
523 2129 807 2169 definiendum
841 2132 905 2170 est
931 2144 1059 2183 quam
1085 2129 1171 2170 vim
1196 2129 1366 2181 habeat,
1396 2131 1444 2168 ut

105 2202 202 2228 cum
240 2201 290 2227 ex
326 2186 595 2227 testamentis
629 2187 729 2240 quid
767 2187 823 2227 sit
859 2202 993 2241 penus
1033 2190 1106 2228 aut
1138 2202 1235 2228 cum
1267 2201 1317 2227 ex
1348 2162 1443 2240 lege

103 2245 249 2299 praedi
294 2244 511 2299 quaeritur
555 2259 661 2297 quae
705 2245 791 2285 sint
840 2248 937 2286 ruta
981 2260 1119 2298 caesa,
1162 2259 1250 2285 non
1294 2243 1443 2296 scripti

105 2317 251 2358 genus,
277 2303 349 2344 sed
370 2302 487 2344 verbi
505 2302 804 2357 interpretatio
826 2303 1161 2345 controversiam
1181 2302 1295 2343 facit.
1335 2300 1513 2342 Cum108
