1643 2526
193 111 250 152 46
706 111 769 145 DE
797 111 1022 146 ORATORE

195 207 385 248 omnium
422 206 779 261 philosophorum
816 221 926 247 unus
963 206 1069 247 mihi
1101 206 1268 248 videtur
1298 207 1384 248 XII
1413 208 1536 256 tabu-

193 265 332 306 larum
362 265 546 320 libellus,
579 265 614 306 si
646 265 741 318 quis
773 265 917 320 legum
948 264 1090 306 fontes
1123 268 1166 306 et
1198 265 1339 319 capita
1369 265 1535 320 viderit,

195 327 237 364 et
269 323 539 364 auctoritatis
571 323 756 377 pondere
788 327 830 364 et
860 323 1063 364 utilitatis
1094 323 1290 364 ubertate
1323 338 1533 378 superare.

127 382 258 423 196Ac
292 382 327 422 si
358 396 456 435 nos,
493 382 538 422 id
570 382 683 435 quod
714 381 896 422 maxime
929 381 1071 435 debet,
1110 385 1260 422 nostra
1296 382 1437 436 patria
1468 382 1534 423 de-

194 440 344 494 lectat,
388 440 507 481 cuius
548 440 610 480 rei
653 443 775 480 tanta
816 443 880 480 est
920 439 983 480 vis
1023 454 1070 480 ac
1110 442 1232 480 tanta
1270 443 1443 494 natura,
1485 443 1533 481 ut

194 498 389 539 Ithacam
420 498 540 539 illam
570 498 616 538 in
642 498 886 552 asperrimis
920 497 1078 538 saxulis
1111 500 1317 552 tanquam
1341 498 1535 540 nidulum

197 556 369 597 affixam
407 556 747 610 sapientissimus
785 556 849 597 vir
886 555 1202 597 immortalitati
1241 559 1534 610 anteponeret:

196 628 279 667 quo
318 629 460 655 amore
497 615 669 656 tandem
706 614 960 655 inflammati
998 629 1089 655 esse
1128 614 1330 655 debemus
1367 614 1413 655 in
1443 615 1533 656 eius

196 672 311 713 modi
342 673 539 726 patriam,
570 687 677 726 quae
708 687 793 713 una
823 672 868 712 in
900 672 1097 713 omnibus
1129 673 1253 713 terris
1287 673 1436 714 domus
1469 675 1534 714 est

196 730 370 771 virtutis
401 731 570 784 imperii
603 730 854 785 dignitatis?
891 730 1010 771 cuius
1041 730 1226 784 primum
1257 731 1382 772 nobis
1414 745 1532 772 mens

198 802 290 829 mos
328 788 552 842 disciplina
587 792 692 829 nota
735 803 826 829 esse
868 789 1010 842 debet,
1049 789 1115 829 vel
1153 789 1252 842 quia
1292 792 1357 829 est
1394 790 1535 843 patria

196 861 349 900 parens
377 847 568 887 omnium
592 850 789 887 nostrum
808 846 875 887 vel
898 846 997 900 quia
1022 849 1143 887 tanta
1170 847 1378 901 sapientia
1402 847 1534 888 fuisse

196 904 242 944 in
278 905 369 945 iure
408 905 706 946 constituendo
743 905 932 959 putanda
969 907 1052 959 est,
1088 908 1248 958 quanta
1277 905 1360 946 fuit
1390 905 1436 945 in
1466 905 1533 947 his

130 962 331 1004 197tantis
364 963 516 1017 opibus
552 962 722 1017 imperii
754 963 1061 1016 comparandis.
1122 963 1372 1016 Percipietis
1404 963 1534 1004 etiam

127 1636 184 1678 45

130 1704 195 1736 198

198 1021 316 1061 illam
337 1035 387 1061 ex
408 1021 652 1076 cognitione
676 1021 782 1062 iuris
809 1020 1019 1062 laetitiam
1045 1024 1087 1062 et
1106 1021 1383 1076 voluptatem,
1409 1022 1533 1076 quod,

199 1082 406 1133 quantum
436 1079 731 1133 praestiterint
756 1079 893 1120 nostri
919 1079 1100 1120 maiores
1131 1079 1358 1133 prudentia
1383 1079 1534 1121 ceteris

200 1137 420 1192 gentibus,
462 1140 556 1178 tum
592 1137 794 1178 facillime
831 1137 1110 1192 intellegetis,
1154 1137 1189 1177 si
1226 1152 1322 1178 cum
1361 1137 1535 1179 illorum

198 1195 396 1249 Lycurgo
429 1198 472 1236 et
502 1195 697 1236 Dracone
733 1198 775 1236 et
808 1194 962 1235 Solone
993 1198 1163 1236 nostras
1195 1195 1310 1249 leges
1343 1196 1534 1237 conferre

198 1253 429 1294 volueritis.
491 1253 744 1294 Incredibile
783 1256 847 1293 est
885 1253 1017 1307 enim,
1058 1267 1185 1306 quam
1223 1253 1279 1294 sit
1312 1268 1435 1295 omne
1466 1254 1533 1295 ius

199 1311 321 1352 civile
351 1314 520 1366 praeter
551 1312 632 1352 hoc
665 1314 862 1352 nostrum
897 1311 1163 1352 inconditum
1195 1326 1242 1353 ac
1274 1326 1406 1366 paene
1438 1312 1535 1352 ridi-

200 1369 360 1424 culum,
403 1370 453 1410 de
486 1384 567 1423 quo
600 1370 736 1410 multa
768 1369 884 1410 soleo
922 1369 968 1409 in
1005 1369 1272 1410 sermonibus
1310 1370 1534 1411 cotidianis

198 1427 354 1482 dicere,
395 1442 491 1469 cum
531 1427 753 1468 hominum
792 1430 1039 1468 nostrorum
1075 1428 1344 1481 prudentiam
1383 1428 1534 1469 ceteris

199 1486 397 1527 omnibus
439 1489 481 1526 et
521 1486 704 1526 maxime
744 1484 917 1526 Graecis
962 1489 1186 1539 antepono.
1248 1486 1328 1526 His
1366 1500 1446 1540 ego
1485 1487 1534 1527 de

199 1544 338 1585 causis
371 1544 572 1597 dixeram,
604 1543 820 1598 Scaevola,
850 1544 916 1597 iis,
947 1543 1020 1597 qui
1045 1543 1223 1597 perfecti
1250 1546 1417 1585 oratore
1443 1558 1534 1585 esse

198 1602 368 1656 vellent,
397 1602 501 1643 iuris
534 1601 670 1643 civilis
703 1616 793 1642 esse
827 1601 1116 1656 cognitionem
1146 1602 1441 1643 necessariam.

317 1659 410 1700 lam
441 1673 540 1700 vero
578 1659 673 1713 ipsa
704 1673 779 1713 per
811 1673 902 1699 sese
935 1662 1141 1712 quantum
1173 1660 1322 1700 afferat
1352 1660 1424 1714 iis,
1462 1661 1534 1714 qui

199 1717 237 1758 ei
268 1720 490 1772 praesunt,
525 1717 700 1758 honoris
740 1717 902 1771 gratiae
940 1717 1162 1771 dignitatis
1202 1718 1296 1771 quis
1333 1717 1534 1773 ignorat?

198 1775 369 1829 Itaque,
409 1779 458 1816 ut
498 1775 609 1829 apud
651 1774 835 1816 Graecos
878 1774 1015 1815 infimi
1058 1775 1251 1816 homines
1295 1776 1536 1817 mercedula

199 1833 369 1875 adducti
408 1833 629 1874 ministros
668 1847 712 1874 se
752 1833 958 1887 praebent
992 1832 1039 1873 in
1074 1833 1241 1874 iudiciis
1281 1834 1535 1889 oratoribus,

1552 455 1570 481 5

1555 731 1643 772 10³

1553 1037 1586 1063 15

1553 1328 1588 1353 20

1554 1618 1587 1644 25

196 1891 228 1932 ii
261 1891 333 1944 qui
365 1892 477 1946 apud
507 1891 605 1932 illos
637 1889 925 1943 πραγματικοὶ
956 1894 1180 1946 vocantur,
1220 1891 1280 1932 sic
1311 1892 1357 1932 in
1385 1895 1534 1933 nostra
1552 1908 1588 1934 30

198 1948 371 1990 civitate
404 1952 552 1990 contra
584 1949 871 2003 amplissimus
899 1948 1076 2003 quisque
1103 1952 1146 1990 et
1172 1950 1432 1991 clarissimus
1458 1950 1535 2005 vir,

197 2009 246 2047 ut
270 2007 354 2061 ille,
386 2007 458 2060 qui
483 2010 659 2061 propter
683 2007 792 2048 hanc
817 2006 922 2047 iuris
955 2006 1092 2048 civilis
1125 2007 1349 2048 scientiam
1378 2008 1438 2050 sic
1465 2023 1534 2063 ap-

197 2065 379 2119 pellatus
412 2080 437 2106 a
468 2079 634 2106 summo
666 2068 794 2119 poeta
825 2067 907 2105 est:

214 2156 435 2213 Egregie
467 2157 706 2199 cordatus
738 2157 904 2212 homo,
936 2160 1079 2199 catus
1111 2157 1289 2200 Aelius
1323 2157 1525 2213 Sextus,

197 2238 405 2293 multique
430 2241 661 2293 praeterea,
688 2238 771 2292 qui,
791 2253 886 2280 cum
910 2238 1084 2294 ingenio
1105 2239 1187 2280 sibi
1207 2242 1379 2281 auctore
1400 2239 1534 2294 digni-

198 2300 333 2338 tatem
363 2295 641 2351 peperissent,
671 2296 952 2351 perfecerunt,
982 2299 1031 2337 ut
1055 2296 1100 2337 in
1125 2297 1417 2352 respondendo
1442 2297 1533 2339 iure

1553 2257 1590 2283 35
