1643 2526
129 601 192 632 187

198 88 285 130 270
775 88 964 124 BRUTUS

199 198 324 237 quem
354 183 418 224 ita
447 183 707 239 rogavisses:
740 182 842 232 Quis
871 186 935 224 est
959 183 1005 224 in
1029 183 1110 225 hac
1143 183 1315 225 civitate
1342 185 1538 239 eloquen-

197 241 420 283 tissimus?
452 241 498 282 in
517 242 707 282 Antonio
734 245 776 282 et
803 240 957 282 Crasso
985 244 1059 282 aut
1084 242 1299 283 dubitaret
1325 246 1399 284 aut
1424 244 1537 285 hunc

199 300 319 354 alius,
343 300 467 340 illum
493 300 600 341 alius
627 300 796 341 diceret.
840 299 1034 341 Nemone
1054 299 1302 354 Philippum
1327 304 1417 342 tam
1443 316 1536 342 sua-

197 373 293 399 vem
334 361 566 412 oratorem,
608 360 698 399 tam
737 372 926 413 gravem,
969 360 1059 399 tam
1094 358 1280 399 facetum
1316 359 1384 400 his
1423 362 1538 400 ante-

197 416 346 470 ferret,
383 431 508 470 quem
538 419 708 457 nosmet
737 416 839 471 ipsi,
878 416 951 469 qui
987 416 1092 457 haec
1124 419 1215 458 arte
1247 417 1390 471 aliqua
1419 418 1536 458 volu·
1571 433 1588 459 5

197 489 292 515 mus
325 475 570 529 expendere,
600 474 843 529 proximum
868 474 953 515 illis
981 474 1111 515 fuisse
1144 475 1356 516 diximus?
1396 475 1535 517 Nemo

197 532 407 588 profect03
438 533 481 574 id
513 533 626 574 enim
655 533 797 587 ipsum
830 536 895 574 est
927 532 1082 573 summi
1114 533 1295 574 oratoris
1323 548 1536 575 summum

198 594 411 632 oratorem
454 591 612 645 populo
657 591 800 632 videri.
869 590 1007 639 Quare
1050 591 1211 632 tibicen
1252 591 1535 647 Antigenidas

198 649 351 690 dixerit
372 649 580 704 discipulo
609 664 708 690 sane
735 649 911 704 frigenti
938 649 990 689 ad
1014 650 1238 703 populum:
1264 649 1390 691 Mihi
1416 665 1535 691 cane

198 710 245 748 et
271 707 448 763 Musis,
480 722 559 762 ego
586 708 684 748 huic
710 708 845 748 Bruto
873 707 1043 762 dicenti,
1073 710 1122 748 ut
1148 709 1270 762 solet,
1295 709 1406 762 apud
1432 709 1536 749 mul·
1556 725 1590 750 ιο

197 765 437 820 titudinem,
465 765 591 806 Mihi
618 780 737 807 cane
764 769 812 806 et
836 766 1043 820 populo,
1074 766 1138 807 mi
1164 766 1320 807 Brute
1347 766 1537 821 dixerim,

197 827 245 864 ut
277 824 349 877 qui
381 824 555 864 audient
587 824 689 877 quid
721 824 948 879 efficiatur,
985 838 1064 879 ego
1103 824 1232 865 etiam
1271 839 1345 866 cur
1374 825 1418 866 id
1450 825 1536 866 effi-

197 882 334 923 ciatur
364 882 626 937 intellegam.
688 881 833 923 Credit
865 882 924 923 eis
958 896 1064 936 quae
1090 882 1289 924 dicuntur
1314 883 1386 936 qui
1418 883 1536 924 audit

198 943 428 994 oratorem,
466 955 565 981 vera
601 942 745 994 putat,
782 940 1020 981 adsentitur
1055 942 1228 995 probat,
1267 941 1395 982 fidem
1431 941 1536 983 facit

129 998 353 1040 issomtio:
397 1002 445 1039 tu
483 998 636 1039 artifex
675 999 775 1053 quid
813 999 979 1053 quaeris
1024 999 1236 1053 amplius?
1285 999 1536 1040 Delectatur
1556 1016 1588 1041 15

197 1056 371 1097 audiens
392 1057 621 1098 multitudo
643 1060 684 1097 et
704 1056 873 1098 ducitur
893 1057 1084 1097 oratione
1105 1061 1147 1098 et
1168 1058 1289 1111 quasi
1315 1058 1535 1112 voluptate

197 1115 380 1168 quadam
399 1115 685 1169 perfunditur:
713 1115 813 1168 quid
832 1115 964 1156 habes
985 1116 1098 1168 quod
1121 1114 1341 1169 disputes?
1369 1115 1536 1157 Gaudet

197 1173 330 1227 dolet,
368 1173 477 1213 ridet
508 1174 668 1227 plorat,
707 1173 822 1214 favet
855 1173 962 1227 odit,
999 1174 1235 1214 contemnit
1265 1174 1447 1228 invidet,
1483 1175 1536 1215 ad

196 1231 532 1272 misericordiam
562 1231 791 1285 inducitur,
829 1232 881 1272 ad
912 1231 1167 1286 pudendum,
1204 1233 1256 1272 ad
1286 1232 1535 1287 pigendum3
1602 1268 1605 1270 .

195 1289 395 1330 irascitur
426 1289 670 1344 mitigatur,
708 1292 851 1343 sperat
887 1290 1028 1344 timet3
1077 1290 1181 1331 haec
1218 1290 1391 1344 perinde
1431 1290 1536 1332 acci·
1555 1308 1589 1333 ρο

196 1348 314 1401 dunt,
345 1351 392 1388 ut
418 1361 565 1388 eorum
591 1348 663 1401 qui
696 1349 850 1388 adsunt
881 1351 1044 1389 mentes
1075 1347 1215 1389 verbis
1243 1351 1285 1389 et
1311 1348 1534 1390 sententiis

196 1408 238 1447 et
270 1405 436 1447 actione
469 1408 726 1460 tractantur3
768 1406 869 1459 quid
901 1409 966 1447 est
998 1406 1111 1459 quod
1143 1409 1388 1461 expectetur
1419 1407 1535 1448 docti

196 1463 374 1504 alicuius
408 1464 647 1505 sententia?
694 1464 817 1512 Quod
848 1464 961 1505 enim
992 1465 1148 1518 probat
1179 1465 1423 1519 multitudo,
1453 1465 1535 1507 hoc

194 1522 308 1562 idem
345 1522 482 1563 doctis
520 1523 787 1576 probandum
825 1526 900 1563 est.
970 1522 1165 1576 Denique
1202 1523 1283 1564 hoc
1322 1523 1536 1577 specimen

196 1583 261 1621 est
290 1580 508 1634 popularis
533 1580 676 1634 iudici,
706 1581 751 1621 in
778 1595 861 1634 quo
887 1595 1120 1634 numquam
1146 1580 1228 1621 fuit
1254 1581 1412 1635 populo
1439 1596 1535 1623 cum
1554 1597 1588 1623 25

128 1638 331 1680 189doctis
363 1638 796 1692 intellegentibusque
829 1638 1048 1679 dissensio.
1106 1638 1212 1680 Cum
1241 1639 1366 1680 multi
1393 1642 1535 1681 essent

197 1699 387 1736 oratores
418 1696 464 1736 in
492 1696 609 1736 vario
643 1710 795 1751 genere
828 1696 1005 1750 dicendi,
1037 1696 1131 1750 quis
1164 1711 1352 1750 unquam
1385 1712 1435 1738 ex
1466 1698 1533 1738 his

196 1754 398 1795 excellere
430 1754 642 1795 iudicatus
675 1757 740 1795 est
771 1754 888 1809 volgi
918 1754 1095 1808 iudicio,
1133 1755 1205 1808 qui
1242 1769 1330 1795 non
1366 1755 1478 1796 idem
1511 1771 1535 1796 a

196 1812 333 1853 doctis
359 1812 642 1865 probaretur?
676 1812 853 1861 Quando
881 1816 1023 1853 autem
1050 1813 1226 1853 dubium
1251 1813 1404 1854 fuisset
1423 1814 1535 1868 apud

194 1873 338 1924 patres
369 1873 540 1911 nostros
574 1870 756 1925 eligendi
789 1870 857 1911 cui
888 1870 1059 1925 patroni
1092 1871 1262 1912 daretur
1289 1871 1406 1926 optio
1434 1872 1534 1925 quin
1554 1889 1588 1914 30

196 1931 270 1969 aut
300 1928 538 1969 Antonium
579 1931 748 1982 optaret
786 1931 859 1969 aut
897 1928 1129 1970 Crassum?
1179 1930 1369 1970 Aderant
1409 1930 1534 1970 multi

196 1986 286 2041 alii3
331 1990 474 2027 tamen
517 1989 662 2027 utrum
700 1987 749 2027 de
785 1986 853 2027 his
896 1986 1041 2041 potius
1086 1987 1325 2028 dubitasset
1368 1987 1536 2043 aliquis,

196 2044 299 2098 quin
331 2044 512 2085 alterum
542 2059 678 2086 nemo.
741 2044 869 2099 Quid,
907 2045 1249 2086 adulescentibus
1280 2046 1405 2087 nobis
1437 2060 1534 2087 cum

195 2105 308 2143 esset
349 2100 478 2143 Cotta
519 2106 561 2143 et
600 2103 877 2157 Hortensius,
918 2117 1022 2144 num
1065 2103 1178 2158 quis,
1221 2103 1322 2157 quoi
1367 2104 1535 2157 quidem

196 2160 380 2215 eligendi
416 2164 608 2215 potestas
648 2164 778 2216 esset,
821 2175 1076 2215 quemquam
1113 2161 1179 2203 his
1218 2162 1535 2216 anteponebat?
1554 2178 1588 2204 35

125 2195 179 2237 51
197 2219 306 2260 Tum
343 2218 522 2260 Brutus:
567 2218 676 2267 Quid
713 2222 779 2273 tn,
818 2219 977 2275 inquit,
1018 2220 1185 2274 quaeris
1225 2220 1360 2261 alios?
1409 2220 1459 2261 de
1491 2223 1550 2261 te-

127 2265 206 2296 190·

194 2291 289 2332 ipso
329 2291 470 2318 nonne
509 2277 610 2331 quid
649 2279 847 2331 optarent
887 2278 967 2333 rei,
1010 2278 1112 2332 quid
1148 2278 1239 2333 ipse
1277 2277 1534 2320 Hortensius
