1643 2526
519 71 619 105 CAP.
648 73 797 105 19-20.
848 74 867 112 g
895 73 1043 106 72—77.
1367 71 1453 112 443

109 167 283 208 hibetur
331 191 379 196 —
426 180 583 220 magna
632 167 697 206 est
741 165 854 206 enim
897 165 960 206 vis
1012 166 1065 206 ad
1113 165 1454 220 persuadendum

112 225 315 267 scientiae
358 249 405 254 —
447 227 520 265 aut
557 238 678 278 usus3
718 224 968 277 plerumque
1010 223 1123 264 enim
1165 223 1351 265 creditur
1387 224 1454 278 iis,

112 283 184 337 qui
216 283 378 337 experti
411 285 521 324 sunt.
584 282 706 323 Facit
738 282 866 323 etiam
899 282 1132 323 necessitas
1164 282 1303 336 fidem,
1344 296 1452 335 quae
1468 283 1524 323 20

111 345 204 382 tum
237 357 260 382 a
292 341 541 395 corporibus
580 344 671 381 tum
711 341 763 381 ab
805 340 957 382 animis
996 341 1198 382 nascitur.
1260 340 1373 381 Nam
1411 343 1453 381 et

76 399 358 442 5verberibus
408 399 634 440 tormentis
682 399 773 454 igni
823 399 995 454 fatigati
1040 413 1146 452 quae
1191 399 1356 453 dicunt,
1405 413 1454 440 ea

111 459 279 500 videtur
314 458 472 499 veritas
515 458 610 511 ipsa
650 457 786 499 dicere
828 460 870 498 et
908 472 1014 511 quae
1055 457 1453 511 perturbationibus

112 517 260 571 animi,
301 517 445 557 dolore
484 516 714 570 cupiditate
751 516 971 557 iracundia
1007 519 1143 570 metu,
1184 516 1283 570 quia
1313 530 1455 557 neces-

112 575 254 616 sitatis
299 575 385 616 vim
428 575 606 629 habent,
650 574 846 615 adferunt
889 574 1191 616 auctoritatem
1236 577 1278 615 et
1316 575 1454 615 fidem.

112 632 243 675 Cuius
282 633 448 688 generis
488 633 618 674 etiam
654 633 728 673 illa
759 636 877 687 sunt,
914 648 964 674 ex
1002 633 1156 688 quibus
1189 648 1336 673 verum
1367 647 1454 673 non

60 711 92 735 10
111 706 345 745 numquam
370 691 597 746 invenitur,
628 691 812 746 pueritia
839 706 1012 732 somnus
1039 691 1313 745 inprudentia
1338 691 1454 732 vino-

110 750 244 791 lentia
280 750 460 791 insania.
520 749 634 791 Nam
665 753 708 791 et
738 750 859 804 parvi
892 765 1016 804 saepe
1054 750 1350 791 indicaverunt
1382 749 1454 790 ali-

112 809 226 863 quid,
258 823 341 862 quo
372 809 416 849 id
447 808 682 863 pertineret
712 808 866 863 ignari,
897 811 940 849 et
970 823 1046 862 per
1078 822 1276 849 somnum
1307 808 1453 849 vinum

111 867 323 908 insaniam
355 867 491 908 multa
523 881 647 921 saepe
680 866 896 920 patefacta
928 870 1038 907 sunt.
1100 866 1227 908 Multi
1254 867 1384 907 etiam
1411 867 1455 906 in

111 941 178 966 res
219 926 387 966 odiosas
424 926 701 979 inprudenter
737 925 995 979 inciderunt,
1032 928 1081 966 ut
1114 924 1288 966 Staieno
1320 939 1455 979 nuper

60 1002 92 1027 15
113 984 279 1038 accidit,
305 984 376 1037 qui
396 999 445 1024 ea
466 984 636 1024 locutus
658 986 722 1024 est
748 984 872 1024 bonis
899 983 1001 1024 viris
1029 984 1453 1024 subauscultantibus

110 1042 273 1097 pariete
310 1042 585 1096 interposito,
626 1042 779 1095 quibus
819 1041 1047 1096 patefactis
1083 1042 1130 1082 in
1165 1042 1454 1095 iudiciumque

111 1101 291 1154 prolatis
328 1100 401 1141 ille
439 1100 500 1141 rei
541 1100 735 1154 capitalis
779 1100 870 1141 iure
915 1101 1139 1141 damnatus
1185 1104 1259 1141 est.
1324 1100 1454 1153 [Huic

112 1159 250 1200 simile
277 1159 477 1212 quiddam
503 1158 552 1199 de
576 1158 914 1199 Lacedaemonio
940 1158 1154 1199 Pausania
1181 1159 1452 1213 accepimus]

114 1216 348 1258 Concursio
394 1220 536 1257 autem
579 1217 858 1257 fortuitorum
902 1217 1002 1258 talis
1044 1220 1121 1271 est⁷
1164 1221 1212 1258 ut
1255 1218 1291 1258 si
1327 1217 1455 1258 inter-

61 1293 94 1318 20
113 1278 289 1316 ventum
327 1278 391 1316 est
433 1289 552 1329 casu⁷
597 1290 726 1328 quom
767 1279 841 1316 aut
882 1278 1080 1330 ageretur
1120 1275 1300 1331 aliquid,
1342 1276 1456 1330 quod

111 1334 418 1388 proferundum
448 1348 535 1374 non
561 1336 685 1387 esset,
717 1337 790 1374 aut
822 1333 1043 1374 diceretur.
1106 1333 1157 1374 In
1188 1335 1269 1375 hoc
1302 1349 1455 1389 genere

114 1392 245 1433 etiam
281 1392 400 1432 illast
433 1391 479 1431 in
510 1391 762 1432 Palameden
804 1392 997 1433 coniecta
1034 1392 1325 1446 suspicionum
1361 1407 1456 1447 pro-

114 1450 288 1491 ditionis
322 1450 572 1505 multitudo3
611 1451 723 1504 quod
762 1464 894 1505 genus
927 1451 1112 1491 refutare
1144 1451 1359 1492 interdum
1390 1466 1457 1492 ve-

113 1509 219 1550 ritas
250 1508 321 1549 vix
351 1512 507 1563 potest.
569 1508 707 1549 Huius
740 1508 870 1549 etiam
902 1512 967 1550 est
993 1509 1160 1564 generis
1186 1510 1301 1550 fama
1326 1509 1457 1564 vulgi,

63 1585 95 1610 25
116 1567 328 1621 quoddam
348 1567 634 1608 multitudinis
655 1567 960 1608 testimonium.
998 1567 1114 1616 Quae
1136 1571 1278 1608 autem
1298 1568 1456 1609 virtute

114 1626 241 1667 fidem
278 1625 460 1679 faciunt,
501 1640 548 1666 ea
589 1625 793 1679 bipertita
831 1629 948 1681 sunt3
992 1641 1042 1667 ex
1080 1626 1234 1680 quibus
1274 1627 1456 1667 alterum

113 1688 267 1725 natura
298 1684 411 1725 valet
448 1684 630 1724 alterurn
665 1684 886 1725 industria.
947 1684 1136 1725 Deorum
1175 1685 1287 1726 enim
1318 1685 1455 1726 virtus

115 1745 271 1783 natura
315 1742 500 1796 excellit,
549 1742 772 1783 hominum
817 1746 959 1784 autem
1002 1743 1224 1784 industria.
1299 1743 1457 1784 Divina

115 1801 219 1842 haec
250 1800 336 1841 fere
371 1804 470 1841 sunt
505 1801 770 1842 testimonia:
814 1801 1000 1855 primum
1039 1802 1245 1842 orationis
1281 1827 1333 1830 -
1368 1816 1457 1843 ora-

64 1877 98 1901 30
117 1859 212 1900 cula
243 1858 356 1899 enim
389 1874 438 1899 ex
470 1873 519 1899 eo
550 1859 644 1913 ipso
678 1859 892 1913 appellata
924 1862 1041 1913 sunt,
1082 1861 1195 1913 quod
1231 1860 1343 1901 inest
1376 1860 1455 1912 [in]

115 1917 182 1958 his
216 1917 391 1958 deorum
424 1917 560 1958 oratio
594 1942 637 1946 —
647 1918 841 1972 ,deinde
874 1933 1027 1972 rerum,
1058 1919 1103 1958 in
1129 1918 1284 1983 quibus
1310 1919 1457 1959 insunt

118 1975 239 2030 quasi
283 1975 489 2040 quaedam
534 1990 662 2030 opera
705 1976 864 2017 divina:
908 1977 1095 2030 primum
1138 1977 1228 2031 ipse
1273 1977 1456 2018 mundus

117 2034 291 2099 eiusque
324 2033 461 2074 omnis
494 2035 596 2075 ordo
629 2037 671 2075 et
704 2037 897 2089 ornatus;
929 2035 1125 2090 deinceps
1153 2035 1255 2076 aerii
1288 2036 1456 2076 volatus

118 2092 260 2133 avium
292 2094 418 2145 atque
451 2096 618 2148 cantus3
661 2093 809 2134 deinde
848 2093 1036 2134 eiusdem
1075 2094 1182 2135 aeris
1217 2095 1382 2135 sonitus
1416 2098 1458 2134 et

66 2166 100 2191 35
119 2150 290 2190 ardores
328 2127 644 2204 multarumqlie
682 2166 823 2192 rerum
860 2152 905 2192 in
941 2155 1055 2193 terra
1092 2156 1291 2206 portenta
1329 2155 1456 2205 atque

119 2209 248 2249 etiam
291 2223 366 2261 per
409 2212 506 2250 exta
547 2209 721 2251 inventa
764 2211 1026 2265 praesensio3
1077 2226 1100 2251 a
1145 2211 1456 2251 dormientibus

120 2281 286 2320 quoque
319 2266 455 2308 multa
486 2267 727 2322 significata
758 2268 872 2309 visis.
935 2268 1097 2318 Quibus
1131 2284 1180 2309 ex
1212 2269 1317 2310 locis
1345 2268 1456 2308 sumi

1481 644 1523 675 75

1482 1229 1524 1259 76

1484 1753 1525 1784 77
