1643 2526
521 96 620 131 CAP.
647 99 796 131 20—21.
835 98 854 138 ξ
881 97 1029 130 78—84.
1362 92 1447 133 243

109 194 220 236 cullo
253 193 348 247 fuit,
380 196 422 234 et
451 192 670 233 litteratus
702 193 744 232 et
770 190 954 231 disertus
986 189 1087 241 fuit3
1119 191 1161 230 et
1186 188 1326 230 tenuit
1351 202 1448 229 cum

109 253 190 294 hoc
226 252 370 293 locum
407 251 633 305 quemdam
670 249 800 291 etiam
833 247 919 290 Ser.
951 248 996 289 F:
1019 247 1129 288 lvius
1168 250 1210 289 et
1242 262 1326 288 una
1360 245 1447 287 Ser.

110 310 269 352 Fabius
309 309 457 351 Pictor
496 312 539 350 et
577 308 682 349 iuris
724 311 767 349 et
805 307 1047 348 litterarum
1091 309 1133 347 et
1175 304 1448 359 antiquitatis

111 369 217 410 bene
248 368 429 423 peritus,
461 366 753 420 Quinctusque
784 365 946 407 Fabius
978 364 1122 405 Labeo
1155 364 1238 405 fuit
1271 366 1446 405 ornatus

77 445 91 469 5
111 428 246 468 isdem
295 426 382 467 fere
431 425 640 466 laudibus.
711 424 823 465 Nam
873 423 919 472 Q.
970 422 1192 477 Metellus,
1239 422 1276 463 is
1328 421 1447 464 cuius

113 488 316 540 quattuor
346 484 425 525 filii
456 484 699 526 consulares
725 483 909 537 fuerunt,
940 482 984 522 in
1008 481 1158 536 primis
1184 484 1250 522 est
1275 481 1449 521 habitus

113 545 334 598 eloquens,
371 543 443 596 qui
473 557 550 597 pro
584 542 628 582 L.
662 540 790 582 Cotta
822 541 929 582 dixit
968 543 1195 582 accusante
1227 538 1451 593 African03

114 603 232 644 cuius
265 605 308 643 et
340 602 446 642 aliae
481 603 580 642 sunt
612 600 826 641 orationes
860 603 902 640 et
935 601 1085 640 contra
1115 598 1177 639 Ti.
1211 596 1451 639 Gracchum

114 660 308 715 exposita
334 663 399 701 est
423 659 469 700 in
494 657 538 700 C.
565 658 703 699 Fanni
729 657 965 699 annalibus.
1008 656 1118 698 Tum
1142 656 1234 711 ipse
1254 655 1301 697 L.
1322 654 1451 697 Cotta

63 738 95 762 10
115 722 180 761 est
216 721 430 760 veterator
467 717 660 772 habitus3
700 741 749 746 --
791 717 864 758 sed
896 714 940 757 O.
972 715 1144 757 Laelius
1182 718 1225 756 et
1261 714 1306 755 P.
1339 714 1453 755 Afri-

114 792 244 820 canus
275 777 321 817 in
350 776 500 831 primis
533 775 799 830 eloquentes,
831 789 1013 829 quorum
1045 776 1193 815 extant
1225 772 1454 826 orationes,

114 851 165 878 ex
208 836 362 889 quibus
406 834 654 876 existumari
704 834 754 874 de
796 833 980 887 ingeniis
1025 836 1245 874 oratorum
1293 835 1450 886 potest.

117 893 200 936 Sed
224 894 336 935 inter
355 894 434 934 hos
461 896 599 934 aetate
620 892 795 947 paulum
814 892 881 932 his
903 891 1154 933 antecedens
1176 890 1266 931 sine
1287 892 1454 931 contro-

115 953 254 995 versia
287 951 374 993 Ser.
408 951 544 992 Galba
576 950 820 1005 eloquentia
849 949 1085 1004 praestitit,
1117 952 1159 990 et
1188 948 1392 989 nimirum
1416 948 1453 989 is

65 1029 96 1054 15
116 1011 312 1067 princeps
353 1024 404 1051 ex
444 1009 611 1050 Latinis
652 1009 726 1049 illa
767 1012 985 1050 oratorum
1026 1007 1201 1062 propria
1245 1010 1286 1048 et
1331 1006 1453 1061 quasi

115 1070 323 1125 legituma
355 1082 483 1123 opera
520 1067 740 1121 tractavit,
777 1070 825 1108 ut
863 1067 1134 1121 egrederetur
1171 1081 1196 1107 a
1231 1065 1454 1119 proposito

118 1127 295 1170 ornandi
333 1141 478 1180 causa,
514 1129 563 1167 ut
601 1126 831 1167 delectaret
869 1125 1052 1179 animos,
1090 1127 1138 1165 ut
1176 1126 1455 1178 permoveret,

1477 665 1520 696 82

117 1189 165 1228 ut
190 1188 365 1241 augeret
384 1199 487 1239 rem,
510 1187 559 1226 ut
578 1183 939 1238 miserationibus,
957 1186 1006 1224 ut
1026 1182 1322 1225 communibus
1348 1182 1455 1223 locis
1501 1205 1508 1208 >

117 1248 319 1286 uteretur.
382 1242 464 1285 Sed
502 1243 646 1284 nescio
689 1242 901 1296 quomodo
939 1241 1085 1296 huius,
1123 1255 1248 1295 quem
1286 1243 1456 1282 constat

65 1320 100 1346 20
119 1302 364 1356 eloquentia
394 1301 679 1355 praestitisse,
710 1300 907 1342 exiliores
940 1300 1156 1341 orationes
1190 1302 1291 1340 sunt
1323 1302 1366 1340 et
1396 1313 1458 1339 re-

119 1361 309 1402 dolentes
342 1359 480 1415 magis
513 1359 816 1413 antiquitatem
849 1373 977 1413 quam
1009 1361 1082 1399 aut
1112 1357 1233 1398 Laeli
1265 1360 1339 1398 aut
1371 1355 1458 1398 Sci-

119 1419 258 1473 pionis
292 1421 366 1460 aut
391 1418 520 1458 etiam
550 1418 686 1472 ipsius
713 1416 889 1459 Catonis
921 1416 1066 1470 itaque
1093 1418 1363 1469 exaruerunt,
1387 1415 1458 1456 vix

119 1478 205 1519 iam
238 1480 286 1518 ut
318 1479 563 1531 appareant.

237 1535 302 1576 De
338 1535 474 1590 ipsius
505 1534 624 1575 Laeli
662 1537 704 1575 et
737 1532 949 1587 Scipionis
986 1532 1160 1587 ingenio
1200 1546 1459 1586 quamquam

69 1613 101 1638 25
121 1610 170 1636 ea
201 1597 267 1635 est
297 1593 423 1648 fama,
454 1596 502 1634 ut
526 1593 760 1647 plurimum
791 1592 1008 1632 tribuatur
1040 1591 1262 1644 ambobus,
1294 1590 1459 1631 dicendi

121 1656 265 1694 tamen
302 1653 395 1693 laus
434 1654 498 1693 est
535 1652 580 1692 in
610 1650 757 1691 Laelio
783 1648 1015 1691 inlustrior.
1077 1648 1138 1690 At
1170 1648 1307 1690 oratio
1340 1647 1460 1689 Laeli

122 1712 171 1752 de
210 1710 401 1764 collegiis
433 1724 521 1750 non
557 1709 708 1750 melior
746 1723 871 1762 quam
909 1708 958 1749 de
997 1707 1144 1748 multis
1183 1721 1311 1761 quam
1342 1707 1459 1748 voles

124 1768 353 1824 Scipionis,
392 1782 480 1809 non
520 1782 603 1821 quo
644 1767 719 1808 illa
756 1766 875 1807 Laeli
920 1765 1148 1820 quicquam
1191 1765 1247 1807 sit
1294 1764 1458 1807 dulcius

123 1830 197 1869 aut
229 1840 312 1881 quo
345 1827 394 1867 de
426 1826 632 1880 religione
665 1825 748 1866 dici
779 1825 918 1879 possit
949 1824 1187 1879 augustius,
1219 1823 1292 1864 sed
1323 1823 1460 1864 multo

71 1904 105 1928 30
125 1889 269 1927 tamen
294 1884 504 1925 vetustior
530 1887 571 1925 et
597 1883 809 1925 horridior
834 1883 907 1923 ille
934 1897 1062 1936 quam
1090 1880 1251 1936 Scipi03
1283 1884 1338 1936 et,
1364 1896 1461 1923 cum

125 1944 211 1985 sint
235 1943 281 1984 in
306 1942 482 1984 dicendo
507 1942 649 1983 variae
675 1942 930 1994 voluntateS,
963 1940 1164 1981 delectari
1190 1940 1296 1981 mihi
1322 1940 1460 1994 magis

125 2001 380 2056 antiquitate
412 2000 579 2041 videtur
610 2003 653 2041 et
683 2000 880 2041 lubenter
905 1998 1047 2040 verbis
1080 1999 1211 2039 etiam
1241 1998 1306 2039 uti
1331 1998 1460 2052 paulo

125 2060 262 2114 magis
308 2058 460 2114 priscis
508 2057 691 2099 Laelius.
760 2057 842 2099 Sed
886 2060 950 2098 est
994 2070 1087 2098 mos
1130 2056 1371 2109 hominum,
1413 2059 1462 2096 ut

124 2118 264 2160 nolint
297 2117 490 2158 eumdem
520 2116 714 2170 pluribus
752 2116 879 2157 rebus
913 2115 1126 2156 excellere.
1188 2114 1301 2155 Nam
1332 2117 1382 2154 ut
1414 2129 1463 2155 ex

73 2193 107 2219 35
125 2177 280 2218 bellica
310 2175 432 2216 laude
465 2174 652 2227 aspirare
685 2175 738 2215 ad
769 2174 1021 2215 Africanum
1057 2187 1182 2214 nemo
1219 2175 1382 2227 potest,
1419 2172 1464 2212 in

127 2250 211 2289 qua
253 2234 349 2289 ipsa
394 2232 614 2288 egregium
659 2232 847 2273 Viriathi
896 2232 1010 2272 bello
1055 2231 1288 2285 reperimus
1332 2230 1462 2270 fuisse

126 2293 338 2335 Laelium:
378 2291 438 2333 sic
474 2290 620 2346 ingeni
658 2290 897 2332 litterarum
929 2289 1197 2344 eloquentiae
1231 2287 1463 2342 sapientiae

1115 2359 1183 2391 16*

1484 1541 1528 1572 83

1489 2066 1533 2096 84
