1643 2526
107 728 137 752 10

103 1601 137 1626 25

104 1893 138 1916 30

105 2181 137 2206 35

590 89 689 123 GAP.
717 91 818 123 5—7.
869 91 888 129 ξ
915 90 1063 121 13-19,
1410 87 1494 128 387

157 184 498 237 permovendum.
560 182 698 232 Quare
730 183 766 224 si
798 182 892 236 quis
925 182 1018 236 erit,
1050 181 1122 235 qui
1155 195 1198 222 se
1231 181 1495 235 Thucydidio
1523 182 1548 223 G

159 256 310 297 genere
349 257 497 283 causas
538 242 583 282 in
619 241 713 283 foro
758 241 971 282 dicturum
1011 254 1102 281 esse
1145 240 1417 294 profiteatur,
1458 239 1495 280 is

158 300 406 341 abhorrebit
444 300 573 341 etiam
606 315 631 341 a
662 298 902 353 suspicione
935 298 1043 352 eius,
1084 298 1195 352 quod
1227 301 1422 339 versatur
1451 297 1497 338 in

158 373 201 399 re
229 358 343 400 civili
369 361 412 399 et
436 359 614 413 forensi3
647 358 712 399 sin
731 357 1020 411 Thucydidem
1045 356 1250 410 laudabit,
1281 356 1498 397 adscribat

160 431 259 458 suae
278 420 471 458 nostram
491 417 756 458 sententiam.
802 414 913 464 Quin
937 415 1079 469 ipsum
1099 414 1345 469 Isocratem,
1371 429 1496 468 quem
1525 425 1565 455 17

158 475 324 516 divinus
352 479 501 516 auctor
526 475 650 516 Plato
678 490 800 516 suum
826 474 913 515 fere
941 473 1161 526 aequalem
1187 473 1497 514 admirabiliter

156 533 201 574 111
232 533 425 574 Phaedro
467 533 630 575 laudari
666 533 769 574 fecit
807 533 858 573 ab
893 530 1068 573 somate
1107 546 1317 585 quemque
1350 546 1496 572 omnes

158 592 273 633 docti
307 607 519 633 summum
558 594 773 633 oratorem
810 605 901 632 esse
943 590 1160 644 dixerunt,
1200 594 1344 631 tamen
1383 590 1496 631 hunc

156 650 202 691 in
232 665 456 691 numerum
487 665 575 691 non
604 664 776 715 repono.
837 648 937 689 Non
963 648 1075 689 enim
1106 648 1151 688 in
1183 648 1271 689 acie
1303 651 1497 689 versatur

157 712 200 750 et
230 708 356 763 ferro,
394 709 466 749 sed
498 709 619 763 quasi
650 708 826 749 rudibus
859 708 949 748 eius
982 706 1115 748 eludit
1147 706 1296 747 oratio.
1358 706 1397 746 A
1430 721 1496 747 me

158 770 318 821 autem,
354 769 403 808 ut
441 781 569 820 quom
601 766 811 808 maxumis
846 766 1021 806 minima
1058 765 1292 818 conferam,
1337 765 1497 819 gladia-

156 828 300 866 torum
321 840 399 879 par
418 825 734 866 nobilissimum
754 824 981 875 inducitur,
1005 823 1252 876 Aeschines,
1278 826 1498 877 tamquam

156 884 489 937 Aeserninus,
531 886 596 935 [ut
629 883 689 924 ait
720 882 929 934 Lucilius]
966 896 1053 922 non
1086 896 1297 935 spurcus
1330 881 1499 935 homo,

158 943 229 983 sed
261 957 356 983 acer
395 948 435 983 et
473 942 622 983 doctus
662 956 809 995 quom
846 940 1154 982 Pacideiano
1192 939 1261 980 hic
1300 954 1498 993 compo-

122 1018 136 1042 5
156 1000 316 1054 nitur,
345 1025 394 1029 —
425 1000 649 1054 optimus
675 1001 826 1054 longe
853 1002 970 1053 post
996 998 1227 1038 homines
1254 1001 1403 1038 natos
1433 1022 1498 1038 —.

156 1058 277 1099 Nihil
303 1058 416 1099 enim
440 1058 515 1099 illo
543 1061 711 1099 oratore
732 1058 918 1099 arbitror
944 1056 1123 1111 cogitari
1150 1070 1275 1110 posse
1302 1056 1499 1097 divinius.

156 1117 269 1158 Huic
305 1117 444 1157 labori
475 1120 624 1157 nostro
658 1117 740 1157 duo
775 1130 929 1171 genera
960 1114 1338 1169 reprehensionum
1371 1129 1499 1168 oppo-
1527 1126 1569 1157 18

155 1178 326 1216 nuntur.
387 1174 530 1216 Unum
562 1175 660 1215 hoc:
705 1174 882 1215 ‘Verum
914 1174 1065 1214 melius
1101 1172 1284 1214 Graeci’.
1341 1173 1380 1213 A
1414 1187 1522 1226 quo-

157 1237 388 1287 quaeratur
414 1233 563 1287 ecquid
589 1233 757 1287 possint
781 1233 865 1286 ipsi
891 1232 1042 1273 melius
1069 1231 1252 1272 Latine?
1284 1231 1498 1272 Alterum:

103 1311 118 1322 ο
158 1291 285 1340 “Quid
321 1291 427 1332 istas
464 1291 607 1345 potius
645 1291 786 1346 legam
824 1306 951 1344 quam
984 1289 1213 1330 Graecas?
1263 1288 1382 1330 Idem
1414 1291 1501 1330 An-

157 1350 293 1390 driam
334 1352 375 1390 et
415 1348 692 1403 Synephebos
732 1363 810 1390 nec
846 1349 986 1389 minus
1030 1347 1293 1399 [Terentium
1325 1351 1368 1388 et
1399 1347 1501 1389 Cae-

158 1408 304 1449 cilium
343 1422 471 1461 quam
502 1407 783 1448 Menandrum
814 1407 981 1462 legunt,
1018 1408 1113 1457 nec]
1152 1405 1500 1446 Andromacham

158 1469 231 1506 aut
263 1466 497 1520 Antiopam
541 1469 615 1506 aut
649 1465 871 1520 Epigonos
910 1464 1088 1505 Latinos
1126 1464 1382 1518 recipiunt[;
1427 1465 1499 1504 sed

157 1527 302 1565 tamen
333 1524 523 1565 Ennium
561 1527 603 1564 et
635 1523 868 1565 Pacuvium
900 1526 942 1564 et
972 1522 1152 1564 Accium
1189 1522 1332 1576 potius
1371 1536 1499 1575 quam

157 1582 408 1636 Euripidem
429 1586 471 1623 et
486 1581 743 1635 Sophoclem
762 1582 940 1636 legunt]
973 1580 1095 1629 Quod
1114 1580 1248 1635 igitur
1268 1583 1333 1621 est
1353 1595 1500 1621 eorum

155 1641 201 1682 in
238 1641 504 1682 orationibus
537 1655 558 1681 e
593 1640 755 1681 Graeco
798 1639 1012 1681 conversis
1051 1638 1292 1692 fastidium,
1333 1638 1500 1679 nullum

157 1713 286 1754 quom
321 1699 377 1740 sit
408 1699 452 1740 in
484 1699 706 1740 versibus?
1528 1733 1550 1745 ,.

275 1756 358 1798 Sed
390 1757 689 1812 aggrediamur
719 1757 806 1797 iam
839 1757 950 1810 quod
983 1756 1267 1810 suscepimus,
1307 1754 1342 1795 si
1380 1755 1498 1808 prius

157 1815 476 1869 exposuerimus
527 1830 633 1868 quae
683 1830 811 1856 causa
859 1815 904 1855 in
951 1814 1158 1855 iudicium
1207 1813 1388 1854 deducta
1432 1813 1499 1854 sit.

158 1873 295 1921 Quom
328 1876 440 1914 esset
469 1873 538 1914 lex
568 1873 764 1927 Athenis,
795 1885 855 1913 NE
888 1884 992 1921 QUIS
1025 1883 1193 1913 POPULI
1224 1883 1392 1913 sc1TUM
1425 1883 1501 1912 FA-

159 1943 324 1985 CERET,
360 1944 418 1972 UT
457 1943 691 1980 QUISQUAM
733 1942 919 1972 CORONA
958 1941 1239 1972 DONARETUR
1282 1941 1326 1970 IN
1364 1940 1500 1970 MAGI-

160 2001 336 2031 STRATU
367 2001 494 2030 PRIUS
523 2001 648 2039 QUAM
673 2001 905 2030 RATIONES
932 1999 1263 2042 RETTULISSET3
1296 1990 1337 2028 (3ss
1365 1988 1501 2028 altera

157 2047 242 2099 lex,
281 2058 386 2099 Eos,
422 2059 497 2096 QUI
529 2059 558 2088 A
588 2059 767 2089 POPULO
800 2059 1136 2097 DONARENTUR,
1176 2058 1223 2087 1N
1265 2057 1498 2087 CONTIONE

157 2117 335 2147 DONARI
385 2117 583 2158 DEBERE3
645 2118 723 2155 QUI
767 2117 796 2146 A
840 2117 1033 2156 SENATU,
1083 2117 1130 2145 1N
1174 2116 1369 2155 SENATU,
1420 2102 1500 2143 De-

157 2163 402 2204 mosthenes
436 2166 606 2203 curator
631 2163 764 2204 muris
790 2163 1028 2204 reficiendis
1060 2163 1142 2204 fuit
1169 2176 1325 2216 eosque
1352 2160 1500 2202 refecit

157 2221 338 2275 pecunia
383 2235 476 2274 sua-3
526 2221 575 2261 de
617 2220 699 2262 hoc
741 2221 877 2276 igitur
921 2220 1156 2276 Ctesiphon
1200 2221 1354 2261 scitum
1398 2218 1499 2259 fecit

156 2279 285 2320 nullis
319 2279 371 2319 ab
403 2278 478 2319 illo
511 2278 749 2319 rationibus
782 2279 946 2332 relatis,
987 2283 1036 2320 ut
1075 2293 1233 2321 corona
1271 2291 1398 2318 aurea
1430 2276 1500 2316 do-

1139 2346 1209 2379 25²>-
