1643 2526
548 73 828 109 ADNOTATIO
857 73 1060 109 CRITICA.
1431 75 1480 109 XI

140 181 172 213 6.
197 179 351 214 alterum·
376 190 437 224 eqo
462 180 520 214 illi
546 179 579 213 H
609 191 671 225 eyo
696 181 848 215 alterum
873 180 932 214 illi
962 179 1000 213 M
1031 191 1092 225 eyo
1118 180 1176 214 illi
1201 181 1353 215 alterum
1380 179 1407 213 L
1436 200 1478 205 —

142 230 195 259 11.
232 227 436 261 continetur
473 227 509 260 M
549 247 592 251 —
631 230 685 262 16.
718 228 934 271 persuadere
970 227 998 260 L
1037 247 1081 252 —
1128 230 1181 262 18.
1221 228 1266 262 ab
1304 227 1332 261 E
1358 230 1401 261 32
1435 247 1479 251 —

140 275 195 307 20.
221 273 350 317 quibus
375 274 491 308 dicere
516 272 555 306 M
580 274 621 308 in
644 274 773 318 quibus
799 287 826 307 ω
853 275 911 319 (ex
931 286 963 308 v.
979 274 1014 318 2)
1040 284 1110 307 om.
1130 273 1158 307 L
1184 275 1314 318 quibus
1341 274 1480 308 adicere

139 320 369 353 Hotomanus
394 321 523 364 quibus
547 321 703 355 subicere
728 320 864 354 Pearce
891 342 934 345 —
961 324 1016 355 21.
1043 322 1240 356 ammirans
1258 320 1286 354 L
1306 341 1352 346 —
1371 324 1427 355 22.
1449 325 1481 355 te

138 366 209 401 sibi
236 366 338 400 Bake
378 387 421 391 —
454 372 739 412 perpuynantem
773 367 811 400 M
843 379 1135 413 peipuynaueem
1166 367 1195 401 E
1232 370 1282 411 (ee
1312 367 1351 401 in
1375 368 1480 411 ras.);

141 417 218 456 149,
241 417 277 456 13
304 417 383 456 253,
405 417 466 456 313
501 413 626 455 Quint.
652 414 703 448 Ν
728 419 760 457 3,
781 419 819 456 2;
856 414 906 448 IX
931 418 963 457 4,
987 418 1069 456 1253
1103 414 1221 449 Tacit.
1248 413 1336 448 dial.
1365 419 1407 448 31
1435 434 1480 439 -

139 464 194 494 25.
220 461 392 495 eoecitabit
417 460 455 494 M
479 462 596 496 eoeiuit
620 460 673 494 H²
697 462 798 496 exuit
817 461 867 495 Η3
893 463 938 506 (2,
962 465 1022 503 16;
1049 464 1104 504 49,
1128 463 1185 505 11)
1213 483 1256 486 -
1283 466 1338 496 34.
1365 462 1478 496 dicen.

138 506 177 540 M
198 507 241 551 (E
256 508 284 550 ‘?)
311 528 354 532 ——
381 511 435 542 37.
461 519 525 543 nec
550 507 661 541 HlEl
687 519 759 543 non
785 507 811 542 C
838 528 879 533 —
907 508 945 543 P.
966 513 1022 543 23.
1043 513 1074 543 9.
1102 509 1246 552 aliquid
1269 509 1355 542 huie
1381 508 1407 541 L
1437 528 1479 532 —

141 557 195 588 10.
219 555 309 589 mihi·
332 555 452 599 inquit
475 554 503 588 L
534 575 581 579 —
613 558 667 589 13.
698 556 847 590 iucund.
873 557 963 590 satis
988 556 1015 590 L
1050 576 1091 580 —
1127 559 1179 590 18.
1207 566 1355 600 pernen.
1382 554 1410 588 L
1436 574 1480 579 —

139 605 194 636 22.
220 605 341 635 memet
367 601 414 645 1γ
443 621 486 626 -
513 604 567 636 24.
594 606 635 636 ut
659 613 741 636 uere
760 601 812 636 Η2
841 623 879 627 —
909 605 964 637 37.
990 603 1108 645 fateor
1133 613 1202 636 om.
1225 601 1250 636 C
1278 622 1320 627 -
1346 613 1481 646 semper

139 657 210 681 om.
230 647 268 681 M
289 668 331 673 -
351 647 390 683 P.
405 651 508 683 24.1.
536 658 599 682 an:
627 653 766 683 totum?
791 651 884 693 (199,
906 651 964 692 30)
986 669 1030 674 —-
1051 654 1083 684 2.
1109 653 1151 684 ut
1177 660 1246 683 om.
1268 649 1300 682 H
1315 648 1344 682 E
1365 648 1480 682 32aL

140 715 182 719 —
203 698 276 729 tute
297 705 367 729 om.
387 695 400 728 l
417 705 436 729 ο
451 709 471 740 γ
498 716 541 720 -
567 699 600 730 4.
625 707 737 740 neque
756 697 850 740 quod
869 695 902 729 H
927 697 1067 740 nequod
1092 695 1120 729 E
1137 699 1211 730 323.
1235 707 1299 731 nee
1319 696 1413 740 quod
1431 695 1479 729 lo

138 752 249 786 neque
270 753 338 786 quo
359 741 385 775 L
412 762 454 767 —-
482 746 512 776 9.
539 743 685 777 inscitia
707 742 734 775 L
755 742 849 777 Non.
877 763 920 767 ——
946 744 985 777 id
1010 753 1080 778 om.
1100 742 1138 776 M
1166 763 1209 768 ——
1237 746 1290 776 10.
1317 744 1373 777 his
1397 753 1434 775 m
1452 742 1478 776 L

139 808 182 813 —
212 793 264 822 16.
295 800 330 823 se
356 787 382 822 C
408 793 440 823 te
464 788 628 832 Purgold
667 810 707 814 —
748 793 803 823 20.
837 789 1022 834 Sulpicius
1047 800 1116 824 om.
1145 789 1183 823 Μ
1219 810 1265 814 -
1301 793 1356 823 22.
1382 800 1481 824 mmo

137 846 203 870 uos
221 835 248 868 L
274 855 317 860 —
345 839 400 870 36.
421 837 564 880 possint
589 836 673 879 H2‘y
695 841 841 880 possent
865 836 903 869 M
923 841 1077 881 possunt
1095 837 1123 870 L
1150 856 1194 861 —
1220 836 1248 869 P
1277 840 1378 870 254
1406 837 1480 870 iam

137 881 261 917 huicL
276 903 319 906 —
335 886 366 916 5.
385 883 560 917 hominem
583 883 609 916 L
632 903 674 907 —
696 884 969 927 cupidissimam
988 884 1014 917 L
1038 904 1079 908 -—
1104 886 1158 917 10.
1180 884 1338 917 alieuius
1358 893 1428 916 om.
1444 883 1480 916 M

140 950 182 954 —
211 933 264 963 17.
285 931 411 973 patuit
430 941 508 963 eum
535 930 587 963 M¹
602 941 639 962 m
659 950 703 954 —
726 934 779 964 19.
805 934 837 964 te
863 941 932 964 om.
955 930 980 964 L
1005 951 1047 955 —
1068 931 1218 974 denique
1238 929 1275 963 M
1299 929 1366 974 (Ηῖ
1385 930 1481 964 (lecet

137 986 201 1010 nee
221 987 247 1010 s.
261 975 299 1016 1.)
320 977 417 1011 decet
437 987 548 1020 neque
566 976 594 1010 L
616 997 657 1001 —-
679 979 734 1011 21.
760 977 961 1012 excellentis
983 978 1122 1022 ingenii
1141 977 1168 1010 L
1191 997 1234 1001 —
1255 979 1310 1010 28.
1330 977 1433 1011 uerbi
1452 975 1479 1008 L

139 1042 183 1047 —
209 1024 368 1067 positam
400 1022 487 1056 E2L
518 1043 563 1048 —
595 1026 650 1057 29.
682 1025 754 1057 ista
780 1024 816 1057 M
848 1044 891 1048 —
925 1025 1088 1067 deposuit
1119 1023 1156 1056 M
1189 1034 1266 1067 exp.
1299 1023 1326 1056 L
1354 1024 1480 1067 posuit

139 1068 188 1113 lg.
208 1072 253 1103 20
280 1071 350 1113 (16,
372 1071 430 1113 16)
458 1090 502 1095 -
528 1074 583 1105 35.
604 1071 841 1105 obseruantur
859 1069 872 1104 1
894 1091 935 1095 -
956 1072 1132 1104 tructione
1153 1070 1179 1103 E
1199 1071 1340 1104 ratione
1365 1070 1414 1104 1ο
1435 1073 1478 1104 32

139 1137 182 1141 -
209 1120 264 1151 36.
291 1117 454 1151 omnibus
468 1116 506 1150 M
526 1136 569 1141 —-
590 1120 645 1152 37.
666 1117 855 1162 desiynata
875 1117 901 1151 L
923 1118 1103 1162 desigynfta
1118 1116 1146 1151 Ο
1162 1117 1234 1150 vet'
1258 1138 1299 1141 -—
1321 1116 1359 1151 Ρ.
1374 1120 1430 1151 26.
1448 1121 1476 1150 1.

138 1163 178 1198 id
203 1173 272 1197 om.
300 1163 392 1197 H¹L
424 1184 471 1188 —
502 1167 534 1197 4.
560 1167 610 1198 est
635 1174 705 1198 om.
732 1165 764 1197 H
782 1164 827 1197 Ε1
858 1185 904 1188 -
936 1169 966 1198 5.
994 1165 1135 1208 quidem
1162 1191 1169 1197 .
1186 1191 1216 1198 ..
1243 1164 1321 1198 alia
1346 1174 1416 1197 om.
1441 1162 1480 1196 M

138 1230 183 1235 -
203 1214 235 1245 6.
257 1211 444 1255 quaedam}
462 1238 463 1242 ,
480 1226 481 1243 z
497 1210 499 1255 4
515 1210 536 1256 Η
564 1210 598 1244 Η
623 1214 695 1246 tam
720 1215 859 1246 constat
885 1221 1047 1255 suprasc.
1068 1210 1119 1243 Η2
1138 1230 1184 1235 -
1210 1214 1242 1245 8.
1262 1211 1431 1245 assentiri
1451 1210 1499 1243 L'

140 1277 182 1281 —
205 1260 258 1291 12.
284 1258 331 1292 iis
356 1256 431 1290 HE
455 1258 526 1291 hiis
551 1270 571 1301 γ
597 1258 653 1292 his
673 1269 742 1292 esse
763 1257 790 1290 L
819 1278 862 1283 —-
890 1261 944 1292 17.
971 1269 1034 1292 nee
1052 1262 1095 1292 ut
1119 1257 1155 1291 M
1182 1278 1227 1282 -
1256 1260 1308 1291 18.
1335 1268 1378 1292 ex
1397 1268 1478 1292 ora-

138 1308 256 1338 torum
274 1303 312 1336 M
338 1323 382 1328 —
408 1307 463 1338 19.
488 1308 529 1338 ut
546 1304 677 1338 uidear
701 1304 753 1337 Η2
779 1325 823 1328 -
849 1307 905 1339 20.
932 1305 1074 1349 aliquid
1093 1317 1115 1338 a
1135 1315 1187 1339 me
1212 1304 1240 1337 L
1268 1325 1308 1328 —
1331 1315 1480 1348 promp-

137 1351 223 1385 sisse
249 1351 276 1384 P
309 1370 352 1375 —-
385 1354 440 1384 21.
466 1352 698 1395 mayz'stratus
722 1350 750 1384 L
783 1372 827 1375 —
860 1355 914 1385 31.
943 1351 1067 1386 Crasse
1091 1353 1165 1395 inq.
1192 1350 1218 1384 L
1249 1371 1297 1376 —
1323 1355 1378 1385 33.
1405 1352 1479 1395 inq-

138 1398 253 1442 iqitur
271 1396 299 1430 L
326 1417 369 1421 —-
398 1398 547 1432 Crassus
565 1401 651 1431 sent.
678 1397 725 1441 1γ
751 1417 797 1423 -
822 1397 859 1432 P.
882 1401 937 1432 27.
958 1401 989 1432 4.
1011 1402 1115 1442 putet
1139 1397 1166 1430 L
1195 1418 1236 1422 —
1264 1401 1295 1431 5.
1322 1408 1430 1432 seres
1450 1400 1476 1431 L

138 1464 184 1469 ——
207 1444 312 1478 habet
336 1444 348 1477 1
382 1464 423 1469 ——
457 1447 489 1478 6.
510 1448 664 1488 possunt
689 1444 770 1488 E¹y
804 1464 845 1469 —-
879 1448 909 1479 7.
931 1449 1085 1488 possunt
1110 1445 1242 1479 omnia.
1282 1444 1375 1478 Sunt
1400 1444 1479 1478 HR

141 1511 183 1516 —
216 1493 247 1525 8.
285 1491 378 1525 (lieet
402 1490 431 1523 L
467 1511 509 1516 -
551 1493 581 1524 9.
621 1491 772 1525 laterum
810 1491 957 1525 Pearee.
1008 1490 1079 1524 Cfr.
1113 1491 1192 1525 Cat.
1227 1502 1273 1524 m.
1313 1495 1401 1532 §28
1435 1511 1478 1515 -—

139 1548 245 1572 austres
269 1536 306 1570 M
338 1557 381 1562 —
416 1540 469 1572 10.
501 1538 593 1572 enim
621 1549 691 1572 om.
716 1537 744 1571 L
777 1557 822 1563 —-
855 1542 908 1572 11.
935 1538 1077 1582 aliquid
1102 1537 1129 1571 L
1161 1557 1208 1562 —-
1238 1542 1290 1571 13.
1318 1549 1391 1572 non
1417 1548 1478 1581 op-

139 1586 229 1619 tima
247 1583 290 1625 L;
317 1584 381 1618 cfr.
398 1588 476 1626 289,
492 1587 553 1625 243
581 1584 625 1618 de
646 1584 704 1619 off.
726 1584 777 1618 HI
798 1588 852 1627 13,
878 1584 1052 1618 Kuehner
1071 1595 1123 1628 gr.
1145 1584 1225 1618 Lat.
1246 1584 1279 1617 II
1301 1587 1376 1626 149,
1393 1588 1424 1626 3,
1440 1589 1478 1625 3;

140 1632 304 1674 Draeger
324 1633 419 1674 synt.
440 1630 526 1665 hist.
553 1630 569 1664 Ι
594 1634 612 1673 ἓ
634 1634 694 1673 84;
721 1631 886 1676 Krueger
911 1642 964 1675 gr.
986 1630 1112 1665 Graec.
1134 1635 1190 1674 67,
1214 1634 1255 1665 10
1282 1630 1355 1664 adn
1387 1635 1480 1664 2.-

140 1681 195 1712 20.
221 1679 320 1712 electi
346 1677 382 1711 M
412 1679 488 1721 ficti
513 1678 539 1711 L
568 1679 648 1712 dati
674 1677 805 1722 scripsi
837 1682 875 1719 (a
899 1677 938 1712 in
963 1689 999 1713 ec
1024 1679 1115 1712 mut.
1140 1678 1182 1711 ut
1212 1682 1272 1720 17,
1305 1676 1351 1719 9).
1407 1676 1477 1712 Cfr.

140 1729 171 1767 8,
195 1728 254 1767 18;
279 1727 334 1767 48,
355 1727 392 1766 4;
423 1728 499 1767 164,
522 1728 582 1767 123
607 1736 643 1769 p.
664 1725 771 1759 Areh.
800 1729 854 1768 18,
882 1724 927 1759 de
952 1724 1030 1758 har.
1051 1735 1146 1768 resp.
1175 1728 1206 1766 6,
1235 1723 1279 1758 de
1305 1724 1393 1768 imp.
1416 1723 1478 1758 Cn.

139 1771 177 1806 P.
203 1774 247 1805 41
274 1772 312 1805 eb
338 1774 393 1814 49,
420 1770 465 1805 de
490 1771 562 1815 leg.
589 1771 605 1804 1
632 1776 692 1813 ⁴253
732 1772 809 1806 Cat.
836 1783 884 1806 m.
910 1775 966 1806 40.
1000 1792 1042 1796 —
1075 1775 1130 1805 24.
1164 1782 1263 1806 nemo
1289 1772 1362 1814 fere
1388 1774 1431 1805 32
1452 1770 1480 1804 L

140 1838 183 1843 —-
215 1819 278 1862 qui
301 1829 375 1852 non
407 1818 552 1862 H²loy
585 1820 647 1862 qui
675 1818 720 1852 Ο1
757 1839 804 1844 -
841 1822 896 1853 28.
935 1819 1060 1853 uideat
1092 1818 1196 1860 HE2,
1229 1817 1314 1851 fort.
1340 1817 1478 1852 rectius

141 1866 188 1908 (5,
209 1866 269 1909 25)
295 1885 338 1889 —
365 1867 421 1899 30.
447 1866 555 1900 coelio
581 1864 615 1898 H
640 1864 747 1910 (illud
773 1877 792 1900 ο
819 1877 846 1899 s.
862 1865 910 1908 1.),
939 1865 965 1898 Ε
983 1876 1003 1899 o
1030 1866 1118 1900 celio
1143 1865 1233 1907 mL,
1261 1863 1324 1899 cfr.
1347 1867 1400 1906 79,
1417 1867 1478 1905 353

143 1914 219 1953 134,
241 1916 278 1952 53
305 1916 384 1953 201,
405 1914 468 1952 22;
494 1915 572 1954 248,
595 1916 655 1953 363
682 1915 761 1955 264,
784 1916 844 1954 33,
871 1915 949 1954 292,
971 1915 1030 1952 27,
1065 1915 1143 1953 302,
1166 1915 1223 1951 19;
1253 1914 1331 1953 379,
1356 1914 1408 1944 10.
1437 1932 1479 1936 -

140 1959 283 1993 omnino
307 1957 345 1991 M
369 1959 506 1993 homini
530 1969 624 1994 nouo
650 1959 677 1993 L
707 1978 750 1983 —
776 1962 831 1993 32.
858 1959 1040 2003 aequalem
1064 1969 1180 1993 meum
1204 1957 1308 1992 HEl
1329 1961 1372 1991 32
1389 1971 1409 2002 γ
1435 1978 1479 1983 -

140 2009 195 2039 34.
230 2005 334 2040 habet
357 2005 384 2038 L
423 2026 467 2030 —
505 2009 560 2040 37.
592 2006 834 2040 emnulandus
858 2005 896 2038 M
927 2007 955 2050 (t
981 2016 1058 2049 sup.
1085 2006 1109 2040 d
1134 2004 1177 2048 E)
1215 2025 1260 2030 —
1298 2004 1336 2040 P.
1363 2008 1418 2039 28.
1446 2008 1478 2040 3.

139 2052 203 2086 hoc
228 2052 255 2085 L
288 2071 331 2076 -
363 2055 395 2085 6.
421 2052 565 2097 indiliy.
591 2051 619 2085 L
653 2072 696 2077 -
730 2056 783 2087 10.
809 2056 851 2086 ut
875 2053 949 2086 illis
974 2051 1002 2085 L
1035 2073 1079 2077 —
1111 2055 1165 2086 11.
1191 2052 1341 2096 utifflz's
1366 2051 1399 2085 Η
1423 2052 1481 2086 uti·

140 2099 191 2132 eis
214 2097 243 2131 E
274 2099 332 2133 uti
355 2099 410 2133 his
441 2098 534 2132 Rlo
564 2100 622 2133 uti
645 2100 677 2133 is
709 2102 752 2132 32
783 2100 839 2133 uti
870 2099 940 2133 hiis
971 2112 990 2142 γ
1023 2103 1064 2133 ut
1088 2099 1144 2133 his
1168 2099 1259 2143 ipsis
1284 2098 1311 2132 L
1346 2118 1389 2123 —
1424 2102 1477 2132 15.

140 2155 274 2189 quoque
305 2146 434 2189 optime
465 2145 502 2178 M
539 2147 617 2189 (qui
648 2157 726 2189 sup.
754 2157 819 2190 que
845 2145 909 2189 ΗΖ)
948 2147 1078 2190 quique
1115 2149 1185 2189 opt.
1220 2145 1258 2178 οἳ
1296 2146 1389 2189 (156,
1417 2147 1479 2185 373

140 2194 218 2233 251,
239 2195 297 2234 31)
322 2193 386 2236 qui
411 2203 518 2236 quam
537 2196 607 2236 opt.
635 2191 791 2226 Schuetz
817 2212 861 2217 -—
887 2194 950 2236 qui
974 2204 1027 2227 me
1052 2193 1091 2226 in
1116 2192 1290 2234 facillime
1316 2190 1352 2224 M
1379 2192 1479 2236 quiq:

139 2248 219 2272 cum
246 2239 317 2281 fac.
343 2237 394 2271 Η’2
424 2259 471 2264 -
504 2243 556 2273 17.
589 2240 710 2274 exord.
736 2238 763 2272 L
801 2240 870 2283 (23,
891 2241 951 2280 29;
980 2242 1058 2281 395,
1081 2241 1142 2279 29;
1170 2242 1249 2281 396,
1270 2240 1305 2281 5)
1340 2257 1381 2262 -—
1423 2241 1478 2271 25.

139 2285 232 2318 enim
257 2286 314 2328 (12
334 2284 406 2318 litt.
429 2286 496 2329 sp.)
521 2286 581 2320 sed
605 2297 679 2320 non
698 2285 749 2319 Η1
773 2287 866 2320 enim
892 2285 1001 2330 (sign.
1022 2286 1127 2329 corr.)
1152 2285 1212 2319 sed
1237 2295 1309 2319 non
1330 2284 1358 2317 E
1386 2284 1479 2319 enim
