1643 2526
195 117 249 157 41
257 117 282 157 8
554 116 872 152 PARTITIONES
900 116 1026 151 ORAT
1031 116 1176 151 ORJAE

197 211 251 252 ad
282 212 542 267 augendum,
576 226 665 253 non
701 226 793 253 esse
831 211 1158 266 expectandum,
1194 211 1295 252 dum
1331 210 1535 266 fateatur3
1578 248 1581 249 γ

197 270 460 324 argumentis
504 273 681 324 peccata
726 270 936 324 convinci3
980 273 1022 310 et
1061 269 1131 310 hic
1172 269 1302 310 etiam
1342 269 1535 323 exempla

196 332 421 382 ponentur.
486 328 630 382 Atque
670 329 774 370 haec
816 328 986 382 quidem
1030 328 1080 368 de
1120 327 1395 382 argumentis.
1458 326 1536 368 Sin

197 389 341 427 autem
367 386 448 427 erit
474 386 604 427 etiam
635 387 813 428 testium
843 386 1039 440 facultas,
1069 385 1256 440 primum
1287 400 1421 441 genus
1454 386 1536 426 erit

196 445 337 498 ipsum
374 445 633 486 laudandum
672 445 997 498 dicendumque,
1034 458 1088 484 ne
1126 444 1390 499 argumentis
1422 447 1536 485 tene·
1571 460 1585 486 5

196 506 315 544 retur
339 518 449 558 reus,
478 503 621 557 ipsum
647 518 723 544 sua
749 503 945 544 cautione
972 502 1173 557 effecisse,
1201 502 1323 543 testis
1350 502 1535 557 effugere

195 575 283 602 non
318 576 462 616 posse3
507 562 655 603 deinde
694 561 852 616 singuli
889 561 1116 602 laudentur
1152 585 1206 589 —
1247 575 1353 614 quae
1392 563 1536 601 autem

197 623 340 661 essent
382 620 615 661 laudabih‘a
659 620 819 661 dictum
863 622 929 660 est
965 636 1040 673 ——3
1090 619 1237 660 deinde
1282 621 1535 674 argumento

197 678 327 719 etiam
352 678 489 732 firmo,
521 678 620 732 quia
651 681 795 718 tamen
827 692 950 732 saepe
976 677 1133 718 falsum
1162 680 1239 731 est,
1269 691 1395 731 posse
1421 679 1535 718 recte

195 750 282 776 non
314 737 445 791 credi3
488 736 580 777 viro
618 737 732 776 bono
771 739 813 776 et
850 736 973 776 firmo
1007 736 1095 776 sine
1128 735 1234 776 vitio
1264 735 1417 776 iudicis
1448 749 1536 776 non
1556 753 1589 777 10

195 809 321 848 posse
352 809 440 835 non
466 794 589 835 credi.
642 795 781 848 Atque
807 794 950 849 etiam,
981 794 1017 834 si
1049 793 1220 834 obscuri
1252 796 1384 834 testes
1412 796 1536 833 erunt

197 856 272 893 aut
303 856 471 907 tenues,
509 853 733 894 dicendum
771 852 851 893 erit
881 867 969 893 non
1000 866 1090 893 esse
1123 866 1174 892 ex
1203 851 1378 892 fortuna
1408 851 1536 892 fidem

195 911 514 965 ponderandam
541 914 615 952 aut
642 926 713 952 eos
741 926 831 952 esse
859 910 1062 964 cuiusque
1087 910 1149 951 rei
1174 909 1535 965 locupletissimos

196 970 339 1024 testis,
381 970 453 1023 qui
491 970 552 1023 id,
593 970 705 1023 quod
746 972 918 1024 agatur,
960 968 1162 1010 facillime
1207 969 1313 1009 scire
1355 967 1534 1022 possint.

198 1027 273 1069 Sin
306 1028 576 1081 quaestiones
608 1028 781 1068 habitae
815 1030 888 1068 aut
919 1027 1168 1081 postulatio,
1206 1029 1254 1067 ut
1284 1026 1536 1080 habeantur,
1556 1044 1587 1068 15

196 1101 369 1127 causam
401 1086 675 1140 adiuvabunt,
707 1086 1042 1127 confirmandum
1073 1085 1259 1138 primum
1292 1099 1425 1139 genus
1455 1084 1536 1125 erit

197 1144 514 1199 quaestionum3
565 1144 788 1185 dicendum
835 1145 884 1184 de
928 1143 969 1184 vi
1014 1143 1192 1197 doloris,
1242 1143 1291 1183 de
1337 1142 1535 1197 opinione

197 1202 420 1256 maiorum,
453 1203 525 1256 qui
556 1217 646 1243 rem
678 1205 827 1255 totam,
858 1201 941 1242 nisi
972 1202 1240 1256 probassent,
1271 1204 1384 1242 certe
1416 1215 1537 1254 repu-

130 1261 404 1315 118diassent3
437 1261 486 1301 de
516 1260 729 1301 institutis
762 1260 1102 1313 Atheniensium,
1132 1259 1412 1313 Rhodiorum,
1443 1259 1535 1300 doc-

196 1319 463 1360 tissimorum
506 1319 746 1373 hominum,
790 1318 901 1372 apud
946 1332 1051 1371 quos
1094 1317 1224 1358 etiam
1256 1342 1310 1346 —
1343 1316 1387 1357 id
1424 1317 1536 1370 quod
1557 1335 1590 1359 ρο

198 1377 521 1418 acerbissimum
566 1380 631 1418 est
670 1401 722 1405 —
763 1376 886 1417 liberi
931 1376 1126 1430 civesque
1170 1378 1444 1429 torquentur,
1487 1375 1536 1415 de

196 1439 443 1476 nostrorum
464 1435 593 1476 etiam
614 1434 1043 1489 prudentissimorum
1068 1434 1292 1475 hominum
1310 1433 1538 1487 institutis,

163 1521 166 1525 ·
198 1494 270 1547 qui
297 1509 393 1534 cum
417 1494 463 1533 in
489 1494 684 1534 dominos
711 1494 760 1534 de
788 1493 920 1533 servis
945 1492 1091 1546 quaeri
1116 1492 1367 1542 noluisse-nt,
1393 1494 1538 1532 tamen

198 1552 247 1592 de
278 1552 446 1593 incestu
478 1555 520 1592 et
552 1552 601 1592 de
635 1551 940 1605 coniuratione,
979 1565 1085 1604 quae
1117 1550 1232 1591 facta
1263 1565 1330 1590 me
1363 1549 1536 1590 consule

197 1613 279 1662 est,
318 1610 605 1664 quaerendum
642 1612 911 1663 putaverunt.
972 1609 1192 1649 Irridenda
1230 1608 1359 1649 etiam
1397 1607 1536 1661 dispu-
1556 1624 1589 1649 25

196 1668 306 1708 tatio
342 1670 456 1721 [est],
488 1682 570 1721 qua
603 1668 742 1708 solent
773 1667 836 1707 uti
864 1667 915 1707 ad
946 1667 1220 1707 infirmandas
1254 1665 1538 1720 quaestiones,

197 1728 240 1766 et
272 1726 479 1766 meditata
514 1725 773 1779 puerilisque
812 1725 998 1765 dicenda.
1059 1724 1169 1764 Tum
1205 1723 1399 1764 facienda
1432 1723 1536 1764 fides

198 1784 425 1838 diligenter
464 1798 554 1824 esse
587 1786 629 1824 et
662 1783 750 1823 sine
790 1782 1022 1836 cupiditate
1061 1782 1302 1836 quaesitum
1340 1781 1537 1835 dictaque

198 1841 462 1896 quaestionis
496 1841 759 1896 argumentis
786 1844 828 1897 et
854 1840 1099 1882 coniectura
1130 1840 1412 1894 ponderanda.
1462 1840 1537 1880 At-

199 1915 278 1953 que
309 1900 414 1941 haec
447 1899 731 1941 accusationis
763 1899 850 1939 fere
875 1899 1067 1939 membra
1094 1902 1203 1939 sunt.
1264 1897 1536 1939 Defensionis
1556 1915 1591 1940 30

199 1961 341 1999 autem
366 1958 553 2011 primum
578 1958 810 1998 infirmatio
835 1972 1070 2011 causarum,
1097 1960 1170 1998 aut
1195 1971 1282 1997 non
1307 1956 1438 1997 fuisse
1465 1959 1539 1996 aut

197 2030 284 2056 non
316 2019 460 2056 tantas
494 2019 567 2057 aut
598 2031 685 2057 non
718 2016 798 2056 sibi
831 2015 911 2056 soli
944 2018 1016 2055 aut
1049 2015 1312 2056 commodius
1345 2014 1537 2068 potuisse

197 2075 310 2115 idem
349 2074 570 2128 consequi,
607 2077 681 2115 aut
718 2088 805 2114 non
834 2073 887 2114 iis
921 2088 964 2114 se
998 2088 1089 2114 esse
1126 2073 1336 2127 moribus,
1371 2086 1459 2113 non
1489 2087 1539 2113 ea

197 2133 304 2186 vita,
343 2134 418 2172 aut
447 2133 588 2173 nullos
621 2132 752 2172 animi
785 2134 926 2172 motus
959 2135 1034 2172 aut
1063 2146 1151 2172 non
1182 2134 1271 2172 tam
1301 2129 1537 2185 inpotentis

197 2191 340 2231 fuisse.
401 2189 675 2232 Facultatum
706 2189 993 2230 infirmatione
1027 2193 1170 2230 autem
1200 2192 1359 2243 utetur,
1397 2188 1432 2229 si
1465 2191 1538 2228 aut
1557 2205 1591 2230 35

197 2249 308 2290 vires
343 2251 416 2289 aut
448 2249 638 2289 animum
670 2251 743 2289 aut
776 2248 919 2301 copias
953 2251 1026 2288 aut
1053 2262 1153 2302 opes
1181 2247 1337 2288 afuisse
1370 2246 1539 2302 demon-

199 2307 372 2362 strabit,
411 2310 485 2349 aut
524 2307 710 2348 alienum
742 2309 909 2360 tempus
943 2309 1016 2347 aut
1047 2307 1190 2347 locum
1220 2319 1307 2346 non
1337 2305 1538 2345 idoneum

126 305 183 346 34

130 374 191 404 117

127 1878 183 1919 35

129 1947 194 1976 119
