1643 2526
347 108 491 143 LIBER
515 108 561 144 II.
610 107 709 143 CAP.
739 110 888 142 72—73.
939 110 957 148 ξ
985 109 1181 141 288-295.
1354 105 1437 146 143

95 208 188 247 tum
218 204 377 246 habeat
411 203 455 244 id
486 203 627 245 refert.
688 201 785 243 Mea
816 204 959 243 autem
990 201 1102 242 ratio
1134 200 1238 242 haec
1271 214 1361 242 esse
1393 200 1508 242 in292

96 264 272 305 dicendo
300 263 421 317 solet,
452 265 501 303 ut
531 261 633 303 boni
666 261 778 315 quod
809 260 1003 314 habeam,
1034 259 1077 300 id
1109 259 1342 313 amplectar
1373 273 1441 300 ex-

98 336 245 363 ornem
288 335 562 376 exaggerem,
609 319 671 360 ibi
714 333 969 373 commorer,
1017 318 1078 358 ibi
1121 318 1332 371 habitem,
1378 317 1440 358 ibi

96 380 313 433 haeream,
354 395 377 420 a
408 379 521 420 malo
556 381 698 419 autem
729 377 919 430 vitioque
958 391 1109 418 causae
1140 377 1203 417 ita
1234 376 1441 430 recedam,

61 455 77 481 5
96 453 183 480 non
213 441 262 479 ut
295 438 372 489 [idl
405 453 471 478 me
504 437 703 492 defugere
736 436 950 490 adpareat,
982 435 1055 476 sed
1079 438 1128 475 ut
1153 438 1295 476 totum
1325 435 1440 475 bono

96 497 171 538 illo
211 497 400 538 ornando
441 498 484 537 et
521 495 714 550 augendo
753 494 1070 535 dissimulatum
1103 493 1321 534 obruatur.
1382 492 1441 533 Et

98 556 134 597 si
160 570 288 597 causa
308 558 373 596 est
397 554 443 595 in
468 553 744 609 argumentis,
769 552 1015 593 firmissima
1039 566 1230 606 quaeque
1257 550 1440 592 maxime

97 617 239 668 tueor,
277 613 363 654 sive
395 613 518 667 plura
550 615 650 653 sunt
683 612 769 652 sive
802 611 975 664 aliquod
1006 625 1157 665 unum3
1200 609 1266 651 sin
1299 613 1440 650 autem

96 672 142 713 in
174 671 472 714 conciliatione
504 674 578 711 aut
608 670 654 711 in
684 669 950 724 permotione
983 683 1112 710 causa
1143 671 1226 722 est,
1263 668 1316 709 ad
1348 682 1442 708 eam

45 748 78 773 10
98 745 164 772 me
196 730 471 784 potissimum
501 732 681 784 partem,
720 743 827 783 quae
859 727 1041 768 maxime
1074 741 1243 768 movere
1276 726 1440 767 animos

97 789 319 830 hominum
350 791 512 842 potest,
549 787 732 829 confero.
795 785 971 827 Summa
1002 785 1182 839 denique
1214 784 1341 825 huius
1375 795 1511 839 ge-293

97 848 211 888 neris
249 847 353 887 haec
391 849 474 900 est,
511 848 559 886 ut
592 846 628 886 si
659 845 704 886 in
735 845 965 885 refellendo
1005 844 1246 885 adversario
1279 843 1443 883 firmior

99 920 190 947 esse
225 905 362 946 oratio
391 919 518 958 quam
549 904 595 944 in
621 903 920 945 confirmandis
946 902 1106 943 nostris
1132 902 1259 943 rebus
1285 904 1443 956 potest,

100 964 242 1005 omnia
272 964 317 1003 in
348 963 470 1004 illum
502 962 587 1003 tela
619 961 852 1015 conferam3
891 961 926 1002 si
957 964 1106 1001 nostra
1137 960 1311 1014 probari
1343 959 1443 1001 faci-

46 1038 78 1064 15
98 1023 180 1063 lius
220 1037 347 1075 quam
382 1021 458 1062 illa
494 1020 691 1075 redargui
730 1022 929 1074 possunt,
973 1019 1181 1060 abducere
1220 1018 1385 1059 animos
1418 1032 1443 1058 a

99 1080 314 1122 contraria
354 1079 596 1120 defensione
641 1081 684 1119 et
724 1079 776 1119 ad
815 1081 1010 1118 nostram
1054 1091 1184 1118 conor
1226 1077 1442 1117 deducere.

98 1139 195 1180 Duo
237 1138 416 1191 denique
456 1138 548 1191 illa,
593 1152 698 1191 quae
739 1136 944 1177 facillima
980 1136 1196 1190 videntur,
1240 1135 1513 1189 quoniam-294

100 1212 206 1252 quae
239 1197 480 1238 difficiliora
511 1199 611 1237 sunt
642 1209 728 1236 non
759 1210 947 1249 possum,
976 1194 1082 1234 mihi
1113 1208 1191 1248 pro
1223 1207 1318 1234 meo
1350 1193 1442 1234 iure

100 1270 239 1310 sumo3
282 1270 432 1309 unum,
471 1257 520 1295 ut
557 1254 738 1295 molesto
777 1257 851 1294 aut
884 1253 1048 1293 difficili
1081 1255 1335 1307 argumento
1368 1254 1442 1292 aut

46 1331 80 1356 20
98 1315 194 1356 1060
231 1328 319 1354 non
355 1327 574 1366 nunquam
607 1312 778 1353 omnino
816 1311 925 1352 nihil
956 1311 1246 1364 respondeam.
1321 1309 1443 1358 Quod

100 1372 283 1413 forsitan
321 1371 475 1424 aliquis
512 1371 603 1411 iure
634 1370 842 1424 inriserit3
886 1370 981 1423 quis
1013 1368 1126 1410 enim
1159 1371 1224 1409 est
1257 1367 1329 1421 qui
1362 1367 1440 1420 [id]

100 1431 239 1472 facere
269 1444 357 1470 non
387 1428 554 1483 possit?
594 1427 675 1469 Sed
707 1432 850 1469 tamen
881 1442 961 1482 ego
994 1427 1043 1467 de
1075 1441 1170 1467 mea
1199 1441 1326 1480 nunc,
1355 1440 1443 1466 non

101 1490 151 1530 de
184 1488 365 1529 aliorum
395 1487 598 1528 facultate
631 1486 802 1540 disputo
835 1486 1123 1538 confiteorque
1155 1498 1235 1538 me,
1267 1484 1303 1524 si
1335 1498 1442 1538 quae

101 1550 268 1602 premat
310 1560 377 1587 res
421 1545 732 1598 vehementius,
773 1544 836 1585 ita
880 1544 1024 1585 cedere
1070 1543 1224 1596 solere,
1267 1545 1315 1582 ut
1356 1556 1444 1582 non

49 1623 82 1648 25
103 1606 229 1646 modo
260 1618 348 1645 non
379 1604 545 1645 abiecto
573 1603 646 1644 sed
669 1617 722 1643 ne
753 1602 910 1643 reiecto
944 1601 1114 1655 quidem
1141 1604 1262 1642 scuto
1295 1600 1442 1655 fugere

102 1664 263 1718 videar,
301 1663 374 1703 sed
405 1662 604 1702 adhibere
637 1661 849 1715 quandam
879 1660 925 1700 in
956 1659 1133 1701 dicendo
1167 1658 1351 1713 speciem
1384 1661 1445 1699 at-

103 1736 183 1776 que
208 1736 409 1776 pompam
434 1723 477 1761 et
501 1734 669 1774 pugnae
696 1719 878 1760 similem
897 1719 1057 1772 fugam,
1083 1717 1317 1759 consistere
1342 1730 1442 1757 vero

101 1781 146 1821 in
178 1794 272 1820 meo
304 1778 515 1833 praesidio
550 1778 629 1832 sic,
665 1780 714 1818 ut
750 1792 837 1818 non
874 1776 1066 1831 fugiendi
1103 1775 1241 1816 hostis
1275 1775 1347 1816 sed
1380 1789 1445 1815 ca-

101 1838 244 1893 piendi
281 1837 365 1878 loci
403 1851 530 1877 eausa
568 1836 745 1878 cessisse
783 1835 937 1876 videar.
999 1834 1197 1875 Alterum
1235 1836 1301 1874 est
1336 1833 1513 1874 illud-295

50 1914 84 1938 30
104 1896 217 1950 quod
248 1909 328 1950 ego
366 1895 548 1935 maxime
587 1894 747 1935 oratori
785 1893 1018 1935 cavendum
1057 1895 1099 1933 et
1136 1891 1444 1945 providendum

102 1956 208 2009 puto
247 1953 442 2006 quodque
480 1967 547 1993 me
586 1952 818 1993 sollicitare
858 1965 1021 1992 summe
1061 1950 1188 1990 solet:
1230 1963 1318 1990 non
1354 1952 1445 1989 tam

103 2016 152 2053 ut
188 2011 350 2066 prosim
389 2011 526 2052 causis
565 2011 783 2051 elaborare
823 2010 957 2063 soleo,
1002 2023 1129 2061 quam
1166 2011 1215 2048 ut
1250 2021 1303 2048 ne
1343 2007 1444 2060 quid

105 2070 262 2123 obsim3
293 2083 380 2110 non
412 2069 514 2122 quin
545 2068 791 2109 enitendum
818 2067 874 2108 sit
898 2067 944 2107 in
968 2070 1164 2119 utroque,
1196 2066 1268 2106 sed
1299 2068 1445 2106 tamen

104 2129 240 2170 multo
274 2131 339 2168 est
371 2127 537 2181 turpius
565 2126 725 2168 oratori
749 2125 946 2167 nocuisse
972 2124 1105 2165 videri
1137 2138 1289 2165 causae
1317 2137 1444 2176 quam

51 2203 85 2229 35
103 2201 190 2228 non
232 2185 455 2240 profuisse.
529 2183 611 2226 Sed
661 2185 761 2238 quid
808 2184 890 2225 hoc
938 2183 1032 2224 1060
1076 2196 1152 2223 vos
1201 2181 1313 2222 inter
1355 2180 1513 2233 vos‚73

105 2243 284 2286 Catule?
334 2258 388 2284 an
417 2243 540 2297 haec,
575 2245 624 2284 ut
656 2245 756 2284 sunt
788 2241 1107 2295 contemnenda,
1139 2237 1443 2282 contemnitis?

103 2302 293 2357 Minime,
321 2302 462 2356 inquit
491 2301 582 2356 ille3
625 2301 698 2342 sed
730 2299 886 2342 Caesar
917 2299 966 2340 de
997 2299 1083 2340 isto
1114 2298 1209 2352 ipso
1242 2295 1443 2350 quiddam
