1643 2526
113 309 156 340 63

115 626 170 666 15

113 694 158 725 64

115 1009 158 1040 65

117 1536 160 1567 66

115 1884 159 1916 67

118 2291 160 2323 68

184 86 205 125 1
213 85 238 126 6
694 85 757 120 DE
785 85 1009 121 ORATORE

183 180 500 234 amicoque‘usi
535 195 694 236 sumus,
725 182 836 233 [tum
867 181 1111 235 eioquentia
1134 181 1333 223 vincebat
1357 183 1521 223 ceteros

182 239 404 293 medicos,]
436 239 483 279 in
514 253 563 280 eo
594 239 709 294 ipso,
741 240 854 293 quod
886 243 1033 281 ornate
1066 240 1253 294 dicebat,
1289 240 1522 281 medicinae

182 298 387 339 facultate
426 297 646 353 utebatur,
681 312 770 339 non
806 298 1085 352 eloquentiae.
1145 298 1288 352 Atque
1319 298 1427 339 illud
1457 301 1523 340 est

181 355 459 411 probabilius,
489 371 625 410 neque
657 358 802 397 tamen
828 371 988 411 verum,
1019 356 1132 410 quod
1158 355 1354 398 Socrates
1384 356 1522 398 dicere

183 415 362 470 solebat,
388 414 525 455 omnis
545 414 591 455 in
610 429 672 469 eo,
698 415 810 468 quod
830 415 1000 469 scirent,
1026 415 1130 456 satis
1152 429 1244 456 esse
1264 414 1522 470 eloquentis,
1541 431 1557 458 5

181 473 290 514 illud
309 473 463 527 verius,
487 487 624 527 neque
645 487 887 527 quenquam
911 473 957 514 in
976 487 1025 514 eo
1047 473 1254 514 disertum
1274 488 1364 514 esse
1383 487 1524 528 posse,

184 532 297 585 quod
327 532 504 586 nesciat,
532 546 682 586 neque,
714 532 750 573 si
776 532 937 586 optime
965 532 1072 573 sciat
1096 532 1355 587 ignarusque
1382 531 1439 572 sit
1463 531 1524 573 fa-

184 590 361 632 ciundae
394 605 443 631 ac
479 590 702 644 poliendae
735 590 962 644 orationis,
1002 590 1157 631 diserte
1193 590 1237 631 id
1272 590 1433 645 ipsum,
1473 590 1523 631 de

185 663 268 702 quo
302 648 425 701 sciat,
463 663 588 702 posse
621 649 797 697 diceres
831 648 968 697 Quam
1000 649 1053 689 ob
1085 663 1193 702 rem,
1236 648 1272 689 si
1305 649 1399 702 quis
1430 648 1523 688 uni-

183 722 350 748 versam
387 710 430 748 et
466 707 685 761 propriam
724 703 905 748 oratoris
944 707 1031 747 vim
1069 707 1242 747 definire
1281 706 1523 761 complecti·
1543 723 1576 749 10

185 780 264 819 que
296 765 405 820 volt,
441 765 479 806 is
512 768 657 806 orator
688 765 769 806 erit
800 780 895 806 mea
927 765 1139 809 sententia
1169 765 1251 806 hoc
1282 767 1372 805 tam
1405 764 1525 820 gravi

184 824 338 878 dignus
375 823 565 877 nomine,
604 823 693 877 qui,
740 838 1034 877 quaequmque
1076 838 1144 864 res
1181 823 1379 864 inciderit
1417 837 1525 877 quae

185 882 241 923 sit
274 882 459 923 dictione
491 881 752 936 explicanda,
782 882 1014 936 prudenter
1045 884 1088 923 et
1120 881 1355 936 composite
1387 884 1430 922 et
1462 895 1525 922 or-

183 943 283 981 nate
316 944 358 981 et
389 940 637 981 memoriter
675 940 786 981 dicet
827 955 921 981 011111
961 940 1143 994 quadam
1181 939 1361 981 actionis
1395 939 1525 980 etiam

185 998 408 1053 dignitate.
471 997 547 1039 Sin
578 998 762 1052 cuipiam
793 998 921 1039 nimis
954 998 1171 1039 infinitum
1200 998 1380 1052 videtur,
1412 997 1525 1051 quod
1544 1013 1577 1039 15

184 1057 246 1098 ita
283 1057 426 1111 posui,
465 1071 816 1110 quaquomque
850 1057 905 1098 de
936 1071 1004 1110 re,
1043 1057 1145 1098 licet
1181 1056 1281 1098 hinc
1318 1059 1526 1110 quantum

186 1115 337 1170 cuique
375 1115 590 1156 videbitur
633 1115 909 1156 circumcidat
953 1118 1081 1169 atque
1127 1117 1337 1169 amputet:
1381 1117 1527 1155 tamen

184 1174 291 1214 illud
321 1174 495 1227 tenebo,
534 1174 570 1214 si
608 1188 715 1227 quae
753 1174 905 1215 ceteris
937 1173 982 1214 in
1015 1173 1177 1214 artibus
1212 1176 1340 1226 atque
1373 1172 1524 1214 studiis

186 1232 270 1273 sita
307 1235 408 1273 sunt
446 1234 590 1273 orator
629 1232 801 1286 ignoret
837 1234 1091 1285 tantumque
1129 1246 1178 1272 ea
1214 1234 1377 1285 teneat,
1417 1245 1524 1284 quae

187 1293 286 1332 sunt
316 1290 363 1331 in
394 1290 776 1344 disceptationibus
810 1293 938 1344 atque
970 1305 1049 1331 usu
1080 1289 1260 1344 forensi,
1296 1293 1442 1330 tamen
1471 1289 1524 1330 113
1545 1304 1579 1330 20

186 1349 236 1390 de
267 1349 393 1390 rebus
425 1349 531 1402 ipsis
564 1349 600 1390 si
633 1349 690 1390 sit
721 1349 759 1389 ei
792 1349 1034 1403 dicendum,
1075 1362 1204 1402 quom
1242 1347 1439 1403 cognorit
1472 1347 1525 1388 ab

184 1407 238 1448 iis
272 1407 343 1460 qui
374 1410 534 1461 tenent,
566 1422 674 1461 quae
701 1407 787 1448 sint
810 1407 857 1448 in
888 1421 1054 1461 quaque
1079 1421 1124 1448 re
1150 1406 1286 1447 multo
1313 1408 1527 1447 oratorem

186 1466 337 1506 melius
372 1479 498 1519 quam
529 1466 647 1520 ipsos
678 1465 789 1520 illos,
828 1480 1008 1519 quorum
1040 1465 1119 1506 hae
1153 1464 1239 1505 31111
1272 1467 1398 1518 artes,
1434 1478 1525 1504 esse

187 1524 410 1565 dicturum.
473 1524 541 1565 Ita
580 1524 616 1564 31
654 1524 704 1564 de
741 1538 785 1564 re
824 1524 1000 1564 militari
1041 1522 1264 1564 dicendum
1303 1522 1404 1563 huic
1445 1521 1526 1563 erit

188 1582 396 1646 Sulpicio,
435 1585 609 1635 quaeiet
641 1597 665 1622 a
698 1581 741 1623 C.
773 1581 912 1622 Mario
952 1581 1070 1622 affini
1106 1584 1254 1621 nostro
1294 1583 1355 1634 01,
1396 1594 1526 1634 quom
1545 1595 1579 1621 25

187 1639 410 1694 acceperit,
439 1640 502 1680 ita
532 1639 842 1694 pronuntiabit,
873 1642 921 1680 ut
952 1639 1016 1693 ip
1002 1639 1035 1679 i
1062 1638 1105 1681 C.
1128 1638 1266 1679 Mario
1296 1652 1430 1692 paene
1455 1638 1525 1680 hio

186 1698 339 1740 melius
367 1712 494 1751 quam
520 1698 611 1752 ipse
637 1698 712 1738 illa
738 1697 844 1739 30110
869 1698 1083 1752 videatur3
1114 1697 1181 1738 sin
1206 1697 1255 1738 de
1281 1696 1372 1737 11110
1400 1696 1527 1751 civili,

186 1760 329 1798 tecum
358 1756 704 1810 communicabit,
735 1759 777 1797 te
809 1756 1027 1797 hominem
1057 1755 1450 1810 prudentissumum
1482 1758 1526 1795 et

187 1815 510 1869 peritissumum
540 1815 586 1855 in
615 1815 669 1855 iis
700 1814 805 1868 111313
837 1815 978 1868 1011113,
1010 1829 1113 1868 quas
1144 1814 1219 1854 abs
1246 1817 1287 1855 te
1320 1812 1526 1867 didicerit,

188 1874 353 1914 dicendi
380 1876 470 1914 arte
497 1872 726 1927 superabit.
789 1872 863 1914 Sin
895 1886 1002 1926 quae
1033 1887 1100 1913 res
1131 1871 1341 1925 inciderit,
1371 1872 1418 1912 in
1443 1885 1526 1925 qua
1544 1887 1578 1912 30

187 1932 237 1973 de
255 1935 422 1986 natura,
448 1932 497 1972 de
518 1932 633 1972 vitiis
655 1931 889 1985 hominum,
909 1931 958 1972 de
980 1931 1298 1984 cupiditatibus,
1318 1931 1368 1971 de
1388 1929 1527 1984 modo,

187 1990 237 2031 de
265 1990 541 2044 continentia,
573 1990 622 2031 de
649 1990 805 2044 dolore,
836 1990 885 2030 de
919 1992 1055 2029 morte
1089 1989 1311 2030 dicendum
1344 1987 1414 2042 sit,
1443 1987 1527 2028 for-

188 2048 313 2102 sitan,
344 2048 380 2089 si
406 2048 444 2089 ei
471 2049 527 2089 sit
553 2048 692 2089 visum
723 2072 770 2077 —
800 2047 881 2089 etsi
911 2047 1016 2088 haec
1049 2047 1219 2100 quidem
1249 2060 1375 2087 nosse
1401 2045 1527 2086 debet

188 2109 333 2147 orator
368 2131 433 2161 -,
464 2121 561 2147 011111
595 2106 687 2148 Sex.
718 2105 923 2160 Pompeio
960 2105 1124 2146 erudito
1157 2105 1329 2146 homine
1361 2104 1405 2145 in
1436 2103 1527 2157 phi-

186 2164 384 2218 losophia
405 2164 748 2206 communicarit:
776 2165 858 2206 ]100
882 2164 1076 2218 profecto
1104 2163 1273 2218 efficiet,
1297 2165 1358 2216 ut,
1384 2176 1527 2216 quam·
1545 2176 1578 2202 35

188 2237 400 2277 quomque
426 2238 517 2264 rem
543 2238 567 2264 a
594 2237 764 2277 quoquo
797 2222 1059 2278 cognoverit,
1090 2222 1139 2262 de
1172 2236 1222 2262 ea
1249 2220 1385 2262 multo
1412 2219 1526 2261 dicat

190 2281 383 2323 ornatius
425 2296 551 2336 quam
592 2281 664 2322 ille
704 2281 794 2336 ipse
834 2281 943 2322 unde
985 2279 1191 2335 cognorit.
1265 2278 1348 2321 Sed
1385 2278 1422 2320 si
1458 2292 1525 2319 me
