1643 2526
115 967 133 996 3
138 966 157 996 9

118 1516 168 1556 11

115 1585 158 1615 40

116 1899 157 1929 41

115 2308 159 2338 42

183 105 266 146 172
692 104 754 138 DE
783 103 1008 138 ORATORE

180 203 279 255 post
311 200 455 241 videro
490 223 556 254 —,
588 214 716 253 quam
747 202 796 240 ut
826 198 993 253 Latine,
1030 201 1078 239 ut
1109 198 1247 252 plane,
1279 199 1329 238 ut
1361 199 1522 251 ornate,

181 262 230 299 ut
269 259 320 299 ad
357 259 418 312 id,
463 258 756 312 quodcumque
800 260 968 312 agetur,
1011 260 1109 311 apte
1153 257 1520 310 congruenterque

182 317 402 358 dicamus?
435 317 576 371 Atque
608 331 755 357 eorum
788 316 970 369 quidem,
1002 330 1108 369 quae
1138 315 1220 355 duo
1252 313 1391 368 prima
1422 313 1522 367 dixi,

181 375 392 416 rationem
423 389 510 416 non
542 375 726 416 arbitror
758 374 972 428 expectari
998 389 1022 414 a
1048 388 1114 414 me
1139 373 1235 427 puri
1262 371 1520 425 dilucidique

183 434 402 475 sermonis.
464 432 612 486 Neque
654 433 766 474 enim
807 447 1009 473 conamur
1050 432 1198 472 docere
1236 445 1334 471 eum
1371 429 1557 484 dicere,5

183 492 256 546 qui
287 492 406 546 loqui
435 492 616 546 nesciat3
646 506 723 532 nec
756 505 936 545 sperare,
968 490 1040 544 qui
1071 489 1224 530 Latine
1254 503 1343 530 non
1371 488 1523 543 possit,

182 551 295 592 hunc
328 552 475 591 ornate
508 564 598 591 esse
631 550 861 603 dicturum3
892 563 1028 602 neque
1055 563 1168 601 vero,
1199 548 1271 601 qui
1296 561 1383 588 non
1408 546 1522 587 dicat

185 609 297 663 quod
321 609 634 662 intellegamus,
661 608 773 649 hunc
799 622 923 662 posse
951 607 1063 660 quod
1091 606 1346 647 admiremur
1373 605 1521 646 dicere.

183 667 446 721 Linquamus
478 667 613 721 igitur
643 666 766 720 haec,
807 681 912 719 quae
951 665 1241 719 cognitionem
1273 664 1433 704 habent
1463 663 1523 703 fa-

185 726 308 767 cilem
327 740 451 766 usum
472 725 769 766 necessarium.
818 723 931 764 Nam
951 724 1132 764 alterum
1157 722 1339 763 traditur
1364 721 1521 762 litteris
1543 738 1576 763 ιο

184 783 462 837 doctrinaque
488 783 652 837 puerili,
679 783 860 823 alterum
887 782 1111 822 adhibetur
1138 781 1191 821 ob
1219 796 1312 821 eam
1338 794 1523 834 causam,

184 849 232 883 ut
263 842 539 895 intellegatur
571 841 671 894 quid
711 840 888 894 quisque
927 840 1056 889 dicat,
1095 839 1207 893 quod
1238 839 1429 879 videmus
1460 838 1524 879 ita

185 915 276 941 esse
307 899 607 953 necessarium,
638 902 686 939 ut
714 902 858 940 tamen
883 913 932 939 eo
959 898 1099 939 minus
1125 897 1232 938 nihil
1258 911 1349 938 esse
1374 896 1523 950 possit.

187 958 269 1000 Sed
311 958 448 999 omnis
489 957 689 1011 loquendi
734 957 964 1012 elegantia,
1009 971 1267 1011 quamquam
1311 954 1524 1009 expolitur

186 1017 363 1058 scientia
394 1017 648 1069 litterarum,
679 1019 823 1057 tamen
856 1018 1035 1070 augetur
1064 1014 1254 1069 legendis
1282 1013 1523 1054 oratoribus
1545 1028 1578 1054 15

186 1079 228 1116 et
259 1075 408 1129 poetis.
473 1073 581 1115 Sunt
614 1074 726 1114 enim
756 1074 820 1113 illi
851 1077 1028 1127 veteres,
1061 1073 1133 1126 qui
1161 1087 1309 1113 ornare
1335 1072 1524 1112 nondum

184 1136 384 1187 poterant
429 1147 478 1173 ea
528 1147 635 1186 quae
685 1132 900 1185 dicebant,
944 1145 1089 1172 omnes
1133 1145 1264 1184 prope
1308 1130 1523 1184 praeclare

186 1192 336 1245 locuti,
382 1205 562 1244 quorum
601 1205 793 1231 sermone
827 1189 1055 1230 assuefacti
1088 1189 1159 1242 qui
1193 1191 1335 1242 erunt,
1371 1202 1423 1228 ne
1457 1202 1524 1228 cu-

184 1250 350 1304 pientes
397 1249 565 1302 quidem
610 1251 813 1302 poterunt
853 1248 971 1302 loqui
1015 1247 1099 1287 nisi
1142 1246 1306 1288 Latine.
1373 1245 1523 1299 Neque

185 1312 329 1349 tamen
361 1307 442 1348 erit
470 1307 674 1348 utendum
699 1307 839 1347 verbis
870 1306 937 1359 iis,
969 1306 1123 1360 quibus
1149 1305 1235 1346 iam
1262 1304 1523 1345 consuetudo
1544 1320 1577 1345 ρο

185 1370 334 1407 nostra
370 1380 457 1407 non
494 1365 648 1419 utitur,
687 1365 771 1405 nisi
809 1365 975 1418 quando
1015 1364 1192 1404 ornandi
1230 1378 1357 1404 causa
1387 1377 1524 1416 parce,

187 1425 299 1479 quod
332 1424 572 1478 ostendam,
605 1424 677 1464 sed
702 1423 874 1463 usitatis
900 1423 962 1463 ita
987 1422 1147 1476 poterit
1172 1421 1249 1476 uti,
1278 1421 1524 1463 lectissimis

186 1487 234 1523 ut
266 1486 424 1536 utatur,
454 1482 491 1523 is
524 1482 596 1536 qui
627 1482 673 1522 in
704 1481 918 1522 veteribus
951 1481 1032 1522 erit
1064 1480 1234 1534 scriptis
1262 1480 1450 1520 studiose
1483 1482 1526 1520 et

186 1541 370 1582 multum
407 1541 636 1581 volutatus.
698 1540 841 1593 Atque
878 1542 926 1580 ut
963 1539 1116 1579 Latine
1153 1539 1396 1593 loquamur,
1438 1551 1525 1578 non

187 1600 326 1640 solum
357 1599 584 1639 videndum
621 1602 702 1651 est,
743 1601 790 1638 ut
824 1600 866 1643 et
896 1598 1026 1638 verba
1057 1597 1279 1637 efferamus
1312 1610 1378 1647 ea,
1417 1610 1524 1649 quae
1543 1610 1577 1635 25

186 1672 310 1698 nemo
347 1657 438 1698 iure
476 1656 775 1710 reprehendat,
814 1659 856 1696 et
888 1670 936 1696 ea
969 1655 1028 1696 sic
1061 1658 1103 1696 et
1135 1654 1302 1696 casibus
1342 1657 1384 1695 et
1422 1657 1526 1694 tem-

186 1716 362 1770 poribus
395 1718 437 1755 et
470 1728 622 1768 genere
655 1717 697 1754 et
727 1728 903 1754 numero
931 1727 1240 1767 conservemus,
1271 1715 1320 1753 ut
1344 1727 1396 1753 ne
1423 1712 1525 1765 quid

185 1774 483 1828 perturbatum
521 1787 569 1813 ac
602 1772 845 1826 discrepans
879 1774 952 1812 aut
983 1775 1305 1825 praeposterum
1338 1771 1412 1825 sit,
1452 1770 1525 1810 sed

187 1832 317 1873 etiam
354 1832 502 1886 lingua
539 1834 580 1871 et
618 1830 792 1884 spiritus
832 1832 874 1870 et
903 1829 1019 1870 vocis
1059 1844 1187 1870 sonus
1221 1832 1285 1870 est
1315 1829 1405 1883 ipse
1437 1842 1525 1869 mo—

187 1890 407 1931 derandus.
446 1889 558 1930 Nolo
580 1888 759 1943 exprimi
778 1888 944 1928 litteras
963 1888 1166 1942 putidius,
1184 1888 1283 1929 nolo
1305 1886 1524 1928 obscurari
1543 1902 1576 1928 30

184 1948 499 2003 neglegentius3
530 1947 629 1988 nolo
655 1947 785 1987 verba
811 1946 976 1987 exiliter
1003 1947 1244 1987 exanimata
1271 1945 1396 1999 exire,
1420 1945 1522 1985 nolo

184 2007 334 2047 inflata
366 2009 407 2046 et
440 2006 560 2059 quasi
593 2005 791 2046 anhelata
824 2004 1005 2059 gravius.
1067 2004 1180 2045 Nam
1213 2005 1262 2045 de
1288 2018 1389 2045 voce
1421 2017 1524 2044 non-

186 2065 286 2105 dum
318 2079 367 2105 ea
398 2064 491 2105 dico
524 2078 630 2117 quae
664 2066 763 2104 sunt
795 2062 995 2116 actionis,
1039 2063 1111 2103 sed
1148 2063 1229 2104 hoc
1268 2062 1381 2116 quod
1418 2061 1523 2102 mihi

186 2137 282 2164 cum
320 2136 513 2163 sermone
555 2121 676 2175 quasi
716 2121 989 2162 coniunctum
1026 2121 1205 2162 videtur.
1269 2119 1378 2161 Sunt
1410 2119 1524 2160 enim

187 2183 303 2222 certa
328 2180 445 2234 vitia,
476 2194 582 2234 quae
608 2194 732 2220 nemo
760 2182 824 2220 est
851 2179 954 2232 quin
980 2179 1163 2234 effugere
1191 2178 1349 2233 cupiat:
1381 2177 1522 2218 mollis
1542 2193 1576 2218 35

185 2254 268 2280 vox
300 2241 374 2280 aut
404 2238 624 2278 muliebris
658 2241 730 2278 aut
762 2237 883 2290 quasi
916 2240 1034 2277 extra
1066 2238 1239 2278 modum
1272 2237 1433 2277 absona
1465 2238 1525 2276 at-

187 2311 268 2351 que
306 2296 500 2338 absurda.
567 2295 647 2337 Est
692 2298 833 2336 autem
876 2295 1048 2350 vitium,
1092 2296 1204 2349 quod
1239 2293 1434 2336 nonnulli
1472 2293 1522 2334 de
