1643 2526
179 100 237 139 44
689 99 752 134 DE
780 99 1004 135 ORATORE

183 194 366 247 scurius3
416 195 489 235 sed
532 194 724 248 experiar
764 198 807 236 et
847 195 1004 250 dicam,
1046 195 1082 237 si
1124 199 1293 251 potero,
1334 197 1516 251 planius.

109 252 166 293 42
181 251 334 293 Omnia
365 252 465 307 fere,
497 267 604 307 quae
631 256 730 294 sunt
756 254 956 295 conclusa
979 268 1092 295 nunc
1119 255 1296 308 artibus,
1327 255 1518 310 dispersa

181 313 224 351 et
262 310 470 364 dissipata
511 311 723 364 quondam
761 311 949 367 fuerunt3
992 315 1041 353 ut
1070 312 1116 352 in
1146 313 1319 354 musicis
1350 314 1516 355 numeri

181 372 224 410 et
254 383 378 410 voces
411 372 453 410 et
478 369 611 424 modi3
641 369 686 410 in
719 370 953 425 geometria
984 370 1233 412 liniamenta
1262 371 1425 413 formae
1455 372 1516 412 in-

180 427 359 468 tervalla
402 427 736 482 magnitudines3
784 428 829 469 in
873 428 1107 483 astrologia
1151 429 1255 470 caeli
1296 430 1515 471 conversio
1535 446 1551 472 5

181 488 299 526 ortus
334 485 477 526 obitus
509 489 736 539 motusque
769 486 972 541 siderum3
1014 487 1059 527 in
1097 488 1389 542 grammaticis
1420 503 1518 542 poe-

180 546 321 584 tarum
370 544 666 598 pertractatio,
713 544 991 586 historiarum
1034 546 1243 600 cognitio,
1290 546 1517 588 verborum

180 601 492 656 interpretatio,
531 602 837 656 pronuntiandi
870 603 1042 656 quidam
1075 618 1222 658 sonus3
1264 604 1309 644 in
1339 605 1420 646 hac
1452 605 1518 646 de-

179 659 307 712 nique
333 660 428 714 ipsa
452 660 617 701 ratione
644 660 810 701 dicendi
842 661 1084 716 excogitare
1118 676 1267 703 ornare
1293 662 1516 717 disponere

180 718 425 759 meminisse
463 733 588 772 agere
625 718 776 773 ignota
813 720 997 772 quodam
1034 720 1160 760 modo
1201 721 1435 772 [omnibus]
1474 723 1517 762 et
1536 738 1569 762 10

113 775 333 816 188diffusa
357 776 443 816 late
469 777 732 817 videbantur.
783 777 1032 818 Adhibitast
1056 778 1189 832 igitur
1215 793 1282 819 ars
1310 779 1517 832 quaedam

180 834 442 875 extrinsecus
475 849 526 875 ex
559 834 642 875 alio
675 849 826 889 genere
865 836 1068 889 quodam,
1107 837 1219 889 quod
1257 837 1338 877 sibi
1375 840 1515 878 totum

179 892 425 946 philosophi
457 896 696 945 assumunt,
739 907 846 946 quae
883 908 972 934 rem
1010 894 1262 935 dissolutam
1293 895 1517 936 divolsam-

180 964 260 1002 que
305 950 622 1005 conglutinaret
666 954 708 991 et
750 951 916 992 ratione
961 952 1143 1005 quadam
1193 953 1515 1008 constringeret.

181 1007 246 1048 Sit
279 1022 380 1063 ergo
411 1008 456 1049 in
487 1009 578 1049 iure
611 1009 724 1050 civili
756 1009 853 1050 finis
885 1009 971 1051 hic:
1014 1010 1232 1065 legitimae
1270 1014 1396 1065 atque
1435 1012 1516 1053 usi·
1536 1027 1568 1052 15

179 1069 293 1107 tatae
326 1068 369 1107 in
399 1067 526 1108 rebus
559 1067 780 1120 causisque
813 1068 970 1108 civium
1001 1069 1319 1121 aequabilitatis
1352 1084 1517 1111 conser—

111 1125 306 1165 189vatio.
368 1124 477 1165 Tum
515 1128 615 1165 sunt
651 1126 840 1166 notanda
878 1140 1034 1180 genera
1070 1130 1112 1167 et
1153 1127 1204 1167 ad
1243 1130 1404 1168 certum
1441 1142 1516 1168 nu-

179 1197 342 1223 merum
385 1183 730 1236 paucitatemque
779 1185 1025 1225 revocanda.
1100 1183 1243 1226 Genus
1287 1189 1430 1226 autem
1472 1186 1515 1226 id

179 1244 261 1294 est,
305 1241 417 1295 quod
467 1241 532 1281 sui
577 1241 728 1282 similis
779 1242 1076 1283 communione
1127 1243 1327 1297 quadam,
1375 1244 1513 1298 specie

179 1302 321 1340 autem
353 1299 599 1354 differentis,
630 1300 733 1340 duas
767 1303 840 1341 aut
870 1300 1004 1354 pluris
1038 1301 1336 1355 complectitur
1365 1302 1512 1355 partis.
1534 1319 1567 1343 20

177 1356 327 1398 Partes
360 1360 503 1398 autem
529 1361 641 1411 sunt,
674 1372 779 1411 quae
807 1358 1033 1413 generibus
1064 1358 1130 1413 iis,
1162 1374 1212 1400 ex
1245 1359 1398 1413 quibus
1429 1375 1515 1401 ma-

177 1418 294 1469 nant,
333 1415 620 1470 subiciuntur3
665 1416 906 1470 omniaque,
943 1431 1050 1470 quae
1083 1420 1182 1458 sunt
1213 1418 1279 1458 vel
1312 1432 1514 1472 generum

177 1474 243 1514 vel
274 1473 461 1527 partium
485 1474 671 1528 nomina,
702 1474 1021 1515 definitionibus
1054 1490 1181 1528 quam
1209 1475 1295 1516 vim
1327 1476 1513 1518 habeant

178 1534 242 1572 est
283 1532 613 1585 exprimendum.
674 1532 756 1573 Est
793 1532 904 1573 enim
946 1533 1136 1573 definitio
1177 1548 1318 1574 rerum
1356 1548 1513 1589 earum,

178 1604 285 1643 quae
318 1593 417 1630 sunt
457 1590 546 1630 eius
584 1590 644 1630 rei
682 1590 897 1644 propriae,
934 1605 1060 1643 quam
1099 1591 1272 1632 definire
1304 1592 1512 1647 volumus,
1532 1609 1565 1634 25

108 1648 316 1688 190brevis
343 1650 386 1688 et
412 1647 732 1701 circumscripta
756 1649 961 1701 quaedam
988 1648 1226 1701 explicatio.
1276 1649 1405 1691 Hisce
1431 1664 1511 1705 ego

176 1706 302 1746 rebus
336 1706 528 1758 exempla
562 1705 853 1760 adiungerem,
892 1706 975 1746 nisi
1013 1707 1123 1760 apud
1162 1721 1268 1760 quos
1305 1707 1409 1749 haec
1441 1708 1513 1750 ha-

175 1764 347 1804 beretur
380 1763 516 1804 oratio
549 1778 774 1804 cernerem.
836 1763 960 1805 Nunc
987 1765 1245 1818 complectar
1271 1767 1383 1819 quod
1413 1781 1510 1821 pro-

174 1822 299 1875 posui
331 1821 460 1862 brevi.
524 1820 568 1862 Si
607 1822 719 1862 enim
757 1825 831 1862 aut
868 1822 973 1862 mihi
1005 1822 1142 1863 facere
1174 1823 1361 1878 licuerit,
1398 1826 1511 1879 quod

173 1880 260 1921 iam
295 1879 400 1931 [diu]
436 1880 592 1934 cogito,
625 1883 699 1920 aut
730 1880 837 1920 alius
864 1880 1075 1934 quispiam
1102 1884 1176 1922 aut
1207 1896 1273 1922 me
1304 1882 1509 1936 impedito
1529 1900 1563 1925 30

175 1938 394 1992 occuparit
426 1942 500 1978 aut
532 1941 701 1979 mortuo
734 1938 937 1993 effecerit,
978 1941 1026 1978 ut
1065 1940 1250 1992 primum
1288 1954 1412 1981 omne
1442 1941 1509 1982 ius

175 1996 296 2037 civile
327 1996 373 2036 in
405 2010 560 2050 genera
592 1997 774 2051 digerat,
812 2011 918 2049 quae
955 2011 1166 2050 perpauca
1207 2001 1324 2052 sunt,
1361 1999 1508 2040 deinde

175 2069 320 2095 eorum
372 2068 573 2108 generum
618 2055 738 2108 quasi
782 2055 987 2107 quaedam
1036 2056 1227 2097 membra
1275 2056 1509 2111 dispertiat,

173 2115 266 2153 tum
297 2112 513 2166 propriam
545 2113 748 2166 cuiusque
780 2113 865 2153 vim
897 2113 1141 2154 definitione
1174 2114 1376 2168 declaret,
1417 2129 1509 2169 per-

173 2171 330 2212 fectam
368 2173 504 2210 artem
540 2170 644 2211 iuris
683 2170 819 2212 civilis
856 2170 1089 2225 habebitis,
1132 2172 1269 2226 magis
1307 2187 1507 2227 magnam
1526 2190 1560 2215 35

105 2233 301 2283 191atque
344 2228 517 2269 uberem
563 2243 689 2281 quam
733 2228 948 2270 difficilem
990 2232 1031 2269 et
1069 2229 1304 2271 obscuram.
1365 2231 1506 2285 Atque

171 2287 335 2329 interea
366 2290 527 2342 tamen,
559 2287 658 2327 dum
690 2286 813 2341 haec,
844 2301 950 2340 quae
983 2287 1173 2342 dispersa
1204 2291 1321 2343 sunt,
1352 2303 1507 2344 cogun-
