1643 2526
158 90 215 132 34
668 91 731 126 DE
759 91 984 127 ORATORE

91 185 243 227 14sssibi
274 186 558 241 proposuerit,
588 186 728 228 minus
755 187 935 228 aberret.
979 186 1142 228 Verum
1168 201 1248 242 ego
1273 187 1384 228 hanc
1408 187 1497 228 vim

158 244 362 299 intellego
395 259 486 285 esse
517 244 563 285 in
592 245 830 299 praeceptis
859 245 1068 299 omnibus,
1099 259 1187 287 non
1211 248 1260 286 ut
1286 260 1335 286 ea
1361 245 1496 287 secuti

161 305 351 343 oratores
385 302 652 356 eloquentiae
677 303 847 344 laudem
873 303 959 344 sint
985 303 1140 358 adepti,
1171 304 1256 357 sed,
1281 318 1388 357 quae
1420 318 1498 344 sua

161 363 312 414 sponte
338 360 533 402 homines
554 361 803 415 eloquentes
823 361 1024 416 facerent,
1050 376 1099 402 ea
1125 362 1330 415 quosdam
1357 362 1497 403 obser-

159 432 280 459 vasse
301 421 428 472 atque
454 419 497 459 id
523 419 679 474 egisse,
705 420 764 460 sic
791 434 882 461 esse
906 434 993 460 non
1013 419 1300 473 eloquentiam
1323 434 1373 461 ex
1398 419 1497 461 arti·
1515 435 1531 461 5

159 476 269 530 ficio,
284 477 356 517 sed
371 477 602 518 artificium
622 492 672 518 ex
692 478 936 531 eloquentia
954 481 1122 533 natum,
1142 478 1255 532 quod
1274 481 1429 533 tamen,
1448 480 1497 519 ut

161 538 258 576 ante
292 535 390 589 dixi,
420 549 508 576 non
539 535 664 590 eicio,
697 539 761 577 est
793 536 923 590 enim,
954 536 1085 577 etiam
1118 536 1153 577 si
1185 536 1326 577 minus
1356 550 1498 577 neces-

161 593 319 634 sarium
360 594 412 634 ad
449 593 556 635 bene
597 594 839 647 dicendum,
877 598 1023 635 tamen
1063 595 1115 635 ad
1155 595 1497 649 cognoscendum

93 660 246 692 147non
289 651 509 693 illiberale.
582 652 640 693 Et
685 652 933 693 exercitatio
979 653 1185 706 quaedam
1229 653 1497 707 suscipienda

158 709 281 750 vobis
314 713 379 750 est
413 734 462 738 —
499 724 741 764 quanquam
772 724 847 751 vos
881 710 1050 764 quidem
1081 711 1167 751 iam
1198 711 1362 765 pridem
1393 711 1497 752 estis
1517 727 1550 752 ιο

158 767 203 808 in
235 782 360 809 cursu
394 793 461 822 ——,
493 768 565 809 sed
597 769 661 819 iis,
693 768 766 822 qui
796 768 1094 823 ingrediuntur
1124 769 1169 809 in
1196 769 1381 810 stadium
1408 769 1496 822 qui-

161 840 241 879 que
280 840 346 879 ea,
384 841 491 879 quae
530 827 693 881 agenda
731 830 830 867 sunt
867 826 913 867 in
949 827 1042 867 foro
1081 830 1287 880 tanquam
1318 827 1364 868 in
1395 827 1496 881 acie,

158 887 340 938 possunt
373 884 503 925 etiam
533 899 646 926 nunc
678 884 982 926 exercitatione
1021 885 1143 938 quasi
1179 885 1343 926 ludicra
1378 900 1496 939 prae-

91 942 320 983 148discere
364 957 412 984 ac
456 943 663 984 meditari.
726 942 848 984 Hanc
890 943 1048 997 ipsam,
1091 943 1231 996 inquit
1270 942 1497 998 Sulpicius,

158 1015 284 1041 nosse
315 1001 529 1055 volumus,
571 1016 618 1042 ac
656 1004 800 1042 tamen
836 1001 940 1055 ista,
979 1015 1085 1054 quae
1125 1002 1199 1042 abs
1237 1004 1279 1042 te
1311 1001 1497 1043 breviter
1518 1018 1550 1044 15

160 1059 209 1099 de
243 1061 333 1099 arte
366 1059 543 1100 decursa
575 1063 686 1112 sunt,
719 1059 862 1100 audire
889 1059 1096 1113 cupimus,
1128 1074 1372 1114 quanquam
1398 1063 1497 1101 sunt

159 1116 285 1157 nobis
325 1131 491 1170 quoque
529 1131 615 1157 non
652 1117 856 1158 inaudita.
912 1117 1078 1158 -Verum
1115 1117 1191 1158 illa
1227 1131 1344 1173 mox,
1383 1132 1495 1159 nunc

161 1174 210 1215 de
241 1175 335 1229 ipsa
367 1175 671 1216 exercitatione
704 1175 804 1228 quid
837 1175 995 1216 sentias
1029 1176 1284 1229 quaerimus.

89 1210 145 1251 33
277 1233 488 1287 Equidem
529 1233 665 1287 probo
708 1233 810 1287 ista,
853 1231 1031 1274 Crassus
1074 1234 1232 1287 inquit,
1276 1248 1382 1287 quae
1421 1248 1496 1275 vos

92 1277 298 1332 149facere
332 1291 492 1346 soletis,
521 1295 581 1345 ut,
614 1306 741 1332 causa
773 1291 915 1345 aliqua
945 1292 1087 1345 posita
1112 1292 1324 1333 consimili
1355 1307 1499 1333 causa·
1517 1310 1550 1335 20

159 1364 255 1389 rum
286 1364 450 1403 earum,
488 1364 595 1403 quae
627 1349 672 1389 in
702 1349 844 1390 forum
877 1349 1141 1404 deferuntur,
1179 1350 1330 1391 dicatis
1370 1366 1496 1404 quam

160 1407 343 1448 maxime
385 1408 437 1448 ad
473 1408 699 1448 veritatem
737 1408 1072 1462 accommodate3
1113 1408 1185 1449 sed
1222 1408 1412 1463 plerique
1451 1409 1497 1449 in

160 1465 240 1506 hoc
261 1480 408 1506 vocem
434 1466 574 1520 modo,
598 1480 734 1519 neque
762 1480 855 1507 eam
881 1466 1075 1520 scienter,
1102 1469 1143 1507 et
1162 1466 1272 1507 vires
1299 1470 1496 1508 exercent

162 1537 259 1564 suas
293 1528 334 1565 et
365 1524 536 1579 linguae
570 1524 831 1565 celeritatem
861 1524 1045 1565 incitant
1079 1525 1386 1577 verborumque
1417 1524 1496 1565 fre-

161 1581 335 1635 quentia
361 1582 633 1623 delectantur.
684 1581 735 1622 In
763 1596 846 1635 quo
871 1582 985 1622 fallit
1011 1596 1082 1622 eos
1116 1583 1229 1635 quod
1260 1582 1497 1637 audierunt,
1517 1601 1549 1625 25

91 1640 338 1681 150dicendo
369 1640 564 1680 homines
596 1643 645 1680 ut
677 1639 820 1680 dicant
851 1639 1017 1680 efficere
1050 1640 1197 1681 solere.
1246 1640 1356 1681 Vere
1382 1641 1496 1682 enim

160 1697 289 1738 etiam
320 1697 427 1738 illud
459 1698 633 1752 dicitur,
670 1712 866 1751 perverse
899 1697 1036 1738 dicere
1073 1697 1267 1739 homines
1298 1701 1496 1752 perverse

160 1755 337 1796 dicendo
381 1755 583 1797 facillime
628 1755 839 1808 consequi.
902 1755 1038 1804 Quam
1082 1756 1136 1796 ob
1180 1771 1270 1797 rem
1312 1756 1358 1797 in
1398 1757 1496 1798 istis

158 1813 264 1867 ipsis
298 1813 674 1855 exercitationibus
707 1814 787 1854 etsi
813 1813 917 1854 utile
949 1817 1015 1854 est
1040 1813 1169 1854 etiam
1202 1814 1344 1855 subito
1371 1829 1496 1869 saepe

160 1872 311 1926 dicere,
330 1875 475 1912 tamen
492 1872 599 1912 illud
618 1872 767 1912 utilius
789 1874 960 1925 sumpto
980 1871 1120 1926 spatio
1142 1873 1194 1913 ad
1220 1873 1495 1928 cogitandum
1515 1891 1550 1916 30

158 1930 350 1984 paratius
395 1933 520 1984 atque
565 1930 805 1971 accuratius
849 1930 997 1971 dicere.
1060 1929 1200 1984 Caput
1243 1934 1386 1972 autem
1430 1934 1496 1972 est

159 1988 284 2042 quod,
303 1990 351 2028 ut
370 2003 466 2029 vere
487 1988 636 2041 dicam,
661 1988 835 2028 minime
854 1987 1034 2028 facimus
1056 2012 1109 2017 —
1131 1992 1196 2029 est
1216 1989 1328 2030 enim
1348 1989 1494 2044 magni

158 2045 337 2099 laboris,
374 2060 499 2100 quem
538 2046 728 2100 plerique
765 2046 954 2101 fugimus
990 2070 1060 2100 —,
1098 2060 1225 2100 quam
1261 2047 1494 2101 plurimum

159 2104 353 2146 scribere.
417 2103 550 2145 Stilus
590 2105 775 2158 optimus
814 2108 856 2145 et
892 2105 1287 2158 praestantissimus
1326 2105 1492 2146 dicendi

159 2162 332 2203 effector
365 2176 413 2203 ac
444 2162 666 2217 magister3
697 2176 832 2215 neque
863 2161 1029 2203 iniuria.
1091 2162 1204 2204 Nam
1237 2163 1273 2204 si
1305 2163 1492 2204 subitam
1513 2180 1546 2206 35

159 2223 202 2261 et
225 2219 450 2261 fortuitam
477 2221 713 2261 orationem
740 2220 1043 2261 commentatio
1071 2224 1112 2261 et
1139 2221 1345 2276 cogitatio
1371 2221 1494 2262 facile

158 2278 304 2333 vincit,
322 2278 432 2320 hanc
450 2278 589 2333 ipsam
608 2278 801 2332 profecto
823 2278 993 2319 assidua
1013 2293 1061 2320 ac
1082 2279 1263 2334 diligens
1285 2279 1496 2334 scriptura
