1643 2526
171 105 256 148 130
678 105 742 140 DE
769 105 994 141 ORATORE

171 201 399 243 ridiculum
437 204 502 243 est
538 201 600 257 id,
638 202 749 255 quod
786 201 905 242 verbi
944 204 1017 243 aut
1056 201 1292 243 sententiae
1325 202 1508 256 quodam

172 260 365 301 acumine
391 263 597 301 movetur.
650 259 731 301 Sed
756 263 805 301 ut
835 260 881 300 in
910 260 986 300 illo
1019 260 1235 314 superiore
1263 275 1414 315 genere
1440 262 1507 302 vel

170 318 430 359 narrationis
462 319 529 359 vel
560 318 815 359 imitationis
841 318 1015 359 vitanda
1047 322 1112 359 est
1143 322 1186 359 et
1211 319 1440 360 mimorum
1465 322 1509 360 et

171 376 472 431 ethologorum
516 377 769 430 similitudo,
813 376 872 417 sic
915 377 961 416 in
997 376 1078 418 hoc
1120 377 1308 418 scurrilis
1348 377 1507 418 oratori

171 435 374 476 dicacitas
395 450 653 490 magnopere
673 435 875 490 fugienda
896 438 971 475 est.
1017 434 1098 483 Qui
1123 435 1258 489 igitur
1276 435 1507 490 distingue·
1525 453 1541 479 5

171 507 266 534 mus
299 508 323 534 a
356 491 524 547 Crasso,
556 509 580 534 a
611 492 777 548 Catulo,
809 508 833 533 a
860 493 1011 534 ceteris
1037 493 1292 534 familiarem
1317 497 1507 535 vestrum

172 550 377 592 Granium
398 555 472 592 aut
486 551 737 607 Vargullam
753 551 935 593 amicum
956 553 1126 593 meum?
1147 551 1248 592 Non
1267 552 1506 593 mehercule

169 609 215 650 in
254 613 442 650 mentem
484 610 590 650 mihi
635 610 804 663 quidem
847 610 980 650 venit:
1025 613 1125 650 sunt
1169 610 1281 651 enim
1325 610 1506 664 dicaces3

173 667 331 709 Granio
371 668 540 721 quidem
575 683 700 709 nemo
740 668 934 709 dicacior.
995 668 1089 709 Hoc
1129 668 1279 722 opinor
1309 668 1507 723 primum,

169 740 241 779 ne,
291 726 703 780 quotiensquomque
747 726 937 780 potuerit
981 726 1141 768 dictum
1185 726 1285 781 dici,
1332 740 1504 768 necesse
1525 743 1559 769 ιο

101 784 404 825 245habeamus
446 784 593 825 dicere.
663 784 850 825 Pusillus
891 785 1014 825 testis
1054 784 1272 838 processit.
1343 785 1507 840 Licet,

170 842 323 897 inquit,
347 843 557 897 rogare?
600 842 836 897 Philippus.
880 842 989 883 Tum
1016 842 1232 896 quaesitor
1256 857 1507 897 properans:

170 900 317 941 Modo
355 901 591 941 breviter.
652 901 734 942 Hic
772 901 861 941 ille:
900 900 1011 941 Non
1054 901 1331 942 accusabis.
1392 900 1507 942 Per-

170 959 416 1013 pusillum
448 959 652 1013 rogabo.
715 959 920 1000 Ridicule.
985 957 1066 1000 Sed
1099 959 1274 1000 sedebat
1303 959 1430 1000 iudex
1459 958 1506 1000 L.

170 1017 349 1058 Aurifex
393 1017 562 1057 brevior
604 1017 696 1071 ipse
740 1032 868 1070 quam
904 1017 1028 1058 testis
1070 1017 1216 1058 etiam:
1261 1017 1398 1058 omnis
1443 1020 1508 1058 est
1527 1034 1559 1060 15

171 1075 282 1115 risus
313 1075 359 1115 in
389 1075 573 1116 iudicem
606 1090 853 1129 conversus,
889 1075 1028 1116 visum
1061 1079 1125 1116 est
1157 1078 1299 1116 totum
1331 1076 1506 1117 scurrile

171 1133 409 1174 ridiculum.
470 1134 588 1188 Ergo
620 1134 742 1187 haec,
775 1148 881 1187 quae
914 1134 1061 1174 cadere
1098 1136 1279 1187 possunt
1316 1133 1362 1174 in
1400 1148 1505 1187 quos

171 1191 301 1243 nolis,
346 1192 538 1245 quamvis
585 1192 670 1232 sint
713 1192 846 1245 bella,
890 1195 989 1232 sunt
1032 1194 1176 1232 tamen
1216 1192 1311 1245 ipso
1354 1206 1506 1247 genere

103 1249 379 1291 246scurrilia.
431 1249 491 1291 Ut
516 1250 610 1304 iste,
637 1250 708 1303 qui
730 1265 772 1290 se
794 1251 883 1291 volt
903 1250 1089 1291 dicacem
1119 1274 1167 1279 —
1199 1253 1241 1290 et
1267 1250 1505 1291 mehercule

170 1307 337 1361 Appius
369 1310 452 1361 est,
490 1308 562 1349 sed
592 1323 678 1348 non
709 1323 927 1361 nunquam
957 1308 1002 1348 in
1033 1308 1114 1349 hoc
1145 1308 1298 1349 vitium
1331 1308 1505 1349 scurrile
1526 1327 1560 1351 20

172 1365 383 1406 delabitur
417 1390 488 1420 —,
526 1366 744 1420 Cenabo,
781 1367 938 1420 inquit,
979 1367 1106 1420 apud
1144 1370 1210 1420 te,
1249 1366 1348 1407 huic
1386 1366 1505 1408 lusco

171 1423 374 1464 familiari
394 1438 488 1465 meo
510 1423 554 1465 C.
576 1424 738 1465 Sextio:
760 1425 845 1465 uni
866 1425 996 1466 enim
1022 1425 1187 1466 locum
1213 1439 1321 1465 esse
1347 1425 1506 1466 video.

173 1482 289 1533 [Est]
322 1482 403 1523 hoc
430 1482 618 1537 scurrile,
648 1483 761 1536 quod
787 1483 877 1524 sine
903 1497 1031 1524 causa
1055 1482 1269 1524 lacessivit
1295 1486 1337 1523 et
1361 1486 1507 1523 tamen

170 1540 214 1581 id
253 1540 327 1580 uni
366 1540 490 1594 dixit,
528 1541 639 1594 quod
675 1541 721 1582 in
758 1556 903 1582 omnes
944 1541 1084 1582 luscos
1126 1540 1380 1582 conveniret.
1440 1540 1507 1581 Ea

172 1598 271 1651 quia
311 1599 517 1639 meditata
556 1602 763 1653 putantur
805 1613 914 1653 esse,
950 1599 1090 1639 minus
1131 1599 1333 1639 ridentur.
1394 1598 1505 1639 Illud
1525 1615 1559 1641 25

173 1656 393 1710 egregium
427 1655 545 1697 Sexti
577 1660 619 1698 et
649 1671 700 1697 ex
731 1660 940 1711 tempore:
978 1656 1152 1697 Manus
1189 1657 1319 1710 lava,
1355 1656 1506 1711 inquit,

102 1718 222 1755 247et
255 1728 386 1755 cena.
447 1714 669 1768 Temporis
706 1714 840 1769 igitur
877 1714 987 1755 ratio
1020 1718 1062 1755 et
1099 1714 1232 1768 ipsius
1266 1715 1504 1756 dicacitatis

171 1772 406 1813 moderatio
422 1775 463 1813 et
478 1773 761 1826 temperantia
781 1776 823 1813 et
842 1773 995 1813 raritas
1011 1772 1221 1813 dictorum
1241 1773 1506 1827 distinguent

172 1833 385 1871 oratorem
417 1845 441 1870 a
472 1845 634 1883 scurra3
672 1834 714 1871 et
751 1831 863 1884 quod
899 1845 978 1871 nos
1017 1846 1112 1871 cum
1150 1845 1277 1872 causa
1313 1830 1506 1885 dicimus,

170 1902 257 1928 non
288 1891 337 1929 ut
367 1888 536 1929 ridiculi
566 1888 802 1943 videamur,
840 1889 912 1930 sed
949 1891 997 1929 ut
1028 1889 1301 1943 proficiamus
1333 1889 1506 1943 aliquid,
1525 1906 1559 1931 30

171 1946 234 1986 illi
260 1949 402 1987 totum
423 1947 534 1987 diem
555 1950 597 1988 et
617 1947 706 1988 sine
734 1962 871 1988 causa.
933 1946 1043 1995 Quid
1069 1947 1181 1988 enim
1208 1950 1273 1988 est
1297 1946 1506 2002 Vargulla

173 2004 412 2059 adsecutus,
437 2019 533 2046 cum
559 2020 656 2046 eum
683 2005 931 2047 candidatus
953 2005 1002 2045 A.
1026 2004 1301 2059 Sempronius
1328 2020 1425 2046 cum
1450 2005 1504 2045 M.

170 2061 302 2103 fratre
342 2077 418 2103 suo
457 2064 702 2117 complexus
741 2066 870 2105 esset:
909 2063 1055 2118 Puer,
1093 2064 1241 2118 abige
1278 2063 1505 2104 muscas?

170 2120 324 2161 Risum
357 2121 580 2175 quaesivit,
612 2121 685 2175 qui
717 2125 781 2162 est
812 2136 864 2162 ex
894 2136 989 2162 mea
1021 2122 1233 2162 sententia
1258 2121 1324 2162 vel
1349 2121 1507 2162 tenuis-

172 2178 304 2219 simus
330 2178 491 2233 ingenii
512 2179 689 2221 fructus.
733 2180 917 2234 Tempus
936 2179 1070 2234 igitur
1090 2179 1255 2221 dicendi
1279 2178 1505 2233 prudentia
1523 2194 1560 2222 3⁵

172 2239 214 2278 et
246 2237 456 2291 gravitate
488 2238 821 2292 moderabimur3
859 2252 1038 2292 quarum
1070 2238 1234 2279 utinam
1267 2240 1401 2279 artem
1433 2236 1506 2277 ali-

172 2309 300 2349 quam
331 2294 602 2336 haberemus!
636 2297 708 2337 sed
741 2295 912 2337 domina
941 2299 1094 2337 natura
1126 2299 1203 2337 est.
