1643 2526
120 375 162 406 76

189 96 246 138 86
702 98 765 132 DE
794 98 1018 133 ORATORE

188 192 408 234 iudicaret.
451 192 534 234 Hic
559 192 729 234 Poenus
760 207 848 235 non
880 196 1053 248 optume
1087 192 1259 248 Graece,
1285 193 1359 235 sed
1384 195 1529 234 tamen

188 251 322 292 libere
342 252 612 306 respondisse
637 252 786 306 fertur,
811 252 972 293 multos
1000 266 1043 293 se
1070 252 1226 293 deliros
1254 266 1376 293 senes
1404 265 1528 306 saepe

190 309 359 364 vidisse,
385 310 458 351 sed
485 310 557 364 qui
583 310 721 365 magis
748 325 876 364 quam
901 310 1108 351 Phormio
1136 310 1347 365 deliraret,
1371 309 1528 351 vidisse

189 368 414 409 neminem.
475 367 624 422 Neque
663 368 901 410 mehercule
938 368 1106 410 iniuria.
1168 367 1280 417 Quid
1310 368 1422 409 enim
1454 371 1528 409 aut

191 427 469 481 adrogantius
496 430 570 468 aut
596 427 816 481 loquacius
842 427 935 468 fieri
960 427 1104 481 potuit
1130 441 1257 480 quam
1282 425 1529 480 Hannibali,
1547 443 1565 469 5
1592 455 1594 458 >

192 485 264 539 qui
290 488 356 526 tot
381 485 503 526 annis
530 485 580 526 de
605 485 784 540 imperio
811 500 908 527 cum
931 485 1090 540 populo
1116 485 1312 526 Romano
1339 485 1529 525 omnium

191 543 385 598 gentium
410 544 571 585 victore
598 547 817 599 certasset,
844 543 1054 585 Graecum
1074 543 1303 598 hominem,
1329 543 1401 597 qui
1425 557 1529 583 nun-

191 617 319 656 quam
348 602 537 656 110310111,
566 617 783 656 nunquam
817 605 957 643 castra
988 602 1183 657 vidisset,
1212 615 1432 655 nunquam
1463 601 1530 642 (10-

189 661 317 714 nique
339 661 560 701 minimam
580 664 745 715 partem
765 660 893 701 ullius
914 660 1075 714 publici
1095 660 1283 701 muneris
1299 659 1530 715 attigisset,

189 722 418 773 praecepta
443 719 492 760 (10
518 733 562 759 10
590 719 767 760 1111111011
792 719 920 760 dare?
964 718 1058 760 Hoc
1084 719 1189 760 mihi
1215 718 1353 759 facere
1381 732 1527 759 omnes
1549 736 1583 761 10

188 777 262 818 isti
302 777 373 831 qui
412 777 461 818 de
507 780 596 818 arte
641 777 806 818 dicendi
849 777 1118 831 praecipiunt
1160 777 1375 831 videntum
1417 776 1530 830 quod

190 836 304 876 enim
335 836 417 889 ipsi
457 835 619 889 experti
656 849 743 876 11011
781 839 899 889 sunt,
935 835 979 876 id
1017 836 1170 876 docent
1208 838 1383 876 ceteros.
1447 833 1530 876 Sed

189 894 271 935 hoc
291 894 431 934 minus
457 894 641 934 fortasse
661 896 818 948 errant,
844 894 958 947 quod
982 908 1069 934 non
1088 896 1143 948 te,
1162 896 1211 934 ut
1230 893 1530 947 Hamiibalem,

122 980 174 1020 19
192 952 264 993 sed
294 966 449 1006 pueros
483 955 557 993 aut
588 951 929 993 adulescentulos
963 952 1112 993 docere
1145 954 1364 993 conantur.

121 1048 164 1079 77

121 1607 164 1639 78

122 1897 165 1928 79

309 1010 453 1065 Erras,
485 1009 648 1065 Catule,
677 1010 818 1064 inquit
849 1010 1077 1051 Antonius.
1138 1009 1252 1051 Nam
1283 1012 1453 1065 egomet
1484 1009 1531 1050 in
1550 1026 1583 1052 15

192 1069 350 1110 multos
376 1069 463 1109 iam
488 1068 769 1110 Phormiones
795 1068 936 1110 incidi.
981 1068 1086 1116 Quis
1113 1068 1226 1109 enim
1251 1071 1317 1109 est
1346 1068 1530 1109 istorum

192 1127 452 1169 Graecorum
495 1127 567 1180 qui
609 1141 866 1181 quemquam
905 1130 1102 1168 nostrum
1144 1127 1371 1180 quicquam
1408 1126 1530 1167 intel-

189 1186 330 1241 legere
368 1185 630 1226 arbitretur‘?
679 1184 743 1226 Ac
782 1185 887 1226 mihi
926 1185 1096 1240 quidem
1134 1199 1221 1226 non
1256 1185 1321 1226 ita
1357 1184 1529 1225 molesti

191 1247 309 1299 sunt,
340 1243 464 1285 facile
498 1258 643 1284 omnes
675 1243 893 1298 perpetior
924 1246 967 1284 et
992 1243 1171 1297 perfero.
1216 1242 1329 1283 Nam
1356 1246 1430 1284 aut
1456 1243 1530 1284 011-

192 1303 293 1356 quid
324 1302 532 1355 adferunt,
564 1302 677 1355 quod
708 1302 814 1342 mihi
844 1316 932 1342 non
957 1301 1193 1355 displiceat,
1225 1304 1299 1342 aut
1325 1301 1529 1355 efficiunt,
1549 1319 1582 1345 20

190 1364 238 1402 ut
270 1375 336 1402 1110
368 1375 455 1401 11011
487 1360 683 1401 didicisse
715 1360 856 1401 minus
887 1360 1114 1414 paeniteat.
1164 1359 1351 1401 Dimitto
1385 1363 1529 1401 autem

192 1434 262 1461 eos
300 1433 388 1459 non
424 1422 513 1459 tam
552 1418 857 1460 contumeliose
896 1433 1023 1472 quam
1063 1418 1368 1472 philosophum
1406 1418 1529 1459 illum

191 1477 426 1531 Hannibal,
469 1480 511 1517 01
552 1492 601 1517 00
642 1476 826 1518 fortasse
866 1477 961 1530 plus
1002 1476 1140 1518 habeo
1182 1477 1312 1517 etiam
1351 1476 1527 1531 negotii.

193 1535 275 1577 Sed
306 1539 451 1576 tamen
483 1539 548 1576 031
579 1550 727 1576 00111111
759 1535 964 1589 doctrina,
997 1539 1204 1588 quantum
1230 1549 1310 1590 ego
1341 1534 1528 1576 iudicare

191 1609 379 1649 possum,
404 1593 669 1647 perridicula.
713 1593 922 1634 Dividunt
948 1593 1061 1634 enim
1087 1597 1225 1634 totam
1244 1607 1334 1634 rem
1353 1593 1398 1633 in
1424 1594 1528 1634 duas
1549 1610 1582 1636 25

191 1652 345 1706 partis,
393 1651 439 1691 in
488 1666 639 1692 causae
690 1651 1023 1692 controversiam
1074 1655 1116 1692 et
1164 1652 1210 1692 in
1253 1651 1528 1705 quaestionis.

193 1709 375 1751 Causam
402 1709 619 1763 appellant
645 1724 734 1749 rem
754 1709 941 1762 positam
965 1709 1011 1749 in
1031 1710 1339 1763 disceptatione
1359 1724 1529 1751 reorum

192 1771 234 1810 01
274 1768 583 1821 controversia,
621 1767 914 1821 quaestionem
953 1770 1094 1808 autem
1132 1782 1222 1808 rem
1258 1767 1446 1821 positam
1483 1768 1529 1808 in

191 1827 362 1867 infinita
381 1826 659 1867 dubitatione.
703 1826 767 1866 De
789 1840 916 1866 causa
935 1828 1163 1880 praecepta
1183 1826 1297 1880 dant,
1323 1826 1372 1866 de
1394 1826 1528 1867 altera

192 1888 313 1939 parte
353 1884 517 1926 dicendi
555 1884 711 1925 mirum
749 1883 966 1925 silentium
1004 1887 1080 1925 est.
1142 1884 1304 1924 Deinde
1343 1884 1528 1938 quinque
1548 1901 1582 1927 30

192 1944 357 1984 faciunt
384 1943 505 1996 quasi
532 1943 723 1983 membra
747 1942 1027 1996 eloquentiae,
1058 1942 1247 1983 invenire
1275 1942 1376 1996 quid
1401 1943 1528 1997 dicas,

190 2002 364 2042 inventa
384 2001 620 2055 disponere,
646 2001 792 2042 deinde
820 2015 969 2041 ornare
996 2000 1148 2055 verbis,
1173 2004 1273 2055 post
1298 2001 1527 2042 memoriae

191 2060 403 2114 mandare,
429 2062 522 2100 tum
549 2060 600 2100 ad
626 2062 863 2100 extremum
883 2073 1007 2113 agere
1035 2074 1083 2100 ac
1108 2059 1406 2114 pronuntiare3
1437 2073 1527 2100 rem

192 2133 291 2159 30110
322 2132 410 2158 11011
440 2118 714 2159 reconditam.
760 2117 863 2166 Quis
889 2117 1002 2158 enim
1033 2117 1114 2158 hoc
1145 2132 1233 2158 non
1265 2132 1341 2158 sua
1373 2120 1525 2171 sponte

191 2176 362 2230 viderit,
398 2176 612 2217 neminem
642 2190 768 2230 posse
800 2175 937 2217 dicere
968 2175 1051 2216 nisi
1083 2178 1125 2216 et
1164 2176 1265 2230 quid
1296 2175 1453 2216 diceret
1484 2178 1527 2216 01
1547 2192 1581 2218 35

193 2235 346 2290 quibus
386 2234 526 2275 verbis
574 2237 616 2275 et
662 2249 745 2288 quo
788 2233 932 2275 ordine
974 2234 1131 2275 diceret
1173 2234 1350 2275 haberet
1393 2236 1436 2274 et
1479 2248 1528 2275 ea

191 2292 484 2334 meminisset?
528 2292 672 2346 Atque
692 2292 796 2334 11000
817 2306 896 2347 ego
922 2305 1009 2332 non
1027 2292 1302 2347 reprehendo,
1327 2292 1400 2333 sed
1427 2294 1526 2333 ante
