1643 2526
116 1816 180 1845 231

177 113 262 154 282
751 112 938 147 BRUTUs

176 208 362 263 primum
392 207 438 248 in
468 207 562 248 foro
595 207 703 248 dixit
734 210 777 249 et
809 207 920 261 apud
956 206 1036 248 hos
1067 207 1185 261 ipsos
1218 207 1389 260 quidem
1421 221 1517 248 con-

178 266 303 320 sules,
335 269 377 307 et
409 280 505 307 cum
538 280 685 307 eorum
712 266 784 319 qui
816 265 1055 319 adfuerunt,
1086 268 1178 306 tum
1204 265 1395 319 ipsorum
1421 279 1515 306 con-

179 325 332 379 sulum,
358 324 430 377 qui
452 324 590 365 omnis
611 324 906 379 intellegentia
927 324 1161 378 anteibant,
1185 323 1343 364 iudicio
1365 323 1517 365 disces-

180 383 236 424 sit
255 383 474 437 probatus.
518 381 797 437 Undeviginti
818 397 951 423 annos
971 385 1097 423 natus
1119 385 1210 422 erat
1236 396 1285 423 eo
1312 384 1516 436 tempore,

180 444 246 482 est
277 444 419 482 autem
452 440 498 481 L.
530 440 665 482 Paulo
699 440 742 482 C.
774 440 977 481 Marcello
1016 440 1264 482 consulibus
1301 443 1513 481 mortuus:

179 514 230 540 ex
269 513 352 553 quo
390 499 581 540 videmus
623 514 720 540 eum
759 499 805 539 in
844 502 1124 553 patronorum
1164 512 1341 539 numero
1383 513 1516 539 annos

180 561 384 611 quattuor
416 561 458 598 et
491 557 774 612 quadraginta
804 557 948 598 fuisse.
998 557 1092 598 Hoc
1118 557 1167 597 de
1195 559 1363 597 oratore
1388 556 1516 611 paulo

178 619 278 670 post
309 616 432 670 plura
463 616 668 670 dicemus,
698 616 780 656 hoc
806 619 949 656 autem
974 616 1069 657 loco
1094 615 1307 656 voluimus
1334 617 1519 656 aetatem

180 674 269 715 eius
300 674 346 714 in
378 674 591 728 disparem
623 677 841 715 oratorum
874 677 1059 715 aetatem
1089 674 1316 715 includere.
1367 673 1519 722 Quam-

181 747 308 786 quam
351 732 394 773 id
438 732 608 785 quidem
653 732 850 773 omnibus
894 747 975 773 usu
1020 732 1162 773 venire
1204 746 1377 773 necesse
1421 731 1518 786 fuit,

180 791 334 844 quibus
365 791 493 844 paulo
531 790 702 845 longior
733 790 822 831 vita
853 790 1055 846 contigit,
1092 793 1140 831 ut
1171 793 1213 831 et
1252 805 1348 831 cum
1379 790 1517 831 multo

180 849 414 890 maioribus
457 851 562 890 natu
607 864 735 902 quam
779 852 921 889 essent
956 849 1040 903 ipsi
1078 852 1120 889 et
1159 863 1255 890 cum
1299 848 1518 902 aliquanto

180 907 417 948 minoribus
451 910 812 960 compararentur.
874 907 932 948 Ut
962 907 1118 948 Accius
1143 907 1279 948 isdem
1312 906 1519 948 aedilibus

183 966 242 1006 ait
276 980 319 1006 se
352 968 394 1006 et
425 964 660 1006 Pacuvium
686 966 880 1007 docuisse
906 965 1110 1019 fabulam,
1142 979 1270 1020 quom
1300 965 1372 1006 ille
1406 968 1521 1006 octo-

114 1024 316 1079 230ginta,
346 1023 437 1077 ipse
470 1024 651 1078 triginta
683 1038 816 1065 annos
848 1027 974 1065 natus
1007 1027 1135 1065 esset:
1169 1023 1228 1065 sic
1260 1023 1518 1065 Hortensius

180 1097 268 1123 non
294 1097 389 1123 cum
417 1082 504 1122 suis
532 1082 780 1135 aequalibus
808 1082 958 1133 solum,
984 1083 1057 1123 sed
1077 1085 1119 1122 et
1139 1097 1233 1123 mea
1258 1097 1352 1123 cum
1380 1084 1520 1123 aetate

182 1144 224 1181 et
257 1155 353 1181 cum
384 1143 477 1194 tua,
514 1140 665 1194 Brute,
703 1144 744 1181 et
782 1155 877 1181 cum
916 1140 1133 1194 aliquanto
1173 1140 1389 1194 superiore
1421 1155 1520 1181 con-

181 1198 394 1253 iungitur,
433 1198 468 1239 si
501 1198 671 1251 quidem
709 1201 751 1239 et
783 1197 937 1239 Crasso
969 1199 1065 1239 vivo
1105 1198 1240 1239 dicere
1280 1198 1446 1239 solebat
1478 1201 1520 1239 et

182 1257 320 1311 magis
360 1256 447 1297 iam
485 1257 614 1297 etiam
655 1257 829 1311 vigebat
870 1272 966 1298 cum
1004 1256 1194 1297 Antonio
1236 1259 1279 1297 et
1319 1256 1519 1311 Philippo

182 1315 269 1356 iam
301 1329 399 1355 sene
431 1329 508 1369 pro
543 1313 615 1355 Cn.
648 1314 827 1369 Pompei
859 1315 982 1356 bonis
1017 1315 1158 1355 dicens
1197 1314 1243 1355 in
1272 1315 1349 1356 illa
1380 1329 1520 1369 causa,

185 1373 431 1414 adulescens
465 1388 561 1413 cum
593 1376 716 1427 esset,
747 1373 944 1427 princeps
976 1373 1058 1414 fuit
1084 1376 1127 1414 et
1151 1373 1197 1413 in
1223 1387 1381 1428 eorum,
1413 1388 1519 1427 quos

183 1432 229 1472 in
261 1430 423 1485 Sulpici
454 1434 594 1472 aetate
626 1432 762 1486 posui,
791 1446 1017 1472 numerum
1048 1431 1172 1472 facile
1197 1434 1447 1485 pervenerat
1478 1434 1520 1472 et

185 1504 285 1531 suos
316 1489 429 1530 inter
460 1490 648 1543 aequalis
680 1489 736 1531 M.
768 1489 968 1531 Pisonem
999 1489 1054 1530 M.
1082 1488 1283 1530 Crassum
1316 1488 1388 1530 Cn.
1414 1489 1522 1531 Len-

184 1548 323 1589 tulum
367 1547 412 1588 P.
455 1547 686 1589 Lentulum
731 1547 883 1589 Suram
931 1548 1058 1603 longe
1102 1548 1319 1602 praestitit
1361 1550 1404 1589 et
1453 1563 1520 1589 me

186 1606 499 1647 adulescentem
530 1609 682 1647 nactus
721 1609 818 1647 octo
857 1607 978 1647 annis
1017 1606 1225 1647 minorem
1263 1621 1389 1660 quam
1429 1609 1521 1647 erat

183 1664 274 1718 ipse
306 1664 465 1704 multos
498 1678 631 1704 annos
669 1664 714 1704 in
752 1664 893 1705 studio
932 1664 1120 1705 eiusdem
1156 1664 1293 1705 laudis
1332 1664 1520 1705 exercuit

116 1746 172 1787 [35
188 1726 230 1763 et
268 1725 408 1763 tecum
448 1722 592 1775 simul,
636 1722 746 1763 sicut
784 1737 863 1777 ego
903 1737 981 1776 pro
1022 1722 1188 1776 multis,
1228 1722 1289 1763 sic
1327 1722 1399 1763 ille
1442 1737 1519 1776 pro

188 1780 328 1834 Appio
356 1778 533 1821 Claudio
566 1780 672 1821 dixit
702 1780 830 1834 paulo
858 1784 955 1821 ante
981 1783 1174 1821 mortem.
1218 1780 1349 1822 Vides
1374 1780 1521 1835 igitur,

185 1841 233 1879 ut
273 1838 325 1879 ad
362 1841 404 1879 te
446 1842 676 1892 oratorem,
713 1838 862 1892 Brute,
898 1838 1213 1892 perVenerimus
1250 1842 1340 1879 tam
1372 1839 1519 1880 multis

184 1897 296 1937 inter
338 1899 533 1937 nostrum
577 1899 781 1950 tuumque
824 1896 996 1938 initium
1040 1897 1204 1938 dicendi
1253 1897 1519 1951 interpositis

185 1955 445 2009 oratoribus3
478 1970 528 1996 ex
554 1955 722 2009 quibus,
749 1955 949 2009 quoniam
973 1955 1018 1995 in
1042 1955 1123 1996 hoc
1151 1970 1343 1996 sermone
1368 1958 1519 1997 nostro

185 2013 317 2053 statui
350 2013 562 2054 neminem
595 2027 741 2054 eorum
773 2013 845 2066 qui
876 2013 1066 2054 viverent
1097 2013 1330 2068 nominare,
1359 2028 1412 2055 ne
1443 2028 1519 2055 vos

185 2071 393 2112 curiosius
425 2071 633 2112 eliceretis
672 2086 722 2112 ex
753 2086 819 2112 me
852 2072 951 2126 quid
989 2072 1038 2112 de
1079 2086 1246 2126 quoque
1276 2072 1520 2126 iudicarem,

185 2143 256 2170 eos
297 2129 369 2183 qui
408 2129 492 2176 iam
536 2132 635 2170 sunt
676 2129 835 2170 mortui
880 2130 1121 2171 nominabo.
1192 2130 1300 2171 Tum
1340 2130 1518 2171 Brutus:

184 2187 285 2228 Non
317 2190 394 2242 est,
425 2188 575 2241 inquit,
606 2188 691 2229 ista
723 2203 849 2229 causa
875 2203 1002 2242 quam
1034 2189 1152 2241 dicis,
1183 2203 1310 2242 quam
1342 2189 1396 2229 ob
1428 2203 1518 2229 rem

185 2246 235 2287 de
266 2245 319 2287 iis
352 2245 425 2299 qui
456 2246 605 2287 vivunt
635 2246 742 2286 nihil
774 2246 878 2287 velis
910 2247 1058 2288 dicere.
1121 2246 1338 2295 Quaenam
1374 2246 1519 2301 igitur,

184 2304 375 2359 inquam,
402 2304 497 2346 est‘?
528 2304 677 2345 Vereri
703 2307 758 2359 te,
781 2304 932 2358 inquit,
960 2305 1145 2346 arbitror
1169 2320 1222 2346 ne
1247 2319 1323 2360 per
1345 2319 1423 2346 nos
1450 2304 1519 2346 hic

1539 749 1572 775 10

1540 1040 1573 1066 15

1540 1333 1573 1357 20

1541 1623 1573 1649 25

1539 1914 1573 1940 30

1538 2204 1571 2230 35
