<?xml version="1.0" encoding="UTF-8"?>
<!DOCTYPE html PUBLIC "-//W3C//DTD XHTML 1.0 Transitional//EN"
    "http://www.w3.org/TR/xhtml1/DTD/xhtml1-transitional.dtd">
<html xmlns="http://www.w3.org/1999/xhtml" xml:lang="en" lang="en">
 <head>
  <title>
</title>
<meta http-equiv="Content-Type" content="text/html;charset=utf-8" />
  <meta name='ocr-system' content='tesseract 3.04.00' />
  <meta name='ocr-capabilities' content='ocr_page ocr_carea ocr_par ocr_line ocrx_word'/>
</head>
<body>
  <div class='ocr_page' id='page_1' title='image "./p2scriptaquaemanse01ciceuoft_0231.png"; bbox 0 0 1643 2526; ppageno 0'>
   <div class='ocr_carea' id='block_1_1' title="bbox 363 90 1449 133">
    <p class='ocr_par' dir='ltr' id='par_1_1' title="bbox 363 90 1449 133">
     <span class='ocr_line' id='line_1_1' title="bbox 363 90 1449 133; baseline 0.003 -8"><span class='ocrx_word' id='word_1_1' title='bbox 363 90 506 126; x_wconf 82' lang='lat' dir='ltr'><strong>LIBER</strong></span> <span class='ocrx_word' id='word_1_2' title='bbox 531 91 576 126; x_wconf 89' lang='grc' dir='ltr'>Π.</span> <span class='ocrx_word' id='word_1_3' title='bbox 626 90 727 126; x_wconf 87' lang='lat' dir='ltr'>CAP.</span> <span class='ocrx_word' id='word_1_4' title='bbox 755 94 907 126; x_wconf 79' lang='lat'>59-60.</span> <span class='ocrx_word' id='word_1_5' title='bbox 948 94 967 132; x_wconf 67' lang='grc' dir='ltr'>ξ</span> <span class='ocrx_word' id='word_1_6' title='bbox 993 93 1190 126; x_wconf 78' lang='lat'>237—244.</span> <span class='ocrx_word' id='word_1_7' title='bbox 1366 91 1449 133; x_wconf 73' lang='grc'>129</span> 
     </span>
    </p>
   </div>
   <div class='ocr_carea' id='block_1_2' title="bbox 54 185 1521 2381">
    <p class='ocr_par' dir='ltr' id='par_1_2' title="bbox 224 185 1450 240">
     <span class='ocr_line' id='line_1_2' title="bbox 224 185 1450 240; baseline -0.001 -13"><span class='ocrx_word' id='word_1_8' title='bbox 224 185 321 227; x_wconf 94' lang='lat' dir='ltr'>Duo</span> <span class='ocrx_word' id='word_1_9' title='bbox 343 188 443 227; x_wconf 90' lang='lat' dir='ltr'>sunt</span> <span class='ocrx_word' id='word_1_10' title='bbox 463 185 577 226; x_wconf 91' lang='lat' dir='ltr'>enim</span> <span class='ocrx_word' id='word_1_11' title='bbox 600 199 756 240; x_wconf 89' lang='lat' dir='ltr'>genera</span> <span class='ocrx_word' id='word_1_12' title='bbox 774 185 1040 240; x_wconf 72' lang='lat' dir='ltr'><strong>facetiarum,</strong></span> <span class='ocrx_word' id='word_1_13' title='bbox 1060 200 1242 239; x_wconf 93' lang='lat' dir='ltr'>quorum</span> <span class='ocrx_word' id='word_1_14' title='bbox 1268 185 1450 226; x_wconf 88' lang='lat' dir='ltr'>alterum</span> 
     </span>
    </p>

    <p class='ocr_par' dir='ltr' id='par_1_3' title="bbox 71 243 1519 706">
     <span class='ocr_line' id='line_1_3' title="bbox 106 243 1519 298; baseline 0 -12"><span class='ocrx_word' id='word_1_15' title='bbox 106 259 151 286; x_wconf 90' lang='lat' dir='ltr'>re</span> <span class='ocrx_word' id='word_1_16' title='bbox 183 247 394 286; x_wconf 89' lang='lat' dir='ltr'>tractatur</span> <span class='ocrx_word' id='word_1_17' title='bbox 427 244 609 284; x_wconf 89' lang='lat' dir='ltr'>alterum</span> <span class='ocrx_word' id='word_1_18' title='bbox 641 243 766 285; x_wconf 87' lang='lat' dir='ltr'>dicto.</span> <span class='ocrx_word' id='word_1_19' title='bbox 827 243 910 298; x_wconf 87' lang='lat' dir='ltr'>Re,</span> <span class='ocrx_word' id='word_1_20' title='bbox 942 244 977 285; x_wconf 88' lang='lat' dir='ltr'>si</span> <span class='ocrx_word' id='word_1_21' title='bbox 1010 244 1178 298; x_wconf 90' lang='lat' dir='ltr'>quando</span> <span class='ocrx_word' id='word_1_22' title='bbox 1212 243 1313 298; x_wconf 91' lang='lat' dir='ltr'>quid</span> <span class='ocrx_word' id='word_1_23' title='bbox 1343 246 1519 286; x_wconf 72' lang='lat' dir='ltr'>tam-240</span> 
     </span>
     <span class='ocr_line' id='line_1_4' title="bbox 108 299 1449 357; baseline -0.001 -13"><span class='ocrx_word' id='word_1_24' title='bbox 108 318 236 357; x_wconf 85' lang='lat' dir='ltr'>quam</span> <span class='ocrx_word' id='word_1_25' title='bbox 268 302 434 356; x_wconf 81' lang='lat' dir='ltr'>aliquae</span> <span class='ocrx_word' id='word_1_26' title='bbox 467 302 648 343; x_wconf 84' lang='lat' dir='ltr'>fabellae</span> <span class='ocrx_word' id='word_1_27' title='bbox 678 305 926 356; x_wconf 89' lang='lat' dir='ltr'>narrantur,</span> <span class='ocrx_word' id='word_1_28' title='bbox 963 305 1012 343; x_wconf 92' lang='lat' dir='ltr'>ut</span> <span class='ocrx_word' id='word_1_29' title='bbox 1045 303 1147 343; x_wconf 89' lang='lat' dir='ltr'>olim</span> <span class='ocrx_word' id='word_1_30' title='bbox 1179 305 1246 357; x_wconf 73' lang='lat' dir='ltr'>tu,</span> <span class='ocrx_word' id='word_1_31' title='bbox 1284 299 1449 356; x_wconf 81' lang='lat' dir='ltr'>Crasse,</span> 
     </span>
     <span class='ocr_line' id='line_1_5' title="bbox 107 360 1449 416; baseline -0.001 -14"><span class='ocrx_word' id='word_1_32' title='bbox 107 361 153 402; x_wconf 91' lang='lat' dir='ltr'>in</span> <span class='ocrx_word' id='word_1_33' title='bbox 183 360 450 402; x_wconf 83' lang='lat' dir='ltr'><strong>Memmium:</strong></span> <span class='ocrx_word' id='word_1_34' title='bbox 489 360 722 401; x_wconf 89' lang='lat' dir='ltr'>comedisse</span> <span class='ocrx_word' id='word_1_35' title='bbox 755 375 851 401; x_wconf 92' lang='lat' dir='ltr'>eum</span> <span class='ocrx_word' id='word_1_36' title='bbox 883 360 1091 401; x_wconf 88' lang='lat' dir='ltr'>lacertum</span> <span class='ocrx_word' id='word_1_37' title='bbox 1122 360 1288 416; x_wconf 88' lang='lat' dir='ltr'>Largii,</span> <span class='ocrx_word' id='word_1_38' title='bbox 1320 375 1449 414; x_wconf 93' lang='lat' dir='ltr'>quom</span> 
     </span>
     <span class='ocr_line' id='line_1_6' title="bbox 71 418 1449 463; baseline -0.002 -1"><span class='ocrx_word' id='word_1_39' title='bbox 71 423 221 463; x_wconf 84' lang='lat' dir='ltr'>5esset</span> <span class='ocrx_word' id='word_1_40' title='bbox 258 434 355 461; x_wconf 90' lang='lat' dir='ltr'>cum</span> <span class='ocrx_word' id='word_1_41' title='bbox 392 433 441 460; x_wconf 92' lang='lat' dir='ltr'>eo</span> <span class='ocrx_word' id='word_1_42' title='bbox 480 419 734 460; x_wconf 80' lang='lat' dir='ltr'>Tarracinae</span> <span class='ocrx_word' id='word_1_43' title='bbox 773 419 822 459; x_wconf 90' lang='lat' dir='ltr'>de</span> <span class='ocrx_word' id='word_1_44' title='bbox 861 419 1046 460; x_wconf 88' lang='lat' dir='ltr'>amicula</span> <span class='ocrx_word' id='word_1_45' title='bbox 1083 420 1258 460; x_wconf 86' lang='lat' dir='ltr'>rixatus.</span> <span class='ocrx_word' id='word_1_46' title='bbox 1328 418 1449 459; x_wconf 79' lang='lat' dir='ltr'>Salsa</span> 
     </span>
     <span class='ocr_line' id='line_1_7' title="bbox 108 476 1449 530; baseline -0.001 -11"><span class='ocrx_word' id='word_1_47' title='bbox 108 492 156 519; x_wconf 91' lang='lat' dir='ltr'>ac</span> <span class='ocrx_word' id='word_1_48' title='bbox 194 481 338 518; x_wconf 88' lang='lat' dir='ltr'>tamen</span> <span class='ocrx_word' id='word_1_49' title='bbox 376 492 400 517; x_wconf 89' lang='lat' dir='ltr'>a</span> <span class='ocrx_word' id='word_1_50' title='bbox 436 480 479 518; x_wconf 91' lang='lat' dir='ltr'>te</span> <span class='ocrx_word' id='word_1_51' title='bbox 519 477 613 530; x_wconf 88' lang='lat' dir='ltr'>ipso</span> <span class='ocrx_word' id='word_1_52' title='bbox 654 477 756 518; x_wconf 89' lang='lat' dir='ltr'>ficta</span> <span class='ocrx_word' id='word_1_53' title='bbox 798 478 925 529; x_wconf 86' lang='lat' dir='ltr'>[tota]</span> <span class='ocrx_word' id='word_1_54' title='bbox 967 477 1170 518; x_wconf 87' lang='lat' dir='ltr'>narratio.</span> <span class='ocrx_word' id='word_1_55' title='bbox 1232 476 1449 518; x_wconf 89' lang='lat' dir='ltr'>Addidisti</span> 
     </span>
     <span class='ocr_line' id='line_1_8' title="bbox 108 535 1447 589; baseline -0.001 -12"><span class='ocrx_word' id='word_1_56' title='bbox 108 536 343 578; x_wconf 81' lang='lat' dir='ltr'>clausulam</span> <span class='ocrx_word' id='word_1_57' title='bbox 375 538 469 576; x_wconf 91' lang='lat' dir='ltr'>tota</span> <span class='ocrx_word' id='word_1_58' title='bbox 500 535 730 576; x_wconf 84' lang='lat' dir='ltr'>Tarracina</span> <span class='ocrx_word' id='word_1_59' title='bbox 761 538 853 576; x_wconf 91' lang='lat' dir='ltr'>tum</span> <span class='ocrx_word' id='word_1_60' title='bbox 892 535 1091 576; x_wconf 88' lang='lat' dir='ltr'>omnibus</span> <span class='ocrx_word' id='word_1_61' title='bbox 1128 536 1174 576; x_wconf 88' lang='lat' dir='ltr'>in</span> <span class='ocrx_word' id='word_1_62' title='bbox 1212 535 1447 589; x_wconf 88' lang='lat' dir='ltr'>parietibus</span> 
     </span>
     <span class='ocr_line' id='line_1_9' title="bbox 107 593 1450 648; baseline -0.001 -13"><span class='ocrx_word' id='word_1_63' title='bbox 107 594 336 648; x_wconf 87' lang='lat' dir='ltr'>inscriptas</span> <span class='ocrx_word' id='word_1_64' title='bbox 368 594 499 634; x_wconf 88' lang='lat' dir='ltr'>fuisse</span> <span class='ocrx_word' id='word_1_65' title='bbox 532 593 698 634; x_wconf 87' lang='lat' dir='ltr'>litteras</span> <span class='ocrx_word' id='word_1_66' title='bbox 725 593 941 634; x_wconf 86' lang='lat' dir='ltr'>LLLMM.</span> <span class='ocrx_word' id='word_1_67' title='bbox 992 593 1130 642; x_wconf 81' lang='lat' dir='ltr'>Quom</span> <span class='ocrx_word' id='word_1_68' title='bbox 1157 608 1380 648; x_wconf 80' lang='lat' dir='ltr'>quaereres</span> <span class='ocrx_word' id='word_1_69' title='bbox 1406 594 1450 634; x_wconf 87' lang='lat' dir='ltr'>id</span> 
     </span>
     <span class='ocr_line' id='line_1_10' title="bbox 110 651 1448 706; baseline -0.001 -13"><span class='ocrx_word' id='word_1_70' title='bbox 110 652 210 706; x_wconf 91' lang='lat' dir='ltr'>quid</span> <span class='ocrx_word' id='word_1_71' title='bbox 249 655 377 703; x_wconf 90' lang='lat' dir='ltr'>esset,</span> <span class='ocrx_word' id='word_1_72' title='bbox 417 666 561 693; x_wconf 90' lang='lat' dir='ltr'>senem</span> <span class='ocrx_word' id='word_1_73' title='bbox 598 651 679 693; x_wconf 88' lang='lat' dir='ltr'>tibi</span> <span class='ocrx_word' id='word_1_74' title='bbox 721 652 932 705; x_wconf 84' lang='lat' dir='ltr'>quendam</span> <span class='ocrx_word' id='word_1_75' title='bbox 974 652 1234 706; x_wconf 86' lang='lat' dir='ltr'>oppidanum</span> <span class='ocrx_word' id='word_1_76' title='bbox 1275 652 1448 693; x_wconf 81' lang='lat' dir='ltr'>dixisse:</span> 
     </span>
    </p>

    <p class='ocr_par' dir='ltr' id='par_1_4' title="bbox 55 709 1517 998">
     <span class='ocr_line' id='line_1_11' title="bbox 55 709 1448 765; baseline -0.001 -13"><span class='ocrx_word' id='word_1_77' title='bbox 55 728 89 753; x_wconf 83' lang='lat'>10</span> <span class='ocrx_word' id='word_1_78' title='bbox 108 710 323 752; x_wconf 86' lang='lat' dir='ltr'>Lacerat</span> <span class='ocrx_word' id='word_1_79' title='bbox 384 710 635 752; x_wconf 87' lang='lat' dir='ltr'>lacertum</span> <span class='ocrx_word' id='word_1_80' title='bbox 695 709 849 765; x_wconf 81' lang='lat' dir='ltr'>Largi</span> <span class='ocrx_word' id='word_1_81' title='bbox 910 711 1115 751; x_wconf 87' lang='lat' dir='ltr'>mordax</span> <span class='ocrx_word' id='word_1_82' title='bbox 1176 710 1448 751; x_wconf 82' lang='lat' dir='ltr'>Memmius.</span> 
     </span>
     <span class='ocr_line' id='line_1_12' title="bbox 108 768 1517 824; baseline 0 -15"><span class='ocrx_word' id='word_1_83' title='bbox 108 768 359 823; x_wconf 77' lang='lat' dir='ltr'>Perspicitis</span> <span class='ocrx_word' id='word_1_84' title='bbox 380 783 514 823; x_wconf 90' lang='lat' dir='ltr'>genus</span> <span class='ocrx_word' id='word_1_85' title='bbox 540 768 621 810; x_wconf 87' lang='lat' dir='ltr'>hoc</span> <span class='ocrx_word' id='word_1_86' title='bbox 648 783 775 822; x_wconf 87' lang='lat' dir='ltr'>quam</span> <span class='ocrx_word' id='word_1_87' title='bbox 802 768 858 809; x_wconf 91' lang='lat' dir='ltr'>sit</span> <span class='ocrx_word' id='word_1_88' title='bbox 884 768 1085 822; x_wconf 82' lang='lat' dir='ltr'>facetum,</span> <span class='ocrx_word' id='word_1_89' title='bbox 1111 783 1238 822; x_wconf 89' lang='lat' dir='ltr'>quam</span> <span class='ocrx_word' id='word_1_90' title='bbox 1265 769 1517 824; x_wconf 82' lang='lat' dir='ltr'>elegans,241</span> 
     </span>
     <span class='ocr_line' id='line_1_13' title="bbox 109 826 1450 882; baseline 0 -14"><span class='ocrx_word' id='word_1_91' title='bbox 109 842 236 882; x_wconf 88' lang='lat' dir='ltr'>quam</span> <span class='ocrx_word' id='word_1_92' title='bbox 257 827 505 881; x_wconf 88' lang='lat' dir='ltr'>oratorium,</span> <span class='ocrx_word' id='word_1_93' title='bbox 526 827 612 867; x_wconf 87' lang='lat' dir='ltr'>sive</span> <span class='ocrx_word' id='word_1_94' title='bbox 631 826 791 867; x_wconf 84' lang='lat' dir='ltr'>habeas</span> <span class='ocrx_word' id='word_1_95' title='bbox 815 829 948 879; x_wconf 87' lang='lat' dir='ltr'>[vere]</span> <span class='ocrx_word' id='word_1_96' title='bbox 971 827 1083 881; x_wconf 88' lang='lat' dir='ltr'>quod</span> <span class='ocrx_word' id='word_1_97' title='bbox 1103 841 1277 868; x_wconf 90' lang='lat' dir='ltr'>narrare</span> <span class='ocrx_word' id='word_1_98' title='bbox 1297 827 1450 881; x_wconf 87' lang='lat' dir='ltr'>possis,</span> 
     </span>
     <span class='ocr_line' id='line_1_14' title="bbox 109 885 1449 941; baseline 0.001 -16"><span class='ocrx_word' id='word_1_99' title='bbox 109 885 222 938; x_wconf 91' lang='lat' dir='ltr'>quod</span> <span class='ocrx_word' id='word_1_100' title='bbox 265 888 411 926; x_wconf 88' lang='lat' dir='ltr'>tamen</span> <span class='ocrx_word' id='word_1_101' title='bbox 460 887 525 925; x_wconf 91' lang='lat' dir='ltr'>est</span> <span class='ocrx_word' id='word_1_102' title='bbox 573 885 934 926; x_wconf 86' lang='lat' dir='ltr'>mendaciunculis</span> <span class='ocrx_word' id='word_1_103' title='bbox 986 885 1317 941; x_wconf 86' lang='lat' dir='ltr'>aspergendum,</span> <span class='ocrx_word' id='word_1_104' title='bbox 1362 885 1449 926; x_wconf 74' lang='lat' dir='ltr'>sive</span> 
     </span>
     <span class='ocr_line' id='line_1_15' title="bbox 108 943 1450 998; baseline 0.001 -15"><span class='ocrx_word' id='word_1_105' title='bbox 108 944 258 998; x_wconf 88' lang='lat' dir='ltr'>fingas.</span> <span class='ocrx_word' id='word_1_106' title='bbox 320 943 401 984; x_wconf 88' lang='lat' dir='ltr'>Est</span> <span class='ocrx_word' id='word_1_107' title='bbox 434 946 577 984; x_wconf 89' lang='lat' dir='ltr'>autem</span> <span class='ocrx_word' id='word_1_108' title='bbox 607 943 733 983; x_wconf 88' lang='lat' dir='ltr'>huius</span> <span class='ocrx_word' id='word_1_109' title='bbox 767 943 934 998; x_wconf 86' lang='lat' dir='ltr'>generis</span> <span class='ocrx_word' id='word_1_110' title='bbox 966 943 1121 998; x_wconf 76' lang='lat' dir='ltr'>virtus,</span> <span class='ocrx_word' id='word_1_111' title='bbox 1162 947 1210 984; x_wconf 91' lang='lat' dir='ltr'>ut</span> <span class='ocrx_word' id='word_1_112' title='bbox 1242 944 1303 984; x_wconf 89' lang='lat' dir='ltr'>ita</span> <span class='ocrx_word' id='word_1_113' title='bbox 1334 943 1450 985; x_wconf 85' lang='lat' dir='ltr'>facta</span> 
     </span>
    </p>

    <p class='ocr_par' dir='ltr' id='par_1_5' title="bbox 57 1001 1519 1290">
     <span class='ocr_line' id='line_1_16' title="bbox 57 1001 1450 1056; baseline -0.001 -13"><span class='ocrx_word' id='word_1_114' title='bbox 57 1018 90 1043; x_wconf 87' lang='lat'>15</span> <span class='ocrx_word' id='word_1_115' title='bbox 111 1001 396 1055; x_wconf 88' lang='lat' dir='ltr'>demonstres,</span> <span class='ocrx_word' id='word_1_116' title='bbox 428 1004 476 1042; x_wconf 92' lang='lat' dir='ltr'>ut</span> <span class='ocrx_word' id='word_1_117' title='bbox 508 1016 647 1042; x_wconf 92' lang='lat' dir='ltr'>mores</span> <span class='ocrx_word' id='word_1_118' title='bbox 682 1001 789 1055; x_wconf 89' lang='lat' dir='ltr'>eius,</span> <span class='ocrx_word' id='word_1_119' title='bbox 822 1001 872 1042; x_wconf 91' lang='lat' dir='ltr'>de</span> <span class='ocrx_word' id='word_1_120' title='bbox 905 1016 989 1055; x_wconf 93' lang='lat' dir='ltr'>quo</span> <span class='ocrx_word' id='word_1_121' title='bbox 1021 1016 1187 1056; x_wconf 86' lang='lat' dir='ltr'>narres,</span> <span class='ocrx_word' id='word_1_122' title='bbox 1217 1004 1266 1042; x_wconf 90' lang='lat' dir='ltr'>ut</span> <span class='ocrx_word' id='word_1_123' title='bbox 1299 1016 1450 1056; x_wconf 91' lang='lat' dir='ltr'>sermo,</span> 
     </span>
     <span class='ocr_line' id='line_1_17' title="bbox 108 1059 1449 1114; baseline 0 -14"><span class='ocrx_word' id='word_1_124' title='bbox 108 1063 157 1100; x_wconf 95' lang='lat' dir='ltr'>ut</span> <span class='ocrx_word' id='word_1_125' title='bbox 190 1060 332 1101; x_wconf 82' lang='lat' dir='ltr'>vultus</span> <span class='ocrx_word' id='word_1_126' title='bbox 367 1074 513 1100; x_wconf 89' lang='lat' dir='ltr'>omnes</span> <span class='ocrx_word' id='word_1_127' title='bbox 547 1059 852 1113; x_wconf 74' lang='lat' dir='ltr'>exprimantur,</span> <span class='ocrx_word' id='word_1_128' title='bbox 883 1063 931 1100; x_wconf 89' lang='lat' dir='ltr'>ut</span> <span class='ocrx_word' id='word_1_129' title='bbox 960 1060 1014 1100; x_wconf 90' lang='lat' dir='ltr'>iis</span> <span class='ocrx_word' id='word_1_130' title='bbox 1042 1060 1114 1114; x_wconf 89' lang='lat' dir='ltr'>qui</span> <span class='ocrx_word' id='word_1_131' title='bbox 1146 1060 1324 1100; x_wconf 69' lang='lat' dir='ltr'>audiimt</span> <span class='ocrx_word' id='word_1_132' title='bbox 1356 1063 1449 1100; x_wconf 91' lang='lat' dir='ltr'>tum</span> 
     </span>
     <span class='ocr_line' id='line_1_18' title="bbox 109 1117 1519 1172; baseline 0.001 -14"><span class='ocrx_word' id='word_1_133' title='bbox 109 1117 200 1172; x_wconf 92' lang='lat' dir='ltr'>geri</span> <span class='ocrx_word' id='word_1_134' title='bbox 230 1118 305 1158; x_wconf 86' lang='lat' dir='ltr'>iHa</span> <span class='ocrx_word' id='word_1_135' title='bbox 335 1117 510 1171; x_wconf 89' lang='lat' dir='ltr'>fierique</span> <span class='ocrx_word' id='word_1_136' title='bbox 543 1117 777 1159; x_wconf 81' lang='lat' dir='ltr'>videantur.</span> <span class='ocrx_word' id='word_1_137' title='bbox 828 1117 880 1158; x_wconf 85' lang='lat' dir='ltr'>In</span> <span class='ocrx_word' id='word_1_138' title='bbox 911 1132 955 1159; x_wconf 92' lang='lat' dir='ltr'>re</span> <span class='ocrx_word' id='word_1_139' title='bbox 988 1121 1053 1159; x_wconf 90' lang='lat' dir='ltr'>est</span> <span class='ocrx_word' id='word_1_140' title='bbox 1080 1118 1184 1159; x_wconf 89' lang='lat' dir='ltr'>item</span> <span class='ocrx_word' id='word_1_141' title='bbox 1209 1118 1519 1172; x_wconf 65' lang='lat' dir='ltr'>ridiculum,242</span> 
     </span>
     <span class='ocr_line' id='line_1_19' title="bbox 109 1175 1450 1230; baseline 0.001 -14"><span class='ocrx_word' id='word_1_142' title='bbox 109 1176 222 1229; x_wconf 89' lang='lat' dir='ltr'>quod</span> <span class='ocrx_word' id='word_1_143' title='bbox 254 1191 304 1216; x_wconf 94' lang='lat' dir='ltr'>ex</span> <span class='ocrx_word' id='word_1_144' title='bbox 336 1177 517 1229; x_wconf 89' lang='lat' dir='ltr'>quadam</span> <span class='ocrx_word' id='word_1_145' title='bbox 549 1176 778 1230; x_wconf 85' lang='lat' dir='ltr'>depravata</span> <span class='ocrx_word' id='word_1_146' title='bbox 808 1175 1051 1217; x_wconf 74' lang='lat' dir='ltr'>imitatione</span> <span class='ocrx_word' id='word_1_147' title='bbox 1089 1176 1199 1218; x_wconf 89' lang='lat' dir='ltr'>sumi</span> <span class='ocrx_word' id='word_1_148' title='bbox 1237 1176 1365 1230; x_wconf 91' lang='lat' dir='ltr'>solet,</span> <span class='ocrx_word' id='word_1_149' title='bbox 1401 1180 1450 1217; x_wconf 91' lang='lat' dir='ltr'>ut</span> 
     </span>
     <span class='ocr_line' id='line_1_20' title="bbox 107 1233 1449 1290; baseline 0.001 -15"><span class='ocrx_word' id='word_1_150' title='bbox 107 1234 220 1275; x_wconf 87' lang='lat' dir='ltr'>idem</span> <span class='ocrx_word' id='word_1_151' title='bbox 241 1233 438 1275; x_wconf 84' lang='lat' dir='ltr'>Crassus:</span> <span class='ocrx_word' id='word_1_152' title='bbox 463 1233 558 1275; x_wconf 89' lang='lat' dir='ltr'>Per</span> <span class='ocrx_word' id='word_1_153' title='bbox 583 1237 719 1275; x_wconf 88' lang='lat' dir='ltr'>tuam</span> <span class='ocrx_word' id='word_1_154' title='bbox 739 1234 1090 1290; x_wconf 69' lang='lat' dir='ltr'>nobilitatem,</span> <span class='ocrx_word' id='word_1_155' title='bbox 1114 1249 1202 1289; x_wconf 90' lang='lat' dir='ltr'>per</span> <span class='ocrx_word' id='word_1_156' title='bbox 1227 1238 1449 1276; x_wconf 85' lang='lat' dir='ltr'>vestram</span> 
     </span>
    </p>

    <p class='ocr_par' dir='ltr' id='par_1_6' title="bbox 55 1291 1450 1580">
     <span class='ocr_line' id='line_1_21' title="bbox 55 1291 1450 1347; baseline 0 -13"><span class='ocrx_word' id='word_1_157' title='bbox 55 1310 89 1334; x_wconf 84' lang='lat'>20</span> <span class='ocrx_word' id='word_1_158' title='bbox 108 1292 373 1333; x_wconf 82' lang='lat' dir='ltr'>familiam!</span> <span class='ocrx_word' id='word_1_159' title='bbox 437 1291 548 1341; x_wconf 81' lang='lat' dir='ltr'>Quid</span> <span class='ocrx_word' id='word_1_160' title='bbox 593 1292 707 1333; x_wconf 89' lang='lat' dir='ltr'>aliud</span> <span class='ocrx_word' id='word_1_161' title='bbox 744 1292 846 1347; x_wconf 85' lang='lat' dir='ltr'>fuit,</span> <span class='ocrx_word' id='word_1_162' title='bbox 888 1293 931 1333; x_wconf 88' lang='lat' dir='ltr'>in</span> <span class='ocrx_word' id='word_1_163' title='bbox 977 1307 1060 1346; x_wconf 89' lang='lat' dir='ltr'>quo</span> <span class='ocrx_word' id='word_1_164' title='bbox 1100 1293 1242 1334; x_wconf 90' lang='lat' dir='ltr'>contio</span> <span class='ocrx_word' id='word_1_165' title='bbox 1280 1294 1450 1347; x_wconf 82' lang='lat' dir='ltr'>rideret,</span> 
     </span>
     <span class='ocr_line' id='line_1_22' title="bbox 107 1350 1448 1393; baseline 0.001 -3"><span class='ocrx_word' id='word_1_166' title='bbox 107 1350 192 1391; x_wconf 87' lang='lat' dir='ltr'>nisi</span> <span class='ocrx_word' id='word_1_167' title='bbox 221 1350 298 1391; x_wconf 88' lang='lat' dir='ltr'>illa</span> <span class='ocrx_word' id='word_1_168' title='bbox 328 1351 470 1392; x_wconf 82' lang='lat' dir='ltr'>voltus</span> <span class='ocrx_word' id='word_1_169' title='bbox 503 1354 546 1391; x_wconf 93' lang='lat' dir='ltr'>et</span> <span class='ocrx_word' id='word_1_170' title='bbox 571 1351 688 1391; x_wconf 80' lang='lat' dir='ltr'>vocis</span> <span class='ocrx_word' id='word_1_171' title='bbox 713 1350 930 1392; x_wconf 77' lang='lat' dir='ltr'>imitatio?</span> <span class='ocrx_word' id='word_1_172' title='bbox 968 1351 1062 1392; x_wconf 87' lang='lat' dir='ltr'>Per</span> <span class='ocrx_word' id='word_1_173' title='bbox 1087 1354 1202 1392; x_wconf 88' lang='lat' dir='ltr'>tuas</span> <span class='ocrx_word' id='word_1_174' title='bbox 1230 1353 1448 1393; x_wconf 78' lang='lat' dir='ltr'>statuas!</span> 
     </span>
     <span class='ocr_line' id='line_1_23' title="bbox 109 1409 1450 1463; baseline 0.001 -14"><span class='ocrx_word' id='word_1_175' title='bbox 109 1422 208 1449; x_wconf 72' lang='lat' dir='ltr'>vero</span> <span class='ocrx_word' id='word_1_176' title='bbox 243 1423 371 1462; x_wconf 85' lang='lat' dir='ltr'>quom</span> <span class='ocrx_word' id='word_1_177' title='bbox 403 1409 528 1463; x_wconf 87' lang='lat' dir='ltr'>dixit,</span> <span class='ocrx_word' id='word_1_178' title='bbox 562 1410 638 1460; x_wconf 89' lang='lat' dir='ltr'>[et]</span> <span class='ocrx_word' id='word_1_179' title='bbox 673 1412 845 1449; x_wconf 88' lang='lat' dir='ltr'>extento</span> <span class='ocrx_word' id='word_1_180' title='bbox 878 1409 1079 1450; x_wconf 85' lang='lat' dir='ltr'>bracchio</span> <span class='ocrx_word' id='word_1_181' title='bbox 1111 1409 1287 1463; x_wconf 86' lang='lat' dir='ltr'>paulum</span> <span class='ocrx_word' id='word_1_182' title='bbox 1319 1410 1450 1450; x_wconf 90' lang='lat' dir='ltr'>etiam</span> 
     </span>
     <span class='ocr_line' id='line_1_24' title="bbox 109 1466 1449 1522; baseline 0.001 -15"><span class='ocrx_word' id='word_1_183' title='bbox 109 1467 158 1507; x_wconf 92' lang='lat' dir='ltr'>de</span> <span class='ocrx_word' id='word_1_184' title='bbox 187 1470 311 1521; x_wconf 90' lang='lat' dir='ltr'>gestu</span> <span class='ocrx_word' id='word_1_185' title='bbox 339 1467 511 1521; x_wconf 87' lang='lat' dir='ltr'>addidit,</span> <span class='ocrx_word' id='word_1_186' title='bbox 542 1467 835 1508; x_wconf 83' lang='lat' dir='ltr'>vehementius</span> <span class='ocrx_word' id='word_1_187' title='bbox 862 1466 1046 1508; x_wconf 88' lang='lat' dir='ltr'>risimus.</span> <span class='ocrx_word' id='word_1_188' title='bbox 1095 1467 1162 1508; x_wconf 90' lang='lat' dir='ltr'>Ex</span> <span class='ocrx_word' id='word_1_189' title='bbox 1186 1467 1268 1508; x_wconf 85' lang='lat' dir='ltr'>hoc</span> <span class='ocrx_word' id='word_1_190' title='bbox 1296 1482 1449 1522; x_wconf 82' lang='lat' dir='ltr'>genere</span> 
     </span>
     <span class='ocr_line' id='line_1_25' title="bbox 111 1524 1450 1580; baseline 0 -14"><span class='ocrx_word' id='word_1_191' title='bbox 111 1527 175 1566; x_wconf 88' lang='lat' dir='ltr'>est</span> <span class='ocrx_word' id='word_1_192' title='bbox 199 1524 276 1565; x_wconf 88' lang='lat' dir='ltr'>illa</span> <span class='ocrx_word' id='word_1_193' title='bbox 301 1524 514 1566; x_wconf 85' lang='lat' dir='ltr'>Rosciana</span> <span class='ocrx_word' id='word_1_194' title='bbox 540 1525 727 1565; x_wconf 90' lang='lat' dir='ltr'>imitatio</span> <span class='ocrx_word' id='word_1_195' title='bbox 755 1525 886 1566; x_wconf 88' lang='lat' dir='ltr'>senis:</span> <span class='ocrx_word' id='word_1_196' title='bbox 918 1525 1032 1566; x_wconf 84' lang='lat' dir='ltr'>Tibi</span> <span class='ocrx_word' id='word_1_197' title='bbox 1065 1539 1175 1580; x_wconf 90' lang='lat' dir='ltr'>ego,</span> <span class='ocrx_word' id='word_1_198' title='bbox 1199 1525 1450 1580; x_wconf 87' lang='lat' dir='ltr'>Antipho,</span> 
     </span>
    </p>

    <p class='ocr_par' dir='ltr' id='par_1_7' title="bbox 57 1582 1451 1871">
     <span class='ocr_line' id='line_1_26' title="bbox 57 1582 1448 1637; baseline -0.001 -12"><span class='ocrx_word' id='word_1_199' title='bbox 57 1600 90 1625; x_wconf 80' lang='lat'>25</span> <span class='ocrx_word' id='word_1_200' title='bbox 109 1583 198 1624; x_wconf 87' lang='lat' dir='ltr'>has</span> <span class='ocrx_word' id='word_1_201' title='bbox 227 1597 357 1637; x_wconf 89' lang='lat' dir='ltr'>sero,</span> <span class='ocrx_word' id='word_1_202' title='bbox 382 1583 564 1637; x_wconf 90' lang='lat' dir='ltr'>inquit.</span> <span class='ocrx_word' id='word_1_203' title='bbox 611 1582 813 1624; x_wconf 79' lang='lat' dir='ltr'>Senium</span> <span class='ocrx_word' id='word_1_204' title='bbox 840 1586 937 1637; x_wconf 91' lang='lat' dir='ltr'>est,</span> <span class='ocrx_word' id='word_1_205' title='bbox 964 1598 1071 1624; x_wconf 91' lang='lat' dir='ltr'>cum</span> <span class='ocrx_word' id='word_1_206' title='bbox 1099 1583 1261 1624; x_wconf 87' lang='lat' dir='ltr'>audio.</span> <span class='ocrx_word' id='word_1_207' title='bbox 1306 1584 1448 1637; x_wconf 89' lang='lat' dir='ltr'>Atque</span> 
     </span>
     <span class='ocr_line' id='line_1_27' title="bbox 110 1641 1450 1696; baseline 0.001 -15"><span class='ocrx_word' id='word_1_208' title='bbox 110 1641 171 1682; x_wconf 90' lang='lat' dir='ltr'>ita</span> <span class='ocrx_word' id='word_1_209' title='bbox 209 1644 273 1682; x_wconf 90' lang='lat' dir='ltr'>est</span> <span class='ocrx_word' id='word_1_210' title='bbox 311 1644 451 1682; x_wconf 89' lang='lat' dir='ltr'>totum</span> <span class='ocrx_word' id='word_1_211' title='bbox 488 1641 569 1683; x_wconf 88' lang='lat' dir='ltr'>hoc</span> <span class='ocrx_word' id='word_1_212' title='bbox 606 1642 700 1695; x_wconf 90' lang='lat' dir='ltr'>ipso</span> <span class='ocrx_word' id='word_1_213' title='bbox 740 1656 893 1695; x_wconf 81' lang='lat' dir='ltr'>genere</span> <span class='ocrx_word' id='word_1_214' title='bbox 931 1641 1177 1696; x_wconf 87' lang='lat' dir='ltr'>ridiculum,</span> <span class='ocrx_word' id='word_1_215' title='bbox 1215 1644 1264 1682; x_wconf 90' lang='lat' dir='ltr'>ut</span> <span class='ocrx_word' id='word_1_216' title='bbox 1296 1642 1450 1683; x_wconf 90' lang='lat' dir='ltr'>cautis-</span> 
     </span>
     <span class='ocr_line' id='line_1_28' title="bbox 110 1698 1451 1741; baseline 0.001 -2"><span class='ocrx_word' id='word_1_217' title='bbox 110 1713 228 1740; x_wconf 89' lang='lat' dir='ltr'>sume</span> <span class='ocrx_word' id='word_1_218' title='bbox 268 1698 538 1740; x_wconf 88' lang='lat' dir='ltr'>tractandum</span> <span class='ocrx_word' id='word_1_219' title='bbox 579 1699 645 1740; x_wconf 91' lang='lat' dir='ltr'>sit.</span> <span class='ocrx_word' id='word_1_220' title='bbox 715 1699 947 1740; x_wconf 85' lang='lat' dir='ltr'>Mimorum</span> <span class='ocrx_word' id='word_1_221' title='bbox 988 1703 1053 1740; x_wconf 88' lang='lat' dir='ltr'>est</span> <span class='ocrx_word' id='word_1_222' title='bbox 1093 1700 1207 1741; x_wconf 90' lang='lat' dir='ltr'>enim</span> <span class='ocrx_word' id='word_1_223' title='bbox 1251 1702 1293 1741; x_wconf 92' lang='lat' dir='ltr'>et</span> <span class='ocrx_word' id='word_1_224' title='bbox 1333 1700 1451 1741; x_wconf 83' lang='lat' dir='ltr'>etho-</span> 
     </span>
     <span class='ocr_line' id='line_1_29' title="bbox 108 1757 1451 1812; baseline 0.001 -15"><span class='ocrx_word' id='word_1_225' title='bbox 108 1757 320 1812; x_wconf 88' lang='lat' dir='ltr'>logorum,</span> <span class='ocrx_word' id='word_1_226' title='bbox 346 1757 381 1798; x_wconf 93' lang='lat' dir='ltr'>si</span> <span class='ocrx_word' id='word_1_227' title='bbox 401 1757 535 1798; x_wconf 88' lang='lat' dir='ltr'>nimia</span> <span class='ocrx_word' id='word_1_228' title='bbox 554 1761 619 1798; x_wconf 90' lang='lat' dir='ltr'>est</span> <span class='ocrx_word' id='word_1_229' title='bbox 637 1757 838 1812; x_wconf 87' lang='lat' dir='ltr'>imitatio,</span> <span class='ocrx_word' id='word_1_230' title='bbox 866 1758 977 1799; x_wconf 87' lang='lat' dir='ltr'>sicut</span> <span class='ocrx_word' id='word_1_231' title='bbox 998 1758 1251 1799; x_wconf 84' lang='lat' dir='ltr'>obscenitas.</span> <span class='ocrx_word' id='word_1_232' title='bbox 1296 1757 1451 1799; x_wconf 86' lang='lat' dir='ltr'>Orator</span> 
     </span>
     <span class='ocr_line' id='line_1_30' title="bbox 111 1815 1451 1871; baseline 0.001 -16"><span class='ocrx_word' id='word_1_233' title='bbox 111 1815 314 1869; x_wconf 85' lang='lat' dir='ltr'>surripiat</span> <span class='ocrx_word' id='word_1_234' title='bbox 346 1818 516 1870; x_wconf 89' lang='lat' dir='ltr'>oportet</span> <span class='ocrx_word' id='word_1_235' title='bbox 547 1815 848 1871; x_wconf 85' lang='lat' dir='ltr'>imitationem,</span> <span class='ocrx_word' id='word_1_236' title='bbox 878 1819 926 1857; x_wconf 91' lang='lat' dir='ltr'>ut</span> <span class='ocrx_word' id='word_1_237' title='bbox 956 1816 993 1856; x_wconf 86' lang='lat' dir='ltr'>is</span> <span class='ocrx_word' id='word_1_238' title='bbox 1021 1816 1093 1870; x_wconf 88' lang='lat' dir='ltr'>qui</span> <span class='ocrx_word' id='word_1_239' title='bbox 1120 1816 1263 1857; x_wconf 89' lang='lat' dir='ltr'>audiet</span> <span class='ocrx_word' id='word_1_240' title='bbox 1289 1816 1451 1871; x_wconf 87' lang='lat' dir='ltr'>cogitet</span> 
     </span>
    </p>

    <p class='ocr_par' dir='ltr' id='par_1_8' title="bbox 56 1873 1521 2159">
     <span class='ocr_line' id='line_1_31' title="bbox 56 1873 1451 1929; baseline 0 -14"><span class='ocrx_word' id='word_1_241' title='bbox 56 1890 91 1915; x_wconf 82' lang='lat'>30</span> <span class='ocrx_word' id='word_1_242' title='bbox 109 1873 233 1927; x_wconf 89' lang='lat' dir='ltr'>plura</span> <span class='ocrx_word' id='word_1_243' title='bbox 277 1888 405 1926; x_wconf 90' lang='lat' dir='ltr'>quam</span> <span class='ocrx_word' id='word_1_244' title='bbox 444 1873 602 1928; x_wconf 80' lang='lat' dir='ltr'>videat3</span> <span class='ocrx_word' id='word_1_245' title='bbox 651 1876 841 1928; x_wconf 88' lang='lat' dir='ltr'>praestet</span> <span class='ocrx_word' id='word_1_246' title='bbox 890 1874 1017 1914; x_wconf 66' lang='lat' dir='ltr'>idem‘</span> <span class='ocrx_word' id='word_1_247' title='bbox 1052 1874 1365 1929; x_wconf 87' lang='lat' dir='ltr'>ingenuitatem</span> <span class='ocrx_word' id='word_1_248' title='bbox 1409 1878 1451 1915; x_wconf 93' lang='lat' dir='ltr'>et</span> 
     </span>
     <span class='ocr_line' id='line_1_32' title="bbox 109 1931 1521 1997; baseline 0.001 -26"><span class='ocrx_word' id='word_1_249' title='bbox 109 1931 309 1972; x_wconf 89' lang='lat' dir='ltr'>ruborem</span> <span class='ocrx_word' id='word_1_250' title='bbox 335 1946 459 1972; x_wconf 89' lang='lat' dir='ltr'>suum</span> <span class='ocrx_word' id='word_1_251' title='bbox 478 1932 706 1972; x_wconf 86' lang='lat' dir='ltr'>verborum</span> <span class='ocrx_word' id='word_1_252' title='bbox 732 1932 997 1986; x_wconf 85' lang='lat' dir='ltr'>turpitudine</span> <span class='ocrx_word' id='word_1_253' title='bbox 1024 1935 1067 1973; x_wconf 89' lang='lat' dir='ltr'>et</span> <span class='ocrx_word' id='word_1_254' title='bbox 1091 1947 1234 1973; x_wconf 90' lang='lat' dir='ltr'>rerum</span> <span class='ocrx_word' id='word_1_255' title='bbox 1261 1933 1451 1973; x_wconf 88' lang='lat' dir='ltr'>obsceni·</span> <span class='ocrx_word' id='word_1_256' title='bbox 1465 1956 1521 1997; x_wconf 69' lang='lat'>60</span> 
     </span>
     <span class='ocr_line' id='line_1_33' title="bbox 109 1989 1520 2055; baseline 0.001 -26"><span class='ocrx_word' id='word_1_257' title='bbox 109 1991 199 2030; x_wconf 87' lang='lat' dir='ltr'>tate</span> <span class='ocrx_word' id='word_1_258' title='bbox 225 1989 409 2030; x_wconf 79' lang='lat' dir='ltr'>vitanda.</span> <span class='ocrx_word' id='word_1_259' title='bbox 458 1989 576 2044; x_wconf 88' lang='lat' dir='ltr'>Ergo</span> <span class='ocrx_word' id='word_1_260' title='bbox 602 1990 706 2031; x_wconf 87' lang='lat' dir='ltr'>haec</span> <span class='ocrx_word' id='word_1_261' title='bbox 732 1991 815 2031; x_wconf 89' lang='lat' dir='ltr'>duo</span> <span class='ocrx_word' id='word_1_262' title='bbox 843 2004 999 2045; x_wconf 88' lang='lat' dir='ltr'>genera</span> <span class='ocrx_word' id='word_1_263' title='bbox 1025 1993 1125 2031; x_wconf 88' lang='lat' dir='ltr'>sunt</span> <span class='ocrx_word' id='word_1_264' title='bbox 1152 1990 1242 2031; x_wconf 90' lang='lat' dir='ltr'>eius</span> <span class='ocrx_word' id='word_1_265' title='bbox 1268 1990 1471 2054; x_wconf 72' lang='lat' dir='ltr'>ridiculi,2</span> <span class='ocrx_word' id='word_1_266' title='bbox 1476 2024 1520 2055; x_wconf 88' lang='lat'>43</span> 
     </span>
     <span class='ocr_line' id='line_1_34' title="bbox 111 2047 1448 2102; baseline 0.001 -15"><span class='ocrx_word' id='word_1_267' title='bbox 111 2047 223 2100; x_wconf 88' lang='lat' dir='ltr'>quod</span> <span class='ocrx_word' id='word_1_268' title='bbox 254 2047 299 2087; x_wconf 90' lang='lat' dir='ltr'>in</span> <span class='ocrx_word' id='word_1_269' title='bbox 329 2061 374 2087; x_wconf 91' lang='lat' dir='ltr'>re</span> <span class='ocrx_word' id='word_1_270' title='bbox 404 2047 655 2101; x_wconf 83' lang='lat' dir='ltr'>positumst3</span> <span class='ocrx_word' id='word_1_271' title='bbox 687 2063 794 2102; x_wconf 88' lang='lat' dir='ltr'>quae</span> <span class='ocrx_word' id='word_1_272' title='bbox 822 2051 921 2088; x_wconf 86' lang='lat' dir='ltr'>sunt</span> <span class='ocrx_word' id='word_1_273' title='bbox 947 2048 1121 2102; x_wconf 88' lang='lat' dir='ltr'>propria</span> <span class='ocrx_word' id='word_1_274' title='bbox 1145 2051 1448 2102; x_wconf 83' lang='lat' dir='ltr'>perpetuarum</span> 
     </span>
     <span class='ocr_line' id='line_1_35' title="bbox 109 2104 1451 2159; baseline 0.001 -14"><span class='ocrx_word' id='word_1_275' title='bbox 109 2104 374 2159; x_wconf 87' lang='lat' dir='ltr'>facetiarum,</span> <span class='ocrx_word' id='word_1_276' title='bbox 405 2105 450 2145; x_wconf 88' lang='lat' dir='ltr'>in</span> <span class='ocrx_word' id='word_1_277' title='bbox 482 2106 636 2159; x_wconf 86' lang='lat' dir='ltr'>quibus</span> <span class='ocrx_word' id='word_1_278' title='bbox 669 2106 968 2147; x_wconf 88' lang='lat' dir='ltr'>describuntur</span> <span class='ocrx_word' id='word_1_279' title='bbox 992 2106 1214 2147; x_wconf 90' lang='lat' dir='ltr'>hominum</span> <span class='ocrx_word' id='word_1_280' title='bbox 1241 2121 1381 2147; x_wconf 91' lang='lat' dir='ltr'>mores</span> <span class='ocrx_word' id='word_1_281' title='bbox 1408 2109 1451 2147; x_wconf 91' lang='lat' dir='ltr'>et</span> 
     </span>
    </p>

    <p class='ocr_par' dir='ltr' id='par_1_9' title="bbox 54 2162 1520 2334">
     <span class='ocr_line' id='line_1_36' title="bbox 54 2162 1450 2218; baseline 0.001 -15"><span class='ocrx_word' id='word_1_282' title='bbox 54 2179 91 2204; x_wconf 83' lang='lat'>35</span> <span class='ocrx_word' id='word_1_283' title='bbox 108 2162 172 2203; x_wconf 92' lang='lat' dir='ltr'>ita</span> <span class='ocrx_word' id='word_1_284' title='bbox 203 2163 485 2218; x_wconf 86' lang='lat' dir='ltr'>effinguntur,</span> <span class='ocrx_word' id='word_1_285' title='bbox 516 2167 565 2204; x_wconf 93' lang='lat' dir='ltr'>ut</span> <span class='ocrx_word' id='word_1_286' title='bbox 597 2167 670 2204; x_wconf 91' lang='lat' dir='ltr'>aut</span> <span class='ocrx_word' id='word_1_287' title='bbox 702 2179 746 2204; x_wconf 92' lang='lat' dir='ltr'>re</span> <span class='ocrx_word' id='word_1_288' title='bbox 778 2167 952 2205; x_wconf 86' lang='lat' dir='ltr'>narrata</span> <span class='ocrx_word' id='word_1_289' title='bbox 990 2165 1134 2218; x_wconf 87' lang='lat' dir='ltr'>aliqua</span> <span class='ocrx_word' id='word_1_290' title='bbox 1166 2165 1311 2218; x_wconf 90' lang='lat' dir='ltr'>quales</span> <span class='ocrx_word' id='word_1_291' title='bbox 1351 2167 1450 2205; x_wconf 92' lang='lat' dir='ltr'>sunt</span> 
     </span>
     <span class='ocr_line' id='line_1_37' title="bbox 108 2220 1449 2276; baseline 0.001 -15"><span class='ocrx_word' id='word_1_292' title='bbox 108 2220 415 2276; x_wconf 86' lang='lat' dir='ltr'>intellegantur</span> <span class='ocrx_word' id='word_1_293' title='bbox 447 2224 520 2262; x_wconf 87' lang='lat' dir='ltr'>aut</span> <span class='ocrx_word' id='word_1_294' title='bbox 550 2221 794 2263; x_wconf 90' lang='lat' dir='ltr'>imitatione</span> <span class='ocrx_word' id='word_1_295' title='bbox 825 2222 1013 2263; x_wconf 81' lang='lat' dir='ltr'>breviter</span> <span class='ocrx_word' id='word_1_296' title='bbox 1043 2223 1200 2264; x_wconf 88' lang='lat' dir='ltr'>iniecta</span> <span class='ocrx_word' id='word_1_297' title='bbox 1229 2223 1276 2263; x_wconf 87' lang='lat' dir='ltr'>in</span> <span class='ocrx_word' id='word_1_298' title='bbox 1307 2222 1449 2275; x_wconf 90' lang='lat' dir='ltr'>aliquo</span> 
     </span>
     <span class='ocr_line' id='line_1_38' title="bbox 107 2278 1520 2334; baseline 0.001 -15"><span class='ocrx_word' id='word_1_299' title='bbox 107 2278 268 2334; x_wconf 90' lang='lat' dir='ltr'>insigni</span> <span class='ocrx_word' id='word_1_300' title='bbox 289 2280 341 2320; x_wconf 91' lang='lat' dir='ltr'>ad</span> <span class='ocrx_word' id='word_1_301' title='bbox 360 2279 621 2321; x_wconf 89' lang='lat' dir='ltr'>irridendum</span> <span class='ocrx_word' id='word_1_302' title='bbox 640 2280 746 2321; x_wconf 87' lang='lat' dir='ltr'>vitio</span> <span class='ocrx_word' id='word_1_303' title='bbox 766 2280 1044 2334; x_wconf 87' lang='lat' dir='ltr'>reperiantur.</span> <span class='ocrx_word' id='word_1_304' title='bbox 1093 2280 1145 2321; x_wconf 92' lang='lat' dir='ltr'>In</span> <span class='ocrx_word' id='word_1_305' title='bbox 1171 2280 1284 2321; x_wconf 86' lang='lat' dir='ltr'>dicto</span> <span class='ocrx_word' id='word_1_306' title='bbox 1307 2282 1520 2321; x_wconf 77' lang='lat' dir='ltr'>autem-244</span> 
     </span>
    </p>

    <p class='ocr_par' dir='ltr' id='par_1_10' title="bbox 179 2351 1158 2381">
     <span class='ocr_line' id='line_1_39' title="bbox 179 2351 1158 2381; baseline 0.003 -3"><span class='ocrx_word' id='word_1_307' title='bbox 179 2352 248 2379; x_wconf 82' lang='lat' dir='ltr'><strong>CIC.</strong></span> <span class='ocrx_word' id='word_1_308' title='bbox 268 2354 290 2379; x_wconf 91' lang='lat'>1.</span> <span class='ocrx_word' id='word_1_309' title='bbox 311 2355 334 2379; x_wconf 80' lang='lat'>2.</span> <span class='ocrx_word' id='word_1_310' title='bbox 1139 2351 1158 2381; x_wconf 85' lang='lat'>9</span> 
     </span>
    </p>
   </div>
  </div>
 </body>
</html>
