1643 2526
173 119 230 162 94
684 120 746 154 DE
774 119 999 155 ORATORE

173 216 231 257 sit
263 215 551 271 contenditur3
581 218 631 257 ut
661 215 767 256 mihi
798 215 881 270 ipsi
907 230 1003 257 cum
1028 214 1110 256 hoc
1137 213 1326 270 Sulpicio
1357 215 1441 257 fuit
1465 215 1513 257 in

172 273 368 315 Norbani
401 289 529 316 causa
567 289 734 315 summa
771 274 1001 315 contentio.
1062 273 1269 327 Pleraque
1307 274 1420 315 enim
1460 274 1510 315 de

173 333 227 374 iis
261 347 367 386 quae
400 333 453 374 ab
485 332 570 374 isto
604 332 900 373 obiciebantur
932 346 1061 386 quom
1094 332 1336 387 confiterer,
1366 335 1511 373 tamen

175 391 227 432 ab
259 391 334 432 illo
367 391 637 432 maiestatem
668 391 878 431 minutam
908 391 1138 445 negabam,
1175 405 1226 431 ex
1265 405 1347 445 quo
1379 391 1510 432 verbo

106 449 266 505 ioslege
294 449 506 504 Appuleia
531 452 624 490 tota
654 449 730 490 illa
756 464 883 490 causa
907 449 1130 503 pendebat.
1192 449 1334 502 Atque
1359 448 1405 489 in
1429 449 1510 490 hoc
1529 467 1547 492 5

175 522 327 563 genere
350 522 573 549 causarum
592 522 680 548 non
697 507 805 548 nulli
824 508 1104 562 praecipiunt,
1128 510 1177 548 ut
1202 508 1379 548 verbum
1403 507 1511 549 illud

175 567 288 620 quod
329 581 501 608 causam
541 566 646 607 facit
686 566 872 607 breviter
914 569 1091 619 uterque
1136 566 1320 607 definiat.
1388 565 1510 614 Quod

173 624 279 665 mihi
313 625 482 678 quidem
514 639 719 678 perquam
756 624 917 678 puerile
955 624 1089 665 videri
1127 624 1246 665 solet.
1308 624 1408 665 Alia
1444 627 1510 665 est

174 683 305 737 enim,
347 698 443 724 cum
480 683 592 723 inter
630 683 778 724 doctos
821 682 1015 723 homines
1060 683 1109 723 de
1147 682 1200 723 iis
1239 682 1343 736 ipsis
1381 683 1508 723 rebus

172 755 278 794 quae
299 744 523 782 versantur
541 741 586 781 in
607 741 770 781 artibus
792 741 1045 795 disputatur,
1060 741 1285 782 verborum
1305 741 1508 794 definitiO,
1529 760 1564 785 10

170 803 219 840 ut
251 813 379 853 quom
412 799 630 853 quaeritur
662 799 762 852 quid
795 799 850 840 sit
882 814 962 846 ars,
995 799 1095 853 quid
1127 799 1183 839 sit
1213 799 1293 853 lex,
1326 799 1426 852 quid
1451 799 1508 840 sit

171 857 334 899 civitas.
395 857 447 898 In
472 858 624 911 quibus
656 857 737 898 hoc
769 857 977 911 praecipit
1008 857 1118 898 ratio
1150 860 1193 898 et
1225 857 1431 912 doctrina,
1460 861 1509 899 ut

174 916 238 956 vis
271 916 360 957 eius
392 915 453 956 rei
492 930 619 969 quam
657 915 832 956 definias
871 915 931 956 sic
969 915 1250 969 exprimatur,
1286 919 1335 956 ut
1371 930 1508 969 neque

103 974 285 1016 109absit
317 974 545 1028 quicquam
576 988 713 1027 neque
747 974 942 1028 supersit.
1005 973 1126 1021 Quod
1159 974 1328 1027 quidem
1358 974 1404 1015 in
1433 974 1509 1015 illa

172 1047 300 1073 causa
335 1047 473 1086 neque
507 1031 720 1086 Sulpicius
752 1032 854 1073 fecit
884 1046 1019 1086 neque
1053 1046 1132 1087 ego
1164 1033 1301 1074 facere
1328 1036 1506 1074 conatus
1527 1050 1560 1076 15

171 1105 276 1132 sum.
337 1090 450 1131 Nam
491 1094 697 1144 qua-ntum
738 1094 915 1144 uterque
955 1093 1150 1131 nostrum
1190 1091 1351 1144 potuit,
1391 1091 1507 1132 omni

172 1149 294 1203 copia
325 1148 491 1190 dicendi
523 1149 720 1190 dilatavit
746 1148 847 1202 quid
873 1151 985 1189 esset
1010 1149 1279 1190 maiestatem
1306 1149 1505 1190 minuere.

169 1207 229 1248 Et
261 1207 373 1248 enim
405 1207 596 1248 definitio
628 1207 814 1261 primum
846 1207 1101 1261 reprehenso
1140 1207 1269 1248 verbo
1308 1222 1392 1248 uno
1433 1211 1507 1249 aut

171 1265 314 1306 addito
342 1268 416 1307 aut
441 1266 613 1320 dempto
635 1280 759 1320 saepe
781 1268 1055 1319 extorquetur
1076 1280 1096 1306 e
1117 1265 1331 1320 manibus,
1357 1266 1505 1307 deinde

171 1337 323 1379 genere
348 1323 442 1378 ipso
464 1324 703 1365 doctrinam
728 1324 891 1365 redolet
917 1323 1347 1377 exercitationemque
1373 1339 1505 1378 paene
1525 1342 1559 1368 20

168 1382 393 1437 puerilem3
424 1385 518 1423 tum
550 1385 592 1423 et
622 1382 668 1423 in
700 1397 870 1423 sensum
902 1385 945 1423 et
974 1382 1020 1422 in
1045 1385 1232 1423 mentem
1262 1382 1413 1424 iudicis
1445 1382 1506 1424 in-

170 1444 284 1481 trare
327 1455 415 1481 non
456 1443 611 1495 potest.
672 1440 786 1482 Ante
832 1440 945 1481 enim
987 1440 1336 1495 praeterlabitur,
1378 1455 1506 1495 quam

99 1523 154 1564 26
168 1502 370 1553 percepta
401 1503 478 1540 est.

289 1556 370 1598 Sed
396 1557 441 1597 in
467 1571 516 1598 eo
539 1571 703 1612 genere,
722 1557 767 1597 in
788 1572 870 1611 quo
899 1557 1021 1610 quale
1049 1557 1106 1598 sit
1132 1557 1233 1611 quid
1259 1558 1504 1613 ambigitur,

170 1615 316 1656 existit
342 1615 471 1656 etiam
492 1629 542 1656 ex
568 1615 718 1668 scripti
742 1615 1095 1668 interpretatione
1123 1630 1247 1669 saepe
1274 1617 1504 1671 contentio,
1523 1633 1557 1659 25

167 1673 213 1713 in
245 1687 328 1726 quo
360 1673 479 1714 nulla
502 1676 648 1727 potest
673 1687 764 1713 esse
788 1673 872 1713 nisi
898 1688 949 1714 ex
975 1673 1177 1728 ambiguo
1204 1675 1503 1716 controversia.

168 1730 281 1772 Nam
306 1731 412 1771 illud
436 1731 590 1785 ipsum,
623 1731 735 1785 quod
761 1731 966 1785 scriptum
993 1746 1017 1771 a
1043 1732 1255 1772 sententia
1280 1732 1505 1788 discrepat,

170 1803 303 1844 genus
336 1789 548 1843 quoddam
579 1789 710 1830 habet
741 1789 950 1844 ambigui,
987 1789 1099 1842 quod
1131 1792 1224 1830 tum
1256 1790 1504 1845 explicatur,

170 1862 267 1889 cum
299 1862 347 1888 ea
372 1848 513 1901 verba,
545 1861 651 1901 quae
678 1847 843 1902 desunt,
874 1850 1079 1902 suggesta
1105 1851 1216 1901 sunt,
1249 1848 1403 1902 quibus
1435 1848 1503 1889 ad-

169 1905 269 1947 ditis
302 1905 541 1946 defenditur
573 1905 828 1946 sententiam
866 1905 1013 1959 scripti
1050 1905 1317 1959 perspicuam
1353 1906 1555 1962 fuisse33o

168 1977 219 2005 ex
245 1964 554 2018 contrariisque
581 1963 750 2017 scriptis
778 1964 813 2004 si
840 1963 941 2017 quid
967 1963 1211 2018 ambigitur,
1234 1978 1322 2004 non
1345 1979 1502 2006 novom

170 2036 302 2077 genus
323 2022 526 2076 nascitur,
553 2022 625 2062 sed
646 2022 876 2075 superioris
903 2022 1069 2076 generis
1096 2036 1223 2063 causa
1249 2022 1502 2077 duplicatur.

167 2079 299 2134 quue
332 2083 406 2121 aut
435 2094 655 2133 nunquam
686 2079 907 2121 diiudicari
946 2079 1107 2133 poterit
1145 2083 1219 2121 aut
1255 2080 1318 2121 ita
1354 2080 1500 2121 diiudi-

168 2138 353 2192 cabitur,
389 2140 438 2179 ut
474 2138 711 2179 referundis
748 2137 990 2192 praeteritis
1031 2138 1171 2178 verbis
1208 2138 1252 2179 id
1283 2138 1502 2193 scriptum,

167 2197 494 2250 quodquomque
516 2196 798 2250 defendemus,
819 2196 1078 2250 suppleatur.
1123 2196 1191 2237 Ita
1209 2197 1271 2251 fit,
1294 2199 1344 2237 ut
1367 2210 1500 2237 unum
1520 2213 1554 2238 35

168 2269 300 2310 genus
331 2254 377 2295 in
407 2254 460 2295 iis
494 2254 650 2308 causis,
689 2269 795 2308 quae
832 2256 1007 2308 propter
1039 2254 1246 2308 scriptum
1277 2254 1498 2309 ambigun-

165 2317 256 2367 tur,
303 2312 587 2367 relinquatur,
636 2312 671 2353 si
721 2315 787 2354 est
831 2312 1037 2366 scriptum
1085 2312 1246 2366 aliquid
1288 2312 1497 2368 ambigue.

102 1592 167 1622 110
