1643 2526
525 110 625 145 CAP.
653 113 803 146 «ΔΞ-23.
853 114 870 152 g
900 114 1048 145 72—79.
1369 111 1453 152 407

115 206 324 247 virtutum
356 220 511 260 genera
541 208 640 246 sunt
666 205 896 260 dirigenda.
960 204 1042 247 Sed
1073 206 1142 247 hic
1174 206 1293 248 locus
1326 206 1456 247 virtu-

115 267 207 305 tum
253 267 379 317 atque
423 264 626 305 vitiorum
668 263 876 304 latissime
925 267 1076 318 patens
1121 279 1172 305 ex
1221 264 1368 305 multis
1411 267 1455 305 et

115 322 243 363 variis
283 322 643 376 disputationibus
681 337 793 363 nunc
829 322 875 362 in
907 323 1119 376 quandam
1151 326 1380 378 angustam
1412 325 1454 363 et

115 381 286 421 brevem
325 381 611 422 concludetur.
672 381 753 421 Est
792 380 926 435 igitur
963 380 1026 421 vis
1064 380 1238 421 virtutis
1283 381 1454 435 duplex:
1481 389 1524 421 76

80 456 96 481 5
116 442 190 480 aut
227 439 339 480 enim
378 439 556 480 scientia
594 438 780 480 cernitur
817 439 952 479 virtus
991 442 1065 480 aut
1103 439 1280 480 actione.
1341 438 1453 480 Nam

116 511 221 552 quae
265 497 509 552 prudentia,
553 512 659 551 quae
703 497 913 539 calliditas
959 512 1148 550 quaeque
1199 497 1453 552 gravissimo

114 555 285 596 nomine
318 556 527 610 sapientia
559 556 810 610 appellatur,
846 555 950 596 haec
983 556 1162 596 scientia
1192 555 1327 610 pollet
1358 570 1452 596 una.

115 613 230 662 Quae
257 629 356 655 vero
383 614 650 655 moderandis
677 613 982 668 cupiditatibus
1014 614 1295 669 regendisque
1322 613 1453 654 animi

114 672 302 713 motibus
346 673 560 726 laudatur,
603 672 692 713 eius
738 676 802 713 est
843 687 998 713 munus
1038 672 1083 712 in
1126 673 1308 727 agend03
1354 671 1454 726 quoi

64 749 95 772 10
116 731 423 785 temperantiae
455 746 611 772 nomen
642 734 718 772 est.
769 731 911 785 Atque
942 731 1017 771 illa
1042 731 1268 785 prudentia
1293 731 1337 771 in
1364 729 1452 771 suis

113 790 240 830 rebus
291 790 541 843 domestica,
588 789 634 830 in
675 789 858 844 publicis
903 789 1038 831 civilis
1083 789 1288 844 appellari
1333 789 1452 830 solet.

113 847 412 901 Temperantia
439 851 581 888 autem
606 848 652 888 in
678 863 776 889 suas
801 848 949 889 itidem
975 863 1041 889 res
1068 851 1110 888 et
1135 848 1180 888 in
1206 862 1452 888 communes
1480 855 1522 886 77

113 906 343 947 distributa
387 909 451 947 est
494 906 744 960 duobusque
788 907 925 947 modis
966 906 1010 947 in
1050 906 1176 947 rebus
1218 906 1452 947 commodis

113 964 313 1019 cernitur,
345 968 386 1005 et
418 979 478 1018 ea,
511 980 617 1018 quae
645 965 813 1018 absunt,
843 979 930 1006 non
962 965 1195 1019 expetendo
1228 968 1271 1005 et
1302 965 1355 1006 ab
1387 964 1454 1019 iis,

60 1041 92 1064 15
113 1037 219 1076 quae
251 1023 296 1063 in
326 1026 543 1077 potestate
571 1026 682 1077 sunt,
714 1023 977 1064 abstinendo.
1029 1023 1079 1063 In
1110 1024 1237 1063 rebus
1272 1024 1451 1074 [autem]

110 1081 392 1122 incommodis
425 1084 490 1122 est
522 1081 669 1122 itidem
702 1082 871 1135 duplex:
913 1096 1013 1122 nam
1045 1096 1151 1135 quae
1183 1081 1451 1122 venientibus

110 1139 234 1180 malis
273 1140 437 1194 obstat,
472 1139 699 1193 fortitudo,
738 1155 844 1193 quae
878 1140 990 1194 quod
1020 1139 1107 1180 iam
1139 1139 1259 1180 adest
1296 1139 1453 1180 tolerat

113 1201 155 1238 et
181 1197 353 1252 perfert7
384 1197 594 1252 patientia
618 1198 875 1238 nominatur.
927 1197 1042 1246 Quae
1069 1200 1212 1238 autem
1237 1197 1342 1239 haec
1367 1212 1452 1238 uno
1499 1209 1507 1212 ‘

114 1270 265 1311 genere
299 1256 611 1310 complectitur,
643 1257 895 1311 magnitudo
928 1256 1059 1297 animi
1092 1256 1264 1308 dicitur3
1300 1256 1452 1310 quoius

58 1332 92 1356 20
113 1318 178 1355 est
202 1314 439 1355 liberalitas
466 1314 510 1354 in
535 1329 615 1354 usu
641 1314 843 1368 pecuniae
871 1314 1080 1379 simulque
1110 1314 1293 1354 altitudo
1321 1314 1453 1355 animi

110 1372 155 1412 in
191 1372 406 1437 capiendis
438 1372 720 1413 incommodis
753 1375 795 1413 et
833 1372 1015 1413 maxime
1052 1372 1220 1412 iniuriis
1253 1375 1296 1412 et
1328 1386 1452 1413 omne

112 1431 226 1484 quod
246 1434 311 1471 est
332 1431 421 1471 eius
444 1431 609 1485 generis
638 1431 783 1485 [grave
805 1431 1000 1471 sedatum
1019 1444 1103 1470 non
1125 1431 1452 1482 turbulentum}

111 1489 163 1529 ln
194 1489 490 1529 communione
524 1492 666 1529 autem
699 1504 805 1542 quae
843 1488 986 1543 posita
1024 1503 1122 1542 pais
1161 1491 1243 1542 est,
1286 1488 1453 1529 iustitia
1479 1497 1522 1528 78

112 1547 267 1588 dicitur
300 1562 431 1601 eaque
465 1562 566 1602 erga
598 1548 697 1588 deos
730 1547 901 1601 religio,
941 1561 1042 1601 erga
1079 1550 1276 1600 parentes
1314 1547 1451 1600 pietas

58 1622 91 1647 25
114 1606 262 1660 [vulgo
296 1609 438 1646 autem
470 1605 674 1659 bonitas]‚
706 1605 877 1646 creditis
908 1605 954 1645 in
984 1606 1110 1646 rebus
1143 1605 1259 1659 fides,
1290 1604 1335 1645 in
1366 1619 1453 1645 mo-

111 1664 329 1705 deratione
356 1664 486 1704 animi
516 1664 761 1705 advertendi
787 1663 954 1717 lenitas,
986 1663 1176 1704 amicitia
1206 1663 1252 1703 in
1283 1662 1453 1703 benivo-

110 1722 244 1762 lentia
262 1722 517 1763 nominatur.
562 1723 704 1775 Atque
730 1722 809 1762 hae
832 1722 1001 1775 quidem
1021 1721 1201 1762 virtutes
1222 1724 1453 1762 cernuntur
1466 1721 1522 1761 23
1548 1739 1590 1744 ‘-

76 1806 80 1810 -
111 1780 156 1820 in
189 1781 364 1834 agendo.
417 1780 526 1821 Sunt
553 1783 696 1820 autem
722 1780 829 1820 aliae
856 1779 978 1833 quasi
1004 1780 1225 1820 ministrae
1258 1780 1454 1820 comites—

113 1853 193 1891 que
226 1838 477 1892 sapientiae3
509 1853 688 1892 quarum
720 1839 855 1878 altera
881 1853 987 1889 quae
1015 1838 1101 1878 sint
1125 1838 1170 1877 in
1196 1837 1453 1891 disputando

60 1913 93 1937 30
112 1911 213 1936 vera
239 1899 365 1949 atque
390 1896 499 1936 falsa
520 1896 756 1949 quibusque
783 1896 935 1950 positis
957 1895 1057 1949 quid
1085 1899 1287 1949 sequatur
1307 1895 1454 1936 distin-

114 1954 207 2008 guit
238 1957 281 1994 et
311 1953 485 2008 iudicat,
516 1968 621 2007 quae
648 1954 782 1995 virtus
810 1954 947 1994 omnis
979 1954 1024 1993 in
1054 1954 1219 1994 ratione
1252 1953 1453 1999 scientia-

112 2027 192 2066 que
225 2012 468 2076 disputandi
501 2012 584 2053 sita
615 2015 691 2065 est,
725 2012 859 2052 altera
890 2015 1033 2052 autem
1065 2011 1263 2052 oratoria.
1299 2012 1451 2052 Nihil
1480 2022 1521 2052 79

114 2074 178 2111 est
200 2070 315 2111 enim
335 2069 448 2110 aliud
469 2047 714 2124 eloquentia
733 2070 816 2111 nisi
837 2070 1008 2124 copiose
1029 2070 1206 2123 loquens
1228 2070 1481 2124 sapientia
1479 2095 1483 2103 ·

115 2143 221 2181 quae
255 2142 304 2168 ex
338 2128 485 2169 eodem
515 2128 672 2169 hausta
704 2143 869 2183 genere,
901 2143 984 2182 quo
1009 2128 1083 2168 illa
1111 2143 1216 2181 quae
1242 2128 1287 2169 in
1313 2128 1454 2181 dispu-

60 2204 93 2228 33
114 2187 257 2239 tando,
289 2189 353 2227 est
384 2186 555 2227 uberior
581 2189 708 2240 atque
734 2187 861 2227 latior
886 2189 929 2226 et
955 2187 1007 2227 ad
1039 2189 1181 2227 motus
1213 2187 1452 2226 animorum

113 2244 313 2299 vulgique
341 2258 488 2285 sensus
513 2244 882 2285 accommodatior.
933 2243 1089 2285 Custos
1116 2258 1215 2284 vero
1243 2244 1452 2283 virtutum

115 2302 304 2342 omnium
326 2302 504 2343 dedecus
523 2302 692 2356 fugiens
712 2302 964 2356 laudemque
985 2302 1167 2342 maxime
1189 2315 1451 2354 consequens
