1643 2526
166 111 254 152 242
741 112 927 148 BRUTUS

166 207 263 250 nius
303 207 347 250 C.
379 207 519 249 Varro
559 206 604 256 Q.
637 207 862 250 Maxumus
902 209 949 257 Q.
982 207 1181 250 Metellus
1218 208 1263 250 P.
1296 209 1503 252 Lentulus

167 265 212 307 P.
246 264 444 320 Crassus,
482 265 554 320 qui
593 281 688 307 cum
727 267 944 321 superiore
983 266 1186 308 Africano
1225 267 1373 309 consul
1409 268 1503 309 fuit.

167 324 316 379 Ipsum
367 323 611 379 Scipionem
660 325 900 379 accepimus
955 339 1041 365 non
1095 325 1306 367 infantem
1360 326 1504 368 fuisse.

168 383 304 424 Filius
332 382 503 436 quidem
534 383 637 437 eius,
667 383 704 424 is
738 384 809 437 qui
834 384 947 425 hunc
973 384 1181 424 minorem
1208 383 1451 438 Scipionem
1478 399 1502 426 a

168 441 302 482 Paulo
330 441 561 496 adoptavit,
586 441 622 482 si
649 456 823 496 corpore
843 441 1060 496 valuisset,
1084 441 1130 482 in
1154 442 1304 496 primis
1330 442 1504 484 habitus

97 523 155 564 20
170 503 282 541 esset
313 500 514 554 disertus3
544 499 735 541 indicant
767 515 862 541 cum
890 500 1180 541 oratiunculae
1207 504 1298 542 tum
1323 501 1506 542 historia

101 592 144 623 78
171 558 378 612 quaedam
400 557 562 599 Graeca
582 558 741 612 scripta
761 558 1017 599 dulcissime.
1061 557 1103 599 N
1105 573 1337 612 umeroque
1357 559 1505 600 eodem

169 617 253 657 fuit
287 616 380 658 Sex.
412 616 580 670 Aelius,
609 616 714 657 iuris
748 617 918 671 quidem
950 617 1086 658 civilis
1119 618 1309 658 omnium
1340 617 1506 672 peritis-

169 690 329 729 sumus,
362 675 434 716 sed
461 674 590 715 etiam
617 675 669 715 ad
695 675 919 716 dicendum
944 678 1131 729 paratus.
1175 675 1239 716 De
1266 675 1504 717 minoribus

169 736 313 774 autem
345 731 389 774 C.
423 732 636 786 Sulpicius
670 732 835 787 Gallus,
873 734 945 787 qui
976 748 1172 774 maxume
1211 734 1401 775 omnium
1432 748 1502 775 no-

168 792 321 832 bilium
354 790 526 832 Graecis
558 791 714 832 litteris
748 792 929 847 studuit3
964 792 1086 845 isque
1125 795 1167 832 et
1205 795 1423 834 oratorum
1459 792 1506 833 in

168 863 345 890 numero
389 852 454 890 est
496 849 669 890 habitus
721 852 763 890 et
806 850 888 890 fuit
931 850 1105 904 reliquis
1155 850 1282 891 rebus
1328 853 1504 891 ornatus

170 911 296 961 atque
329 908 512 963 elegans.
562 907 653 948 Iam
686 908 797 949 enim
825 911 915 949 erat
940 908 1110 950 unctior
1137 909 1344 962 quaedam
1370 909 1505 963 splen-

170 967 389 1019 didiorque
440 966 701 1007 consuetudo
750 966 963 1021 loquendi.
1030 966 1142 1008 Nam
1185 967 1266 1008 hoc
1309 970 1505 1021 praetore

168 1025 291 1065 ludos
312 1024 503 1078 Apollini
522 1024 704 1065 faciente
725 1040 820 1066 cum
835 1025 1051 1079 Thyesten
1068 1025 1259 1066 fabulam
1279 1025 1505 1080 docuisset,

172 1082 219 1131 Q.
239 1082 399 1124 Marcio
427 1081 500 1123 Cn.
523 1081 701 1123 Servilio
729 1083 975 1124 consulibus
995 1086 1177 1124 mortem
1199 1083 1307 1125 obiit
1326 1083 1504 1125 Ennius.

101 1151 143 1181 79
171 1141 278 1182 Erat
316 1141 453 1182 isdem
492 1141 756 1195 temporibus
794 1141 855 1181 Ti.
891 1140 1107 1183 Gracchus
1138 1141 1183 1182 P.
1216 1141 1283 1196 F„
1324 1142 1397 1196 qui
1437 1142 1504 1183 bis

171 1199 318 1241 consul
358 1202 400 1240 et
437 1213 586 1240 censor
623 1199 724 1253 fuit,
761 1199 880 1240 cuius
920 1203 984 1240 est
1023 1200 1159 1240 oratio
1200 1199 1362 1241 Graeca
1394 1201 1504 1254 apud

169 1257 380 1312 Rhodios3
421 1272 546 1311 quem
587 1257 721 1298 civem
763 1273 858 1298 cum
903 1272 1076 1312 gravem
1119 1261 1212 1299 tum
1253 1258 1383 1299 etiam
1423 1258 1505 1299 elo-

172 1319 372 1370 quentem
405 1318 573 1357 constat
604 1316 747 1357 fuisse.
791 1315 836 1356 P.
863 1316 993 1357 etiam
1020 1315 1261 1370 Scipionem
1287 1315 1504 1370 Nasicam,

171 1374 243 1428 qui
276 1377 341 1415 est
373 1374 602 1415 Corculum
635 1374 893 1428 appellatus,
931 1374 1003 1428 qui
1039 1374 1145 1415 item
1182 1374 1248 1415 bis
1282 1375 1430 1416 consul
1463 1378 1504 1416 et

171 1447 321 1473 censor
346 1432 440 1476 fuit,
466 1432 664 1473 habitum
691 1432 959 1486 eloquentem
987 1432 1118 1487 aiunt,
1142 1433 1258 1474 illius
1286 1433 1357 1487 qui
1385 1447 1505 1474 sacra

171 1491 381 1545 acceperit
411 1490 564 1543 filium3
603 1491 748 1532 dicunt
786 1491 915 1532 etiam
948 1491 993 1532 L.
1025 1491 1273 1545 Lentulum,
1305 1491 1376 1544 qui
1408 1506 1504 1532 cum

171 1547 215 1590 C.
236 1549 390 1603 Figulo
418 1549 567 1590 consul
592 1549 686 1589 fuit.
731 1548 777 1597 Q.
804 1549 1072 1590 Nobiliorem
1097 1549 1154 1590 M.
1180 1549 1226 1590 F.
1251 1549 1338 1590 iam
1362 1549 1503 1603 patrio

170 1607 372 1648 instituto
422 1607 612 1648 deditum
663 1607 804 1648 studio
854 1607 1095 1648 litterarum
1149 1632 1198 1637 —
1252 1607 1324 1660 qui
1373 1607 1503 1648 ctiam

171 1664 217 1713 Q.
242 1665 444 1717 Ennium,
476 1665 547 1719 qui
574 1679 669 1706 cum
699 1668 820 1719 patre
852 1666 940 1706 eius
966 1665 1011 1705 in
1036 1665 1208 1706 Aetolia
1233 1665 1504 1719 militaverat,

172 1723 344 1764 civitate
378 1723 564 1775 donavit,
595 1737 691 1764 cum
717 1723 914 1764 triumvir
940 1724 1151 1764 coloniam
1178 1723 1422 1764 deduxisset
1446 1748 1504 1752 ——-

172 1784 214 1821 et
244 1781 289 1821 T.
324 1781 513 1821 Annium
544 1780 731 1822 Luscum
762 1781 888 1822 huius
921 1780 968 1829 Q.
1000 1781 1125 1821 Fulvi
1164 1781 1385 1836 conlegam
1416 1795 1504 1822 non

100 1850 145 1880 30
171 1839 424 1880 indisertum
444 1839 589 1880 dicunt
609 1839 758 1893 fuisse3
779 1843 905 1893 atque
926 1840 1056 1880 etiam
1075 1839 1122 1879 L.
1136 1839 1294 1880 Paulus
1309 1839 1503 1880 Africani

1526 751 1558 775 10

1525 1043 1558 1067 15

1523 1335 1557 1359 20

1523 1625 1556 1650 25

169 1901 291 1951 pater
315 1912 541 1952 personam
567 1897 772 1951 principis
800 1897 903 1938 civis
934 1897 1058 1938 facile
1086 1898 1262 1939 dicendo
1288 1898 1501 1939 tuebatur.
1521 1916 1555 1942 30

169 1955 228 1996 Et
259 1970 359 1996 vero
393 1956 522 1996 etiam
555 1959 647 1996 tum
686 1954 847 1996 Catone
885 1955 998 2009 vivo,
1036 1956 1108 2010 qui
1146 1970 1279 1997 annos
1317 1956 1502 2009 quinque

170 2016 212 2054 et
239 2013 461 2068 octoginta
485 2017 611 2054 natus
639 2014 819 2055 excessit
845 2028 866 2054 e
886 2014 985 2068 vita,
1013 2029 1109 2055 cum
1136 2014 1305 2068 quidem
1332 2028 1380 2055 eo
1406 2014 1500 2068 ipso

171 2086 280 2113 anno
323 2075 472 2113 contra
514 2070 600 2112 Ser.
641 2071 822 2113 Galbam
863 2072 915 2112 ad
953 2072 1160 2126 populum
1201 2087 1367 2113 summa
1407 2086 1502 2113 con-

99 2154 151 2194 21
169 2130 360 2171 tentione
411 2130 605 2183 dixisset,
655 2145 783 2184 quam
832 2130 960 2171 etiam
1011 2131 1247 2172 orationem
1298 2130 1501 2184 scriptam

97 2222 141 2252 81
169 2250 359 2301 tempore
393 2250 583 2287 oratores
616 2246 860 2287 floruerunt.
921 2246 1033 2288 Nam
1071 2250 1114 2288 et
1150 2247 1199 2288 A.
1235 2246 1431 2297 Albinus,
1463 2246 1500 2287 is

169 2305 241 2358 qui
275 2304 433 2346 Graece
467 2304 639 2358 scripsit
669 2304 905 2359 historiam,
938 2305 1009 2358 qui
1042 2305 1189 2346 consul
1222 2320 1317 2347 cum
1348 2304 1393 2344 L.
1420 2303 1501 2345 Lu-

169 2188 342 2242 reliquit
373 2212 430 2216 ——
463 2189 535 2229 sed
566 2188 662 2229 vivo
696 2187 856 2229 Catone
894 2188 1078 2230 minores
1116 2192 1219 2230 natu
1257 2188 1382 2229 multi
1414 2202 1499 2229 uno
1519 2205 1554 2231 35
