1643 2526
374 118 517 153 MBER
541 110 601 155 111'.
646 117 744 155 CAP.
773 122 921 155 52-53.
966 124 985 161 g
1014 123 1207 155 198—203.
1377 110 1463 162 2215

123 218 172 256 ut
205 229 300 256 cum
332 217 555 256 venustate
587 217 856 269 moveantur,
889 248 897 256 .

125 335 172 372 ut
207 332 279 386 iis,
316 331 388 385 qui
424 332 470 372 in
508 345 724 373 armorum
759 331 1015 373 tractatione
1054 335 1288 374 versantur.
1358 332 1528 375 For-201

125 393 294 430 mantur
327 393 471 431 autem
503 393 546 431 et
571 390 700 431 verba
731 393 774 431 et
800 390 1036 431 sententiae
1062 405 1195 445 paene
1221 391 1461 432 innumera-

90 467 106 492 5
126 448 279 502 biliter,
310 449 423 502 quod
456 449 559 489 satis
593 448 680 490 scio
711 451 862 489 notum
895 463 986 489 esse
1023 449 1164 504 vobis,
1200 449 1313 490 inter
1352 463 1458 503 quos

124 507 455 548 hocinterest.
661 540 1460 562 ............,

125 565 198 605 sed
228 564 339 606 inter
371 565 755 606 conformationem
792 565 1019 606 verborum
1058 569 1100 607 et
1140 565 1460 619 sententiarum,

125 623 239 678 quod
261 624 490 664 verborum
517 624 695 677 tollitur,
721 624 757 664 si
775 624 905 664 verba
931 624 1124 679 mutaris,
1150 625 1460 665 sententiarum

124 685 355 736 permanet,
376 682 714 736 quibuscumque
734 682 874 723 verbis
894 682 959 723 uti
985 683 1101 723 velis.
1147 681 1269 731 Quod
1289 683 1460 737 quidem

74 762 106 784 ω
125 755 199 781 vos
232 740 313 781 etsi
338 740 493 795 facitis,
524 744 670 781 tamen
699 741 985 782 admonendos
1010 745 1129 795 puto,
1159 756 1212 782 ne
1239 741 1341 795 quid
1367 755 1459 782 esse

126 799 239 839 aliud
266 799 447 840 oratoris
472 799 647 853 putetis,
673 800 786 853 quod
806 800 977 853 quidem
1004 800 1060 840 sit
1086 799 1307 855 egregium
1333 802 1459 854 atque

125 857 338 911 mirabile,
374 857 457 898 nisi
494 857 539 898 in
577 857 757 912 singulis
795 858 935 898 verbis
973 858 1048 898 illa
1088 858 1171 899 tria
1210 861 1372 913 tenere,
1411 861 1460 898 ut

124 915 292 956 tralatis
335 919 507 956 utamur
549 915 793 969 frequenter
834 916 1132 970 interdumque
1176 916 1321 970 factis,
1362 930 1459 957 raro

125 978 269 1015 autem
301 974 429 1015 etiam
459 974 728 1028 pervetustis.
772 974 823 1015 In
847 978 1054 1029 perpetua
1079 978 1222 1015 autem
1255 974 1461 1029 oratione,

74 1054 105 1076 15
129 1048 224 1074 oum
257 1036 299 1073 et
331 1033 642 1074 coniunctionis
674 1033 895 1074 levitatem
928 1036 970 1074 et
1000 1047 1292 1086 numerorum,
1331 1048 1460 1087 quam

125 1091 230 1145 dixi,
266 1091 475 1132 rationem
513 1091 793 1145 tenuerimus,
836 1094 929 1132 tum
968 1094 1032 1132 est
1071 1091 1194 1145 quasi
1225 1091 1459 1132 luminibus

124 1149 424 1205 distinguenda
454 1152 496 1190 et
528 1150 838 1204 frequentanda
876 1149 1014 1191 omnis
1054 1150 1192 1190 oratio
1231 1149 1457 1190 sententia-

123 1223 219 1249 rum
251 1211 379 1262 atque
412 1208 649 1249 verborum.
1475 1203 1530 1273 53

241 1266 354 1307 Nam
385 1270 428 1307 et
454 1266 734 1307 commoratio
765 1281 850 1307 una
880 1267 926 1307 in
956 1281 1000 1307 re
1031 1266 1291 1321 permultum
1318 1269 1460 1307 movet

72 1347 105 1369 -20
126 1328 168 1366 et
197 1325 391 1365 inlustris
423 1325 665 1379 explanatio
697 1339 940 1379 rerumque,
973 1325 1095 1379 quasi
1128 1328 1350 1380 gerantur,
1381 1325 1459 1365 sub

126 1386 346 1437 aspectum
382 1398 515 1437 paene
555 1383 781 1437 subiectio3
819 1398 925 1437 quae
965 1386 1007 1423 et
1046 1384 1091 1423 in
1132 1383 1379 1436 exponenda
1416 1397 1460 1423 re

124 1441 357 1496 plurimum
376 1441 519 1482 valent
539 1444 581 1482 et
602 1442 654 1482 ad
672 1441 988 1481 inlustrandum
1007 1441 1062 1495 id,
1088 1442 1200 1495 quod
1222 1440 1463 1494 exponitur,

125 1503 168 1541 et
209 1500 261 1540 ad
301 1499 663 1554 amplificandum,
703 1503 751 1540 ut
790 1499 843 1540 iis
882 1500 954 1553 qui
996 1499 1168 1540 audient
1204 1499 1310 1539 illud
1348 1499 1461 1552 quod

125 1558 394 1613 augebimus,
438 1561 647 1612 quantum
691 1558 856 1599 efficere
901 1558 1038 1598 oratio
1076 1557 1254 1612 poterit,
1292 1559 1462 1597 tantum

73 1633 105 1658 25
125 1631 216 1658 esse
248 1616 459 1670 videatur3
497 1619 539 1657 et
576 1616 675 1657 huic
713 1616 927 1658 contraria
965 1630 1088 1669 saepe
1126 1615 1387 1669 percursiost
1420 1618 1462 1656 et

125 1675 220 1729 plus
262 1675 314 1715 ad
353 1675 706 1730 intellegendum,
744 1689 871 1728 quam
910 1674 1084 1728 dixeris,
1121 1674 1380 1729 significatio
1419 1676 1461 1714 et

126 1733 326 1774 distincte
348 1733 518 1774 concisa
536 1733 723 1774 brevitas
745 1736 787 1773 et
808 1732 1053 1773 extenuatio
1075 1735 1117 1773 et
1136 1732 1235 1773 huic
1262 1732 1462 1772 adiuncta

125 1791 281 1832 inlusio
315 1806 339 1832 a
368 1791 608 1845 praeceptis
641 1791 835 1833 Caesaris
866 1805 953 1831 non
979 1790 1231 1844 abhorrens3
1263 1793 1305 1830 et
1331 1790 1383 1830 ab
1416 1801 1531 1831 re203

127 1849 347 1904 digressio,
377 1850 421 1890 in
448 1864 531 1903 qua
557 1864 653 1890 cum
678 1849 808 1890 fuerit
834 1849 1073 1901 delectatio,
1104 1852 1197 1889 tum
1222 1848 1382 1889 reditus
1411 1848 1463 1889 ad

75 1925 107 1949 30
127 1922 217 1948 rem
257 1911 382 1961 aptus
423 1910 465 1948 et
507 1908 737 1948 concinnus
780 1921 870 1948 esse
912 1907 1100 1961 debebit3
1139 1906 1463 1960 propositioque

128 1965 229 2019 quid
261 1965 318 2006 sis
351 1965 539 2007 dicturus
573 1969 615 2006 et
647 1966 699 2006 ab
726 1980 788 2020 eo,
820 1965 933 2019 quod
959 1968 1023 2005 est
1049 1965 1222 2019 dictum,
1254 1965 1462 2005 seiunctio

127 2027 170 2065 et
200 2023 362 2064 reditus
395 2024 446 2064 ad
477 2024 747 2078 propositum
784 2026 826 2064 et
862 2023 1034 2063 iteratio
1073 2025 1114 2063 et
1151 2022 1330 2063 rationis
1364 2025 1464 2076 apta

128 2081 366 2136 conclusio,
414 2085 507 2122 tum
552 2082 733 2136 augendi
777 2081 1047 2122 minuendive
1099 2096 1226 2122 causa
1268 2081 1462 2122 veritatis

129 2140 363 2194 supralatio
397 2143 523 2193 atque
555 2140 770 2189 traiecti03
810 2142 851 2180 et
882 2139 1051 2193 rogatio
1084 2142 1210 2193 atque
1240 2139 1339 2180 huic
1371 2139 1463 2179 fini-

76 2215 109 2239 35
128 2198 236 2239 tima
273 2198 395 2252 quasi
431 2198 699 2252 percontatio
738 2197 1032 2252 expositioque
1071 2197 1307 2238 sententiae
1345 2211 1463 2250 suae,

128 2260 221 2297 tum
268 2256 361 2310 illa,
411 2270 518 2310 quae
563 2256 745 2296 maxime
789 2256 911 2309 quasi
954 2255 1112 2309 inrepit
1153 2256 1199 2296 in
1240 2254 1463 2296 hominum

129 2317 305 2368 mentes,
337 2314 421 2355 alia
447 2313 625 2355 dicentis
652 2329 700 2354 ac
726 2313 1006 2368 significantis
1034 2313 1330 2366 dissimulatio,
1356 2326 1463 2365 quae

1464 1301 1530 1332 202
