1643 2526
526 113 625 149 CAP.
651 116 799 148 93—94.
844 116 863 155 ξ
888 116 1085 147 318-324,
1388 113 1472 154 309

134 211 277 264 Atque
308 213 357 251 ut
388 209 525 251 multa
557 209 754 250 omittam
784 208 830 248 in
859 207 942 250 hoc
975 207 1116 262 spatio
1143 210 1186 249 et
1211 207 1256 249 in
1280 208 1347 249 his
1374 211 1474 262 post

135 268 395 310 aedilitatem
445 267 583 308 annis:
634 270 676 308 et
720 269 892 321 praetor
934 266 1098 320 primus
1149 269 1192 307 et
1233 266 1474 307 incredibili

133 327 329 381 populari
372 326 594 367 voluntate
645 325 793 366 consul
845 339 939 366 sum
987 324 1139 366 factus.
1212 324 1325 365 Nam
1376 339 1473 366 cum

134 388 309 439 propter
352 384 652 425 adsiduitatem
700 383 745 424 in
794 383 933 424 causis
983 386 1026 423 et
1074 383 1330 424 industriam
1379 386 1472 424 tum

98 460 114 484 5
134 446 309 497 propter
341 442 594 496 exquisitius
627 445 669 482 et
699 441 873 483 minime
898 441 1072 496 volgare
1099 441 1305 482 orationis
1338 455 1471 496 genus

134 501 298 542 animos
330 501 553 542 hominum
586 500 638 541 ad
663 514 730 541 me
756 499 923 541 dicendi
947 499 1140 540 novitate
1167 503 1472 540 converteram.

133 558 254 600 Nihil
286 560 335 600 de
368 574 434 600 me
467 559 622 600 dicam:
660 558 797 599 dicam
835 558 884 598 de
924 557 1095 611 ceteris,
1134 571 1315 611 quorum
1345 569 1541 599 nem0322

134 620 225 659 erat
257 618 329 671 qui
361 617 576 659 videretur
607 616 859 670 exquisitius
893 630 1021 670 quam
1058 615 1210 671 volgus
1248 615 1472 656 hominum

135 675 347 717 studuisse
389 675 564 730 litteris,
608 675 761 729 quibus
805 674 901 715 fons
945 674 1159 728 perfectae
1204 673 1472 727 eloquentiae

83 753 114 775 ιο
135 734 396 789 continetur,
436 748 561 774 nemo
604 733 676 787 qui
716 732 1034 787 philosophiam
1075 732 1319 786 complexus
1361 734 1474 773 esset

134 796 314 833 matrem
359 792 549 833 omnium
598 792 703 832 bene
752 791 966 832 factorum
1014 791 1205 844 beneque
1250 790 1474 845 dictorum,

133 865 258 892 nemo
292 851 364 904 qui
395 850 461 891 ius
490 850 611 891 civile
638 849 863 891 dedicisset
894 864 984 890 rem
1016 849 1069 890 ad
1099 849 1289 903 privatas
1322 863 1472 890 causas

135 912 177 949 et
209 909 262 950 ad
294 908 477 950 oratoris
502 908 771 963 prudentiam
797 921 994 948 maxume
1018 907 1317 961 necessariam,
1346 921 1471 948 nemo

136 967 208 1020 qui
241 967 491 1008 memoriam
523 981 665 1007 rerum
696 966 989 1007 Romanarum
1019 968 1197 1019 teneret,
1228 979 1278 1006 ex
1311 980 1406 1019 qua,
1437 965 1473 1006 si

84 1043 116 1067 15
136 1025 304 1079 quando
344 1040 449 1079 opus
489 1028 618 1079 esset,
656 1025 708 1065 ab
748 1024 896 1065 inferis
936 1023 1297 1077 locupletissimos
1338 1026 1471 1064 testes

136 1084 359 1138 excitaret,
401 1097 525 1124 nemo
571 1082 643 1136 qui
687 1082 872 1123 breviter
916 1085 1150 1136 arguteque
1193 1081 1359 1122 incluso
1405 1082 1472 1122 ad-

134 1141 322 1183 versario
367 1142 530 1182 laxaret
572 1140 761 1182 iudicum
805 1140 969 1181 animos
1015 1143 1142 1193 atque
1181 1154 1205 1180 a
1246 1139 1472 1181 severitate

134 1200 351 1254 paulisper
392 1200 444 1240 ad
485 1199 749 1240 hilaritatem
789 1199 1006 1252 risumque
1047 1198 1308 1252 traduceret,
1347 1206 1506 1239 nemo‘

137 1258 209 1312 qui
236 1258 413 1299 dilatare
438 1261 585 1312 posset
611 1260 738 1311 atque
765 1272 789 1298 a
813 1257 987 1311 propria
1012 1271 1060 1297 ac
1086 1256 1261 1297 definita
1287 1255 1474 1310 disputa-

84 1333 117 1358 20
136 1316 252 1357 tione
284 1316 469 1357 hominis
496 1331 544 1357 ac
570 1315 774 1369 temporis
801 1316 854 1356 ad
880 1329 1147 1356 communem
1179 1315 1474 1368 quaestionem

136 1374 322 1415 universi
367 1374 531 1429 generis
577 1373 815 1414 orationem
857 1373 1097 1426 traducere,
1131 1386 1257 1413 nemo
1297 1373 1369 1426 qui
1407 1373 1475 1413 de-

135 1432 320 1473 lectandi
354 1432 493 1487 gratia
531 1431 694 1487 digredi
731 1446 958 1486 parumper
995 1446 1020 1472 a
1057 1445 1202 1485 causa,
1237 1444 1362 1472 nemo
1402 1431 1474 1484 qui

138 1491 190 1531 ad
226 1490 490 1532 iracundiam
533 1504 690 1544 magno
736 1503 862 1544 opere
900 1489 1103 1542 iudicem,
1141 1503 1267 1529 nemo
1309 1489 1381 1542 qui
1422 1489 1474 1529 ad

138 1549 287 1589 fletum
318 1552 464 1603 posset
496 1549 713 1602 adducere,
742 1562 868 1589 nemo
901 1547 973 1601 qui
1006 1547 1195 1588 animum
1226 1547 1330 1601 eius,
1362 1547 1474 1600 quod

87 1625 120 1649 25
140 1622 273 1648 unum
304 1610 370 1648 est
402 1606 583 1648 oratoris
615 1620 812 1647 maxume
843 1606 1078 1660 proprium,
1108 1619 1374 1659 quocumque
1406 1619 1473 1646 res
1489 1630 1545 1670 94

138 1665 389 1719 postularet,
413 1665 643 1719 impellere.
687 1664 837 1718 Itaque
859 1679 955 1705 cum
973 1664 1060 1704 iam
1079 1678 1212 1718 paene
1233 1663 1475 1704 evanuisset

138 1723 396 1764 Hortensius
429 1726 471 1764 et
503 1737 581 1778 ego
615 1737 725 1764 anno
758 1736 866 1777 meo,
897 1725 1017 1763 sexto
1051 1725 1193 1763 autem
1224 1724 1323 1776 post
1353 1721 1476 1762 illum

141 1782 375 1836 consulem,
418 1782 567 1823 consul
609 1781 748 1822 factus
794 1795 949 1835 essem,
990 1794 1188 1821 revoca-re
1234 1794 1277 1821 se
1321 1780 1373 1820 ad
1415 1779 1477 1820 in-

141 1839 350 1880 dustriam
376 1839 530 1894 coepit,
553 1854 618 1893 ne,
644 1854 740 1880 cum
764 1853 887 1893 pares
912 1839 1074 1879 honore
1101 1852 1303 1892 essemus,
1333 1838 1478 1891 aliqua

88 1913 122 1938 30
141 1911 186 1938 re
229 1897 466 1951 superiores
504 1897 751 1938 videremur.
815 1896 884 1938 Sic
928 1896 1151 1938 duodecim
1192 1899 1292 1950 post
1335 1911 1477 1937 meum

142 1955 411 1997 consulatum
442 1969 575 1996 annos
612 1955 658 1996 in
693 1955 904 1996 maxumis
937 1954 1095 2009 causis,
1133 1969 1229 1995 cum
1261 1968 1340 2009 ego
1371 1953 1477 1995 mihi

140 2013 280 2067 illum,
318 2013 400 2054 sibi
437 2028 504 2054 me
541 2013 612 2054 ille
650 2013 898 2066 anteferret,
937 2011 1286 2054 coniunctissime
1318 2012 1476 2053 versati

143 2086 308 2125 sumus,
345 2071 673 2126 consulatusque
705 2086 843 2126 meus,
881 2071 953 2125 qui
990 2071 1112 2111 illum
1149 2070 1289 2124 primo
1326 2070 1477 2111 leviter

141 2129 461 2183 perstrinxerat,
490 2129 602 2170 idem
626 2144 705 2171 nos
731 2144 873 2171 rerum
898 2144 1088 2170 mearum
1116 2131 1345 2184 gestarum,
1372 2142 1476 2181 quas

90 2204 122 2229 35
141 2188 213 2228 ille
258 2187 565 2241 admirabatur,
612 2187 735 2229 laude
780 2188 1066 2229 coniunxerat.
1134 2186 1332 2228 Maxume
1375 2195 1548 2226 vero324

141 2249 365 2300 perspecta
385 2248 450 2286 est
469 2246 689 2299 utriusque
714 2249 911 2287 nostrum
938 2245 1187 2287 exercitatio
1213 2245 1341 2299 paulo
1369 2246 1477 2295 ante,

143 2318 271 2358 quam
301 2303 554 2358 peterritum
586 2304 714 2344 armis
745 2303 826 2345 hoc
860 2303 1067 2358 studium,
1098 2303 1251 2357 Brute,
1281 2304 1478 2342 nostrum

1478 1699 1544 1728 323
