1643 2526
178 104 263 146 306
751 103 938 139 BRUTUS

179 215 225 241 re
258 199 430 254 publica
462 202 504 240 et
536 199 718 240 crudelis
749 200 951 241 interitus
985 201 1203 240 oratorum
1235 197 1366 238 trium
1398 195 1520 238 Scae-

181 259 303 299 volae
330 257 538 300 Carbonis
564 257 741 313 Antisti,
771 258 934 299 reditus
967 256 1119 299 Cottae
1146 255 1344 298 Curionis
1376 254 1519 297 Crassi

181 316 468 358 Lentulorum
504 315 701 371 Pompei,
741 317 859 371 leges
898 319 940 357 et
976 315 1134 356 iudicia
1170 314 1423 367 constituta,
1458 327 1520 354 re-

183 377 386 429 cuperata
429 388 496 415 res
545 374 734 429 publiea,
784 389 835 415 ex
882 388 1059 415 numero
1110 375 1253 413 autem
1301 374 1520 413 oratorum

182 432 447 487 Pomponius
481 431 738 473 Censorinus
770 432 948 473 Murena
981 431 1149 472 sublati.
1193 430 1302 471 Tum
1332 430 1519 484 primum
1555 445 1572 471 5

183 505 262 532 nos
296 491 348 532 ad
380 505 529 532 causas
562 494 604 531 et
634 491 823 545 privatas
850 494 893 532 et
917 490 1110 544 publicas
1144 489 1259 529 adire
1291 488 1520 542 coepimus,

182 564 270 591 non
301 552 349 590 ut
373 549 419 589 in
443 549 537 590 foro
564 548 834 603 disceremus,
866 549 978 603 quod
1003 548 1193 602 plerique
1218 547 1422 600 fecerunt,
1447 546 1521 587 sed

184 611 245 662 ut,
277 610 484 661 quantum
514 621 593 647 nos
627 607 793 648 efficere
824 607 1127 661 potuissemus,
1158 605 1272 646 docti
1301 605 1348 645 in
1378 604 1520 645 forum

113 666 435 707 312veniremus.
492 665 657 706 Eodem
689 668 880 719 tempore
911 664 1075 705 Moloni
1107 663 1297 704 dedimus
1331 677 1520 717 operam,

186 725 394 766 dictatore
421 723 534 764 enim
562 722 679 764 Sulla
704 724 872 778 legatus
893 724 945 764 ad
971 725 1167 763 senatum
1186 722 1235 762 de
1255 721 1521 762 Rhodiorum
1540 738 1574 762 ιο

184 782 385 836 praemiis
428 785 614 823 venerat.
687 782 838 835 Itaque
880 781 1019 836 prima
1062 795 1189 822 causa
1230 779 1401 834 publica
1442 792 1520 832 pro

188 840 279 882 Sex.
312 840 469 881 Roscio
509 839 621 881 dicta
659 843 828 880 tantum
860 838 1242 880 commendationis
1273 837 1443 891 habuit,
1472 839 1522 877 ut

185 913 273 939 non
304 898 391 939 ulla
423 901 536 939 esset
567 912 674 951 quae
710 912 798 938 non
835 898 965 952 digna
1000 900 1148 938 nostro
1186 895 1426 950 patrocinio
1463 894 1522 935 vi-

187 957 367 997 deretur.
429 956 640 1010 Deinceps
678 956 775 997 inde
813 956 992 1010 multae,
1033 970 1136 1009 quas
1176 969 1254 995 nos
1296 953 1522 1008 diligenter

117 1038 170 1078 91
187 1015 428 1056 elaboratas
461 1018 503 1055 et
534 1018 753 1068 tamquam
785 1014 1055 1055 elucubratas
1087 1013 1392 1054 adferebamus.
1541 1027 1574 1052 15

117 1107 183 1137 313
304 1073 430 1114 Nunc
462 1072 663 1126 quoniam
700 1076 842 1113 totum
878 1087 945 1113 me
981 1086 1069 1112 non
1103 1085 1238 1111 naevo
1271 1070 1414 1123 aliquo
1447 1072 1522 1110 aut

188 1131 442 1185 crepundiis,
474 1131 546 1171 sed
578 1145 753 1184 corpore
787 1130 902 1171 omni
934 1130 1087 1170 videris
1114 1129 1220 1169 velle
1253 1141 1522 1183 cognoscere,

189 1189 447 1243 complectar
488 1189 694 1229 nonnulla
737 1189 885 1243 etiam,
930 1203 1035 1242 quae
1078 1188 1260 1228 fortasse
1300 1186 1522 1227 videantur

187 1248 328 1288 minus
360 1247 608 1288 necessaria.
670 1247 777 1287 Erat
809 1261 858 1287 eo
890 1249 1081 1300 tempore
1118 1245 1163 1285 in
1199 1244 1323 1285 nobis
1357 1258 1523 1285 summa

188 1306 406 1360 gracilitas
445 1309 487 1346 et
524 1305 752 1346 infirmitas
791 1304 1001 1358 corporis,
1043 1317 1268 1358 procerum
1311 1305 1354 1343 et
1395 1305 1523 1342 tenue
1543 1318 1577 1343 20

189 1364 363 1405 collum:
397 1363 469 1416 qui
500 1363 673 1404 habitus
708 1366 749 1403 et
775 1377 882 1416 quae
914 1363 1053 1417 figura
1082 1376 1170 1402 non
1194 1361 1343 1415 procul
1376 1360 1522 1401 abesse

189 1425 368 1476 putatur
400 1436 424 1462 a
454 1421 568 1462 vitae
599 1421 808 1475 periculo,
846 1421 881 1462 si
921 1420 1083 1461 accedit
1113 1420 1236 1460 labor
1268 1422 1310 1459 et
1341 1418 1524 1459 laterum

189 1494 347 1534 magna
379 1479 609 1521 contentio.
659 1480 809 1532 quue
836 1479 973 1533 magis
998 1479 1080 1519 hoc
1112 1491 1196 1531 eos,
1228 1477 1381 1531 quibus
1408 1490 1523 1516 eram

191 1553 326 1591 carus,
358 1538 667 1591 commovebat,
699 1538 812 1591 quod
844 1537 987 1578 omnia
1019 1536 1108 1577 sine
1140 1535 1402 1589 remissione,
1433 1534 1522 1574 sine

188 1596 414 1650 varietate,
451 1595 492 1636 vi
531 1610 697 1636 summa
727 1595 844 1636 vocis
884 1598 926 1635 et
963 1594 1098 1635 totius
1131 1593 1321 1647 corporis
1354 1595 1524 1634 conten·
1543 1607 1576 1633 25

119 1655 305 1694 314tione
343 1654 545 1694 dicebam.
606 1653 756 1707 Itaque
797 1667 893 1694 cum
933 1667 999 1693 me
1041 1655 1083 1692 et
1123 1651 1248 1692 amici
1289 1654 1331 1691 et
1371 1650 1524 1691 medici

189 1712 464 1752 hortarentur
490 1714 538 1751 ut
565 1725 712 1752 causas
740 1725 863 1765 agere
891 1710 1150 1763 desisterem,
1176 1709 1353 1762 quodvis
1378 1708 1524 1761 potius

189 1769 426 1824 periculum
469 1768 576 1809 mihi
619 1769 858 1809 adeundum
902 1782 1029 1821 quam
1073 1782 1097 1808 a
1141 1769 1311 1821 sperata
1359 1766 1524 1807 dicendi

192 1827 329 1882 gloria
362 1827 660 1868 discedendum
690 1826 848 1881 putavi.
893 1824 975 1866 Sed
1007 1840 1103 1866 cum
1135 1839 1350 1866 censerem
1380 1823 1525 1865 remis-

192 1886 310 1926 sione
342 1889 385 1926 et
415 1885 706 1926 moderatione
744 1884 860 1925 vocis
899 1887 941 1924 et
979 1886 1242 1924 commutato
1281 1897 1433 1938 genere
1465 1881 1524 1922 di·
1542 1899 1576 1924 30

192 1943 311 1985 cendi
352 1958 418 1984 me
461 1946 503 1984 et
541 1943 776 1997 periculum
816 1942 949 1983 vitare
992 1956 1117 1995 posse
1160 1945 1202 1982 et
1244 1940 1524 1995 temperatius

192 2001 348 2054 dicere,
385 2004 434 2042 ut
466 2001 816 2042 consuetudinem
849 2000 1014 2041 dicendi
1051 2003 1281 2053 mutarem,
1318 2013 1367 2039 ea
1398 2013 1526 2039 causa

192 2059 298 2100 mihi
328 2059 375 2099 in
405 2058 554 2099 Asiam
585 2058 881 2113 proficiscendi
918 2057 1010 2098 fuit.
1072 2058 1222 2111 Itaque
1261 2072 1357 2098 cum
1388 2070 1525 2097 essem

190 2116 409 2158 biennium
434 2119 628 2157 versatus
659 2117 706 2157 in
730 2116 868 2158 causis
895 2118 937 2156 et
961 2116 1048 2156 iam
1072 2116 1118 2156 in
1142 2116 1236 2156 foro
1264 2115 1525 2156 celebratum

120 2186 333 2217 315meum
357 2188 514 2215 nomen
540 2178 663 2229 esset,
694 2174 832 2215 Roma
858 2188 952 2215 sum
976 2173 1204 2228 profectus.
1255 2171 1363 2213 Cum
1389 2172 1525 2213 venis·
1543 2187 1577 2212 35

192 2248 280 2274 sem
311 2232 518 2285 Athenas,
549 2247 621 2273 sex
653 2247 818 2273 menses
858 2246 954 2273 cum
988 2231 1200 2273 Antiocho
1232 2230 1387 2272 veteris
1418 2229 1525 2271 Aca-

191 2290 352 2332 demiae
383 2290 666 2332 nobilissumo
707 2293 749 2332 et
785 2289 1130 2344 prudentissumo
1168 2287 1424 2344 philosopho
1461 2287 1524 2328 fui
