1643 2526
473 100 574 135 CAP.
601 104 750 136 55—57.
801 104 820 143 g
846 103 1044 136 201—207.
1343 100 1430 142 275

86 196 336 250 aequalibus
370 195 457 237 suis
495 195 728 250 plurimum
758 195 988 250 praestitit.
1051 194 1189 244 Quare
1220 194 1302 236 hoc
1334 195 1431 236 doc-

86 255 193 296 toris
235 254 525 309 intellegentis
571 257 636 295 est
676 254 836 309 videre,
880 268 964 308 quo
1008 253 1119 295 ferat
1159 256 1314 294 natura
1352 268 1430 294 sua

87 327 315 368 quemque,
358 316 400 354 et
432 327 481 353 ea
513 313 616 354 duce
648 315 840 354 utentem
876 312 937 354 sic
974 312 1219 366 instituere,
1262 315 1310 352 ut
1341 311 1430 352 Iso-

86 375 247 414 cratem
290 371 335 412 in
374 371 580 412 acerrimo
617 371 790 426 ingenio
822 370 1089 425 Theopompi
1129 374 1171 412 et
1207 370 1427 411 lenissimo

49 448 65 473 5
85 430 249 484 Ephori
275 429 431 471 dixisse
457 429 665 471 traditum
691 432 768 483 est,
796 429 920 470 alteri
946 443 990 470 se
1019 429 1201 470 calcaria
1227 429 1428 470 adhibere

86 489 209 530 alteri
252 488 408 529 frenos.
483 487 644 542 Sulpici
688 487 902 529 orationes
947 502 1054 541 quae
1099 487 1312 541 feruntur,
1355 497 1498 529 eas205

84 550 184 602 post
227 550 411 588 mortem
461 546 550 587 eius
601 546 821 601 scripsisse
871 545 917 587 P.
962 546 1200 587 Cannutius
1250 549 1429 600 putatur

86 605 276 660 aequalis
309 620 440 657 meus,
477 605 606 646 homo
639 608 759 646 extra
788 608 985 646 nostrum
1019 604 1211 646 ordinem
1242 618 1336 645 meo
1368 604 1430 644 iu-

87 664 197 706 dicio
242 663 559 705 disertissimus.
620 663 760 717 Ipsius
800 662 963 718 Sulpici
1006 663 1125 704 nulla
1169 663 1306 704 oratio
1352 665 1430 716 est,

34 740 67 766 10
88 737 295 777 saepeque
333 737 384 763 ex
422 736 471 763 eo
513 721 672 776 audivi,
715 736 812 763 cum
850 736 894 763 se
932 722 1116 763 scribere
1155 736 1292 776 neque
1334 735 1430 762 con-

88 796 230 823 suesse
261 795 398 834 neque
429 794 555 834 posse
587 780 754 822 diceret.
813 779 966 822 Cottae
996 795 1073 834 pro
1108 795 1151 821 se
1182 779 1276 834 lege
1296 778 1430 820 Varia

87 855 193 893 quae
225 839 487 894 inscribitur,
518 853 612 880 eam
637 838 682 880 L.
704 838 853 880 Aelius
880 839 1052 893 scripsit
1079 836 1230 879 Cottae
1262 840 1429 893 rogatu.

87 898 188 939 Fuit
218 898 255 939 is
290 898 462 939 omnino
499 897 564 938 vir
601 897 799 952 egregius
842 900 884 938 et
921 911 1049 951 eques
1081 897 1301 938 Romanus
1333 911 1430 937 cum

87 957 236 1011 primis
268 957 474 997 honestus
506 956 702 1009 idemque
735 955 1048 996 eruditissimus
1082 958 1124 996 et
1157 954 1330 996 Graecis
1362 954 1431 995 lit-

36 1015 191 1058 15136118
223 1018 266 1056 et
296 1014 476 1068 Latinis,
508 1014 862 1067 antiquitatisque
894 1017 1067 1055 nostrae
1100 1016 1142 1054 et
1169 1013 1214 1053 in
1242 1009 1429 1053 inventis

88 1074 214 1115 rebus
253 1076 295 1114 et
332 1073 378 1114 in
409 1072 515 1114 actis
548 1072 888 1126 sciiptorumque
920 1075 1112 1113 veterum
1143 1072 1331 1112 litteiate
1362 1085 1432 1125 pe-

88 1133 206 1173 ritus.
258 1131 394 1180 Quam
427 1131 651 1172 scientiam
671 1130 811 1172 Varro
846 1133 993 1171 noster
1025 1133 1244 1184 acceptam
1276 1129 1329 1170 ab
1354 1129 1430 1169 illo

89 1194 341 1244 auctamque
386 1204 460 1244 per
504 1204 613 1244 sese,
655 1189 721 1230 Vir
756 1189 931 1244 ingenio
968 1192 1192 1243 praestans
1231 1187 1430 1241 omnique

89 1249 300 1303 doctrina,
335 1248 530 1303 pluribus
563 1251 604 1288 et
635 1247 958 1288 inlustrioribus
996 1247 1153 1288 litteris
1191 1245 1431 1300 explicavit.

36 1326 69 1351 20
91 1307 173 1349 Sed
202 1307 317 1348 idem
343 1307 491 1348 Aelius
519 1305 688 1347 Stoicus
716 1320 808 1347 esse
833 1306 982 1360 voluit,
1014 1308 1159 1346 orator
1185 1308 1328 1346 autem
1353 1316 1502 1346 nec206

91 1365 256 1407 studuit
287 1379 492 1419 umquam
516 1379 594 1406 nec
620 1364 713 1405 fuit.
771 1363 995 1405 Scribebat
1026 1367 1170 1404 tamen
1203 1362 1432 1416 orationes,

91 1439 195 1478 quas
229 1423 302 1464 alii
334 1423 539 1476 dicerent3
571 1425 619 1463 ut
645 1421 692 1471 Q.
719 1421 893 1463 Metello
919 1422 949 1475 †
975 1420 1185 1486 131,th
1214 1420 1432 1474 Caepioni,

90 1486 138 1524 ut
170 1482 215 1531 Q.
234 1481 440 1536 Pompeio
466 1480 593 1535 Rufo,
625 1495 884 1534 quamquam
913 1480 951 1521 is
984 1456 1114 1521 etiam
1141 1479 1233 1533 ipse
1260 1478 1432 1532 scripsit

91 1556 194 1606 eas,.
207 1540 362 1595 quibus
393 1554 471 1594 pro
505 1554 548 1580 se
581 1542 646 1580 est
677 1553 793 1593 usus,
825 1539 897 1580 sed
927 1553 1015 1579 non
1048 1538 1137 1579 sine
1162 1537 1298 1578 Aelio.
1350 1536 1502 1579 His207

38 1618 71 1643 25
91 1599 204 1641 enim
248 1598 419 1652 sciiptis
461 1598 591 1639 etiam
630 1597 722 1652 ipse
762 1573 958 1651 iiiterfui,
1001 1612 1098 1638 cum
1142 1610 1278 1637 essem
1322 1595 1433 1649 apud

91 1657 263 1699 Aelium
289 1657 534 1698 adulescens
561 1670 742 1710 eumque
769 1656 913 1696 audire
945 1654 1212 1709 perstudiose
1240 1654 1432 1694 solerem.

92 1716 265 1758 Cottam
303 1718 446 1757 autem
483 1715 632 1768 miror,
673 1729 888 1755 summum
924 1713 1068 1768 ipsum
1106 1716 1321 1754 oratorem
1358 1711 1432 1752 mi-

91 1774 288 1828 nimeque
319 1774 513 1828 ineptum
545 1773 746 1814 Aelianas
785 1772 891 1814 levis
930 1771 1219 1813 oratiunculas
1247 1770 1433 1811 voluisse

95 1832 333 1874 existimari
366 1847 475 1873 suas.
530 1831 611 1872 His
643 1831 809 1872 duobus
842 1830 1030 1872 eiusdem
1057 1829 1211 1870 aetatis
1238 1829 1435 1869 adnume-
1449 1828 1504 1870 57

41 1909 76 1934 30
95 1891 271 1932 rabatur
306 1904 431 1931 nemo
469 1890 641 1944 tertius,
684 1890 757 1930 sed
794 1889 900 1930 mihi
937 1889 1135 1943 placebat
1169 1886 1434 1941 Pomponius

95 1949 296 2003 maxime,
332 1948 399 1989 vel
437 1948 593 2002 dicam,
629 1923 802 1989 ininime
843 1947 1107 2001 displicebat.
1168 1945 1308 1987 Locus
1344 1948 1436 1985 erat

97 2007 269 2048 omnino
312 2006 358 2047 in
398 2006 607 2047 maxumis
652 2006 790 2048 causis
834 2008 1004 2059 praeter
1048 2019 1140 2059 eos,
1185 2004 1235 2045 de
1280 2003 1434 2056 quibus

98 2080 225 2120 supra
257 2064 356 2119 dixi,
385 2064 557 2118 nemini,
588 2067 815 2129 propterea
846 2064 959 2117 quod
986 2062 1216 2116 Antonius,
1247 2062 1319 2116 qui
1351 2076 1436 2101 ma-

95 2138 221 2165 xume
260 2122 556 2177 expetebatur,
595 2122 733 2164 facilis
775 2122 822 2162 in
859 2121 998 2163 causis
1036 2120 1288 2175 recipiendis
1327 2122 1435 2170 eiat3

45 2199 78 2225 35
97 2181 363 2223 fastidiosior
390 2180 581 2235 Classus,
612 2181 685 2221 sed
711 2184 856 2222 tamen
880 2180 1126 2234 recipiebat.
1170 2179 1335 2219 Horum
1363 2176 1436 2230 qui

96 2243 296 2282 neutrum
326 2239 532 2292 habebat,
570 2238 845 2293 confugiebat
881 2238 933 2280 ad
962 2238 1212 2292 Philippum
1240 2236 1329 2277 feie
1363 2237 1438 2275 aut

99 2299 151 2340 ad
177 2298 419 2353 Caesarem,
450 2297 480 2351 †
507 2296 635 2339 Cotta
660 2295 874 2351 Sulpicius
907 2297 1226 2352 expetebantur.
1282 2294 1352 2334 Ita
1384 2292 1437 2333 ab

1089 2362 1158 2398 18*
