1643 2526
50 745 81 769 10

49 1035 81 1061 15

50 1329 83 1354 20

51 1620 84 1645 25

50 1911 85 1936 30

51 2200 86 2226 35

363 101 506 136 LIBER
530 102 574 137 ΙΙ.
625 101 725 137 CAP.
753 105 902 138 24—25.
953 105 972 145 ἓ
999 105 1171 138 99-107.
1389 104 1445 146 93

103 198 173 253 sit,
191 197 270 239 tris
290 212 495 252 personas
516 212 626 239 unus
647 197 839 239 sustineo
867 212 1033 239 summa
1059 198 1190 239 animi
1217 198 1446 253 aequitate,

101 272 241 298 meam
274 256 505 298 adversarii
536 256 700 298 iudicis.
769 255 850 305 Qui
880 256 1000 297 locus
1039 260 1105 298 est
1136 257 1235 298 talis
1268 260 1317 298 ut
1346 258 1444 312 plus

101 316 258 357 habeat
291 315 526 356 adiumenti
559 330 687 370 quam
718 315 997 368 incommodi,
1034 315 1147 357 hunc
1177 315 1319 357 iudico
1352 330 1444 358 esse

102 374 344 429 dicendum3
374 373 449 414 ubi
480 373 577 428 plus
604 373 705 414 mali
732 388 860 427 quam
892 374 994 414 boni
1024 374 1203 429 reperio,
1233 374 1278 415 id
1302 378 1444 416 totum

102 432 299 474 abiudico
332 434 460 486 atque
498 432 617 473 eicio.
678 432 746 474 Ita
778 433 1006 487 adsequor,
1042 436 1091 473 ut
1129 432 1212 474 alio
1250 435 1514 488 tempore103

101 491 289 546 cogitem
321 491 422 544 quid
454 491 592 532 dicam
624 493 667 532 et
701 491 784 532 alio
818 491 973 543 dicam3
1008 505 1114 545 quae
1142 492 1225 532 duo
1252 492 1443 546 plerique

100 549 274 605 ingenio
300 549 400 590 freti
428 549 555 590 simul
580 549 756 591 faciunt.
802 547 885 590 Sed
905 552 1018 591 certe
1038 550 1175 590 eidem
1199 550 1265 590 illi
1291 551 1443 591 melius

102 608 323 662 aliquanto
356 608 558 662 dicerent,
591 607 627 648 si
660 608 774 649 aliud
807 608 1059 649 sumendum
1087 608 1169 649 sibi
1195 611 1364 664 tempus
1392 609 1445 650 ad

102 667 379 722 cogitandum
411 666 526 707 aliud
559 666 612 707 ad
643 667 867 708 dicendum
898 669 1112 721 putarent.

220 724 358 773 Quom
401 739 491 766 rem
534 725 705 779 penitus
750 740 1006 780 causamque
1050 725 1251 781 cognovi,
1295 725 1514 769 statim104

102 784 287 826 occurrit
319 783 462 824 animo
501 797 608 837 quae
646 783 704 825 sit
740 798 869 825 causa
907 783 1163 839 ambigendi.
1224 783 1347 825 Nihil
1379 788 1445 826 est

101 842 215 884 enim
247 842 361 896 quod
391 842 504 882 inter
535 842 729 883 homines
764 842 1026 897 ambigatur,
1064 842 1152 883 sive
1184 857 1235 884 ex
1267 843 1443 884 crimine

102 916 230 942 causa
271 903 442 942 constat
482 903 531 941 ut
571 900 794 955 facinoris,
835 901 923 942 sive
967 915 1017 941 ex
1061 901 1353 942 controversia
1395 905 1444 942 ut

101 959 370 1013 hereditatis,
414 958 502 1000 sive
547 973 598 1000 ex
641 959 947 1000 deliberatione
990 962 1039 1000 ut
1076 959 1197 1014 belli,
1242 960 1348 1011 [sive
1392 974 1443 1001 ex

101 1032 284 1073 persona
313 1020 363 1058 ut
394 1017 561 1071 laudis,]
596 1017 683 1058 sive
716 1032 766 1058 ex
799 1018 1087 1072 disputatione
1119 1021 1168 1059 ut
1200 1018 1250 1059 de
1275 1018 1442 1059 ratione

101 1076 288 1131 vivendi,
323 1076 370 1116 in
402 1090 485 1129 quo
517 1090 604 1116 non
636 1079 710 1117 aut
743 1076 845 1130 quid
876 1076 1039 1118 factum
1072 1076 1129 1118 sit
1167 1079 1242 1118 aut
1272 1077 1350 1117 fiat
1380 1076 1443 1117 fu-

101 1138 299 1176 turumve
332 1134 389 1175 sit
421 1136 650 1188 quaeratur
682 1137 756 1175 aut
782 1135 905 1188 quale
939 1135 995 1176 sit
1027 1138 1102 1176 aut
1128 1135 1229 1189 quid
1255 1138 1441 1176 vocetur.
1457 1160 1512 1202 25

101 1193 165 1235 Ac
196 1196 369 1234 nostrae
400 1192 487 1234 fere
521 1207 691 1248 causae,
724 1207 830 1246 quae
863 1193 1033 1247 quidem
1071 1196 1172 1234 sunt
1204 1193 1512 1260 criminum,105

101 1252 351 1306 plerumque
388 1251 647 1292 infitiatione
686 1251 981 1293 defenduntur.
1049 1251 1164 1293 Nam
1201 1255 1244 1293 et
1288 1252 1338 1293 de
1374 1267 1443 1306 pe-

104 1310 240 1352 cuniis
277 1310 542 1364 repetundis,
579 1324 686 1364 quae
727 1311 937 1351 maximae
970 1314 1087 1364 sunt,
1123 1311 1319 1366 neganda
1355 1310 1443 1352 fere

103 1371 203 1410 sunt
237 1368 397 1422 omnia,
428 1370 471 1409 et
504 1368 554 1408 de
587 1368 753 1409 ambitu
783 1383 880 1410 raro
912 1369 1019 1409 illud
1050 1369 1192 1423 datur,
1223 1372 1272 1409 ut
1302 1369 1443 1423 possis

101 1427 406 1468 liberalitatem
439 1441 487 1468 ac
518 1426 831 1481 benignitatem
869 1427 921 1468 ab
955 1427 1121 1468 ambitu
1158 1430 1286 1481 atque
1317 1427 1444 1482 largi-

102 1486 219 1527 tione
246 1485 478 1540 seiungere.
527 1484 592 1526 De
619 1485 796 1539 sicariis,
827 1485 877 1526 de
909 1485 1137 1539 veneficiis,
1169 1486 1218 1526 de
1243 1486 1443 1540 peculatu

102 1543 280 1585 infitiari
322 1557 493 1585 necesse
538 1546 613 1584 est.
686 1543 737 1584 Id
786 1546 852 1585 est
899 1544 1036 1599 igitur
1080 1558 1213 1599 genus
1256 1544 1443 1598 primum

105 1616 328 1644 causarum
358 1602 405 1642 in
428 1601 598 1643 iudiciis
624 1616 675 1643 ex
701 1602 993 1643 controversia
1017 1602 1139 1658 facti3
1168 1602 1215 1643 in
1240 1602 1444 1643 delibera-

103 1661 295 1702 tionibus
314 1661 564 1714 plerumque
585 1675 635 1701 ex
654 1660 801 1715 futuri,
821 1675 918 1702 raro
940 1675 990 1702 ex
1008 1660 1212 1702 instantis
1234 1663 1308 1701 aut
1327 1660 1443 1702 facti.

106 1718 238 1774 Saepe
265 1719 395 1760 etiam
420 1733 487 1759 res
513 1733 601 1759 non
626 1719 683 1760 sit
706 1733 838 1761 necne
865 1720 938 1760 sed
964 1719 1102 1773 qualis
1129 1719 1186 1760 sit
1207 1719 1513 1774 quaeritur3106

103 1780 153 1818 ut
185 1792 314 1831 quom
345 1776 393 1819 L.
425 1776 584 1831 Opimii
616 1792 787 1819 causam
820 1777 1074 1819 defendebat
1100 1778 1212 1832 apud
1236 1777 1443 1831 populum

104 1835 300 1876 audiente
326 1849 393 1876 me
421 1835 465 1877 C.
492 1834 632 1876 Carbo
659 1836 821 1890 consul,
851 1836 960 1876 1111111
985 1836 1036 1877 de
1063 1835 1106 1876 O.
1133 1835 1316 1877 Gracchi
1340 1850 1443 1877 nece

102 1894 309 1948 negabat,
347 1893 420 1934 sed
456 1893 499 1934 id
535 1893 626 1934 iure
663 1908 741 1948 pro
780 1894 916 1935 salute
953 1894 1117 1948 patriae
1155 1894 1319 1935 factum
1351 1908 1443 1935 esse

104 1951 290 2006 dicebat3
329 1954 378 1992 ut
419 1951 554 1993 eidem
595 1950 782 1993 Carboni
822 1953 996 1993 tribuno
1040 1952 1178 2006 plebis
1223 1952 1307 1993 alia
1349 1955 1443 1993 tum

103 2012 245 2051 mente
282 2024 372 2050 rem
408 2009 625 2063 publicam
663 2010 901 2065 capessenti
941 2009 986 2052 P.
1024 2010 1253 2052 Africanus
1293 2011 1342 2051 de
1380 2010 1443 2051 Ti.

105 2066 298 2109 Graccho
329 2067 615 2123 interroganti
651 2069 929 2123 responderat
965 2068 1057 2109 iure
1096 2083 1266 2110 caesum
1297 2068 1443 2109 videri.

106 2125 204 2167 Iure
238 2128 381 2167 autem
408 2126 550 2167 omnia
576 2126 861 2168 defenduntur
886 2141 992 2180 quae
1019 2130 1119 2168 sunt
1145 2127 1235 2168 eius
1264 2126 1444 2182 generis,

103 2187 154 2224 ut
185 2187 260 2225 aut
292 2184 529 2238 oportuerit
568 2187 641 2226 aut
677 2185 848 2226 licuerit
884 2187 958 2226 aut
995 2199 1166 2227 necesse
1204 2185 1335 2226 fuerit
1367 2186 1441 2225 aut

103 2242 376 2296 inprudentia
408 2245 481 2283 aut
513 2257 613 2284 casu
643 2242 759 2285 facta
796 2258 887 2285 esse
918 2243 1153 2285 videantur.
1214 2243 1308 2284 Iam
1340 2242 1511 2295 quid107

105 2302 279 2342 vocetur
310 2300 541 2356 quaeritur,
573 2315 702 2355 quom
735 2316 818 2355 quo
850 2302 980 2343 verbo
1008 2302 1110 2356 quid
1142 2300 1442 2356 appellandum
