1643 2526
161 121 246 162 210
670 119 732 154 DE
761 117 985 154 ORATORE

161 219 328 258 oratore
359 215 637 270 Aristoteles,
668 213 837 268 Catule,
867 216 1030 268 voster,
1067 212 1140 266 qui
1170 214 1325 253 natura
1355 214 1500 253 tamen

159 275 383 317 incurrunt
423 274 506 328 ipsi
545 274 592 314 in
636 273 874 314 orationem
918 285 1242 324 sermonemque
1283 273 1499 324 nostrum3

162 334 233 375 sed
272 336 371 374 sunt
406 332 597 387 insignes
634 331 929 386 percussiones
968 344 1114 370 eorum
1150 343 1425 369 numerorum
1456 330 1500 369 et

161 391 316 432 minuti
335 391 474 445 pedes.
519 389 656 439 Quare
682 389 868 444 primum
895 388 947 429 ad
972 387 1151 428 heroum
1175 401 1254 428 nos
1282 386 1498 440 [dactylici

162 453 204 491 et
244 449 463 503 anapaesti
502 448 653 503 spondi
691 448 857 502 pedem]
902 446 1077 500 invitat,
1119 445 1164 485 in
1201 459 1285 499 quo
1325 445 1534 499 impune5

161 508 362 563 progredi
394 507 494 548 licet
526 507 608 548 duo
642 507 864 547 dumtaxat
895 505 1022 559 pedes
1055 507 1129 544 aut
1153 504 1280 557 paulo
1307 503 1415 557 plus,
1445 517 1498 543 ne

161 566 285 621 plane
310 566 357 606 in
381 580 553 606 vorsum
575 568 647 606 aut
667 565 712 605 in
733 563 1056 604 similitudinem
1075 576 1226 603 vorsus
1251 561 1499 602 incidamus.

161 624 312 666 Altae
358 627 475 665 sunt
519 623 764 678 geminae,
808 621 992 675 quibus
1031 645 1088 650 —
1124 620 1169 660 hi
1213 623 1299 661 tres
1346 619 1498 671 [heroi]

163 683 289 737 pedes
338 682 384 722 in
431 681 642 736 principia
691 680 1075 721 continuandorum
1118 678 1345 719 verborum
1395 677 1500 718 satis

99 741 314 782 183decore
347 740 514 781 cadunt.
556 739 771 779 Probatur
796 741 939 778 autem
965 738 1018 778 ab
1045 737 1192 778 eodem
1216 736 1292 777 illo
1318 735 1500 777 maxime
1522 754 1556 777 ιο

164 813 313 853 paean,
345 799 417 852 qui
452 801 516 839 est
543 797 707 851 duplex.
751 795 864 837 Nam
890 798 964 836 aut
990 810 1014 836 a
1039 795 1170 850 longa
1195 794 1343 848 oritur,
1374 809 1502 848 quam

165 861 253 898 tres
284 857 433 897 breves
466 858 762 908 consecuntur,
792 858 842 894 ut
872 854 975 894 haec
1008 854 1149 906 verba,
1181 852 1399 893 desinite
1430 852 1503 892 in-

167 914 324 968 cipite
357 914 696 968 comprimite3
730 916 803 953 aut
836 928 860 953 a
889 911 1090 952 brevibus
1123 911 1319 965 deinceps
1351 910 1503 963 tribus,

167 976 356 1014 extrema
391 973 600 1027 producta
640 974 767 1025 atque
808 970 955 1025 longa,
997 970 1107 1011 sicut
1149 969 1224 1010 illa
1264 972 1380 1023 sunt,
1422 968 1504 1009 do-

168 1033 399 1072 muerant
438 1030 731 1084 sonupedes.
795 1029 936 1082 Atque
974 1027 1039 1068 illi
1075 1027 1333 1081 philosopho
1373 1026 1503 1068 ordiri
1524 1043 1556 1069 15

168 1090 308 1143 placet
328 1104 352 1129 a
372 1088 588 1142 superiore
615 1102 788 1142 paeane,
813 1086 1050 1140 posteriore
1076 1086 1210 1126 finire.
1254 1085 1335 1126 Est
1362 1087 1504 1126 autem

167 1161 303 1201 paean
323 1147 392 1187 hic
412 1147 628 1200 posterior
652 1160 739 1186 non
766 1145 1027 1199 syllabarum
1045 1158 1222 1184 numero
1245 1143 1317 1184 sed
1339 1143 1505 1184 aurium

169 1220 378 1258 mensura,
411 1204 524 1258 quod
556 1207 621 1244 est
653 1204 791 1244 acrius
817 1202 1022 1243 iudicium
1048 1205 1090 1243 et
1116 1201 1286 1256 certius,
1316 1216 1392 1255 par
1417 1201 1505 1241 fere

169 1263 339 1316 cretico,
371 1263 443 1316 qui
475 1266 540 1303 est
572 1277 622 1303 ex
652 1262 782 1316 longa
814 1264 856 1302 et
886 1260 1004 1301 brevi
1037 1263 1079 1301 et
1109 1260 1255 1314 longa:
1288 1262 1336 1300 ut

229 1350 356 1398 Quid
392 1352 561 1403 petam
597 1348 842 1402 praesidi,
880 1351 965 1388 aut
1003 1347 1250 1401 exequar?
1289 1361 1448 1400 quove
1527 1364 1561 1389 20

1156 1419 1387 1446 nunc.n.

170 1495 209 1537 A
249 1509 332 1549 quo
372 1508 551 1535 numero
593 1508 768 1535 exorsus
811 1496 874 1534 est
913 1492 1119 1533 Fannius:
1160 1491 1228 1546 Si,
1265 1491 1510 1545 Quirites,

172 1554 331 1594 minas
372 1553 531 1593 illius.
593 1552 719 1593 Hunc
759 1551 830 1592 ille
875 1551 1075 1592 clausulis
1121 1550 1330 1604 aptiorem
1373 1552 1510 1603 putat,

101 1637 157 1677 43
173 1627 278 1666 quas
311 1611 404 1651 volt
436 1611 566 1665 longa
596 1610 844 1664 plerumque
877 1609 1042 1663 syllaba
1072 1607 1304 1648 terminari.

133 1661 138 1673 ‘
290 1668 439 1722 Neque
464 1683 564 1709 vero
591 1668 695 1708 haec
723 1670 813 1708 tam
835 1681 975 1707 acrem
995 1681 1139 1707 curam
1159 1665 1509 1721 diligentiamque
1529 1682 1562 1708 25

175 1727 434 1780 desiderant,
472 1741 601 1780 quam
639 1729 704 1766 est
740 1725 816 1765 illa
852 1727 1093 1778 poetarum,
1134 1738 1239 1778 quos
1277 1723 1510 1764 necessitas

175 1785 292 1840 cogit
313 1788 355 1825 et
380 1785 464 1838 ipsi
489 1783 655 1825 numeri
682 1798 729 1824 ac
756 1783 870 1823 modi
898 1782 957 1823 sic
983 1782 1112 1823 verba
1137 1796 1261 1822 versu
1284 1781 1512 1836 includere,

174 1846 222 1884 ut
261 1843 369 1883 nihil
411 1843 467 1883 sit
508 1856 560 1883 ne
602 1841 756 1896 spiritu
796 1840 966 1894 quidem
1003 1840 1180 1881 minimo
1221 1839 1391 1880 brevius
1437 1842 1511 1880 aut

174 1901 344 1956 longius
390 1915 517 1954 quam
560 1914 731 1941 necesse
782 1902 856 1939 est.
931 1898 1125 1939 Liberior
1168 1901 1232 1939 est
1283 1898 1418 1939 oratio
1469 1900 1511 1938 et

175 1960 318 2013 plane,
354 1962 402 1999 ut
441 1958 614 2012 dicitur,
652 1957 712 1999 sic
745 1960 809 1998 est
839 1971 935 1997 vere
969 1957 1128 2009 soluta,
1165 1971 1251 1997 non
1286 1959 1335 1997 ut
1371 1955 1511 2011 fugiat
1530 1972 1565 1997 33

176 2021 320 2058 tamen
358 2020 431 2057 aut
472 2020 600 2070 erret,
638 2016 710 2057 sed
747 2018 795 2055 ut
835 2015 924 2055 sine
962 2014 1143 2055 vinculis
1183 2014 1264 2055 sibi
1300 2014 1394 2068 ipsa
1425 2028 1513 2055 mo-

177 2076 357 2116 deretur.
402 2074 600 2128 Namque
627 2088 706 2129 ego
737 2073 842 2114 illud
868 2073 1083 2113 adsentior
1107 2072 1415 2126 Theophrasto,
1441 2072 1513 2126 qui

178 2136 303 2188 putat
336 2133 597 2186 orationem,
633 2147 740 2186 quae
779 2131 948 2185 quidem
981 2131 1037 2171 sit
1067 2131 1204 2185 polita
1241 2133 1367 2184 atque
1399 2130 1514 2171 facta

180 2192 364 2245 quodam
396 2191 539 2245 modo,
568 2205 657 2231 non
689 2189 862 2231 astricte
895 2189 966 2229 sed
998 2189 1217 2230 remissius
1241 2202 1513 2229 numerosam

111 2261 269 2291 isbesse
302 2252 508 2304 oportere.
570 2249 628 2289 Et
661 2248 791 2302 enim,
830 2247 940 2288 sicut
975 2247 1047 2288 ille
1086 2247 1346 2301 suspicatur,
1383 2249 1424 2286 et
1463 2260 1512 2286 ex
1532 2261 1565 2287 35

178 2309 274 2349 istis
307 2308 461 2362 modis,
493 2306 648 2361 quibus
681 2306 750 2347 hic
781 2306 964 2346 usitatus
996 2319 1147 2346 vorsus
1179 2304 1380 2358 efficitur,
1415 2307 1514 2358 post

108 1705 170 1734 134
