1643 2526
519 111 794 147 ADNOTATIO
822 110 1019 146 CRlTICA.
1389 111 1453 147 LV

112 239 156 243 —
182 222 235 252 14.
269 229 291 252 a
317 218 419 252 bonis
444 216 725 251 CFWMuener
758 228 873 260 prgm.
901 216 1101 261 Koenigsb.
1128 216 1185 251 Pr.
1215 220 1313 259 1860,
1338 219 1380 250 18
1409 237 1450 242 ——-

116 269 165 300 18,
191 265 346 299 munilia
367 265 410 303 C:
438 264 551 299 Illam.
573 265 732 308 quaestio
752 262 886 297 inclusi
914 284 956 289 —
976 268 1032 298 20.
1055 264 1257 299 luculentus
1271 268 1452 308 patronus

113 311 137 346 C
162 312 386 347 truculentus
405 310 490 346 Ern.
511 312 709 345 lutulentus
727 309 825 344 Jahn
850 331 894 335 -—
921 314 976 345 32.
997 312 1104 345 etiam
1125 310 1150 345 C
1171 314 1203 345 et
1222 312 1300 345 acri
1322 309 1452 354 scripsi

111 360 204 403 (193,
224 362 284 399 36;
311 362 390 401 223,
411 362 472 399 27;
499 362 578 399 297,
598 361 659 400 273
686 360 764 399 318,
786 358 821 399 9)
861 377 902 382 ——
941 357 980 391 P.
1008 360 1086 392 256.
1116 362 1146 392 1.
1184 358 1226 392 in
1254 368 1322 402 quo
1355 356 1379 391 C
1411 358 1454 391 in

111 407 189 447 foro
214 404 407 447 Weidner,
441 403 510 438 del.
537 403 633 437 Jahn
671 424 714 428 -
751 414 863 448 gycnus
888 403 913 438 C
946 405 1052 439 decus
1076 403 1110 437 N
1143 405 1185 438 (Ie
1216 406 1256 448 (S.
1277 404 1314 447 l.)
1346 405 1453 438 decus

111 451 191 486 Par.
213 456 232 486 7
238 455 303 486 703
331 472 373 476 -
400 455 432 485 2.
463 450 535 495 Qui
553 462 633 486 cum
654 479 660 486 .
678 478 684 485 .
701 478 708 485 .
728 451 933 495 Lycurgus,
952 452 1187 496 maqistratus
1205 462 1279 485 non
1292 452 1450 495 petierit.

111 499 164 534 Et
187 498 262 539 suit
287 499 357 532 etc.
383 497 561 532 Weidner
590 517 632 522 -——
665 501 696 532 3.
724 499 986 532 accusationem
1094 499 1133 532 Is
1157 497 1242 532 incl.
1268 497 1380 541 Kays
1407 517 1451 523 —

111 548 143 579 4.
180 549 222 580 ut
245 545 399 580 Athenis
505 544 669 579 molestus
705 544 789 578 incl.
825 543 959 579 Eberh.
998 564 1043 569 —
1084 548 1137 579 10.
1176 545 1218 579 de
1249 545 1393 583 iustitia
1425 543 1451 578 C

110 592 236 626 damni
255 593 395 626 iniuria
415 591 657 634 Hotomanus,
678 590 748 624 del.
769 589 848 625 Pid.
876 611 917 616 —
948 595 1001 626 14.
1027 602 1139 635 paene
1159 591 1185 625 C
1201 591 1313 635 plane
1334 590 1452 634 Vogel

112 659 153 663 ——
182 639 309 683 loquar
334 637 359 672 C
386 639 510 682 loquor
536 637 627 673 Ven.
650 641 667 671 1
683 638 766 682 (·?)co
805 658 847 662 —
889 641 941 673 19.
980 639 1160 673 eruditius
1185 637 1255 671 FB
1271 636 1348 672 ΟΝ
1370 649 1451 682 per-

109 685 197 728 fecte
233 685 396 720 eruditus
433 685 482 719 Iv.
509 684 666 718 Mueller
704 705 745 709 —-
783 683 821 718 P.
850 688 929 719 257.
957 689 987 719 3.
1026 685 1198 730 quosdam
1228 695 1305 719 una
1338 683 1450 728 Kays.

111 752 153 756 —
193 736 247 766 13.
286 733 349 776 qui
374 731 570 765 FB¹O¹N
595 732 656 766 cui
681 729 706 764 C
746 732 839 772 (133,
860 732 919 776 25)
958 752 1001 756 —
1043 735 1095 766 19.
1136 742 1265 777 ayrum
1291 730 1316 765 C
1349 742 1451 765 aera-

109 780 206 813 rium
241 778 420 812 lVeidner
457 798 500 804 —
540 778 714 814 uectioale
753 777 778 812 G
810 777 892 822 (ΠΡ)
930 799 972 803 —
1011 777 1048 813 P.
1088 781 1168 812 258.
1209 782 1262 811 17.
1296 779 1453 822 propria

109 825 237 860 Lamb.
276 846 320 850 —
361 830 414 860 18.
441 829 492 860 est
523 836 591 859 om.
619 824 710 858 Ven.
734 829 750 858 1
793 845 834 849 -
874 826 1016 869 quidem
1041 829 1091 860 est
1115 824 1141 859 C
1173 825 1316 869 quictem
1340 824 1372 857 D
1409 845 1451 849 —

110 875 166 906 25.
205 873 459 916 compressione
497 871 522 905 C
561 872 868 915 comprehensione
904 871 935 904 D
956 873 999 916 (32)
1037 892 1080 896 —
1119 875 1175 906 31.
1213 875 1390 906 oratorem
1426 869 1452 905 C

109 920 307 953 orationem
346 918 377 951 D
403 918 529 952 Lamb.
568 938 610 943 —
649 929 757 962 eaque
782 917 807 951 C
835 929 936 962 quae
965 918 1063 951 Jahn
1100 939 1146 942 —
1183 922 1239 952 37.
1279 929 1359 952 cum
1385 945 1391 952 .
1414 945 1422 952 .
1445 945 1452 952 .

109 966 330 1000 consentiens
355 964 425 999 del.
454 964 609 998 Schuetz
649 984 691 989 —-
731 965 769 998 P.
797 968 875 999 259.
902 970 934 998 3.
960 966 1002 999 in
1026 969 1201 1009 conqzust.
1227 964 1354 999 Lamb.
1380 963 1451 999 del.

109 1011 287 1046 &Veidner
324 1031 366 1036 ——
405 1015 436 1045 8.
476 1012 580 1045 nulla
606 1009 631 1044 C
662 1022 726 1045 nec
750 1011 828 1045 ulla
861 1010 1021 1045 Schenkl
1060 1031 1103 1036 —
1142 1016 1196 1045 31.
1235 1012 1343 1045 etictm
1369 1010 1394 1045 C
1421 1015 1454 1046 et

56 1092 67 1097 ,λ
108 1060 183 1093 iam
209 1071 235 1092 ω
276 1078 319 1083 ——
356 1057 395 1092 P.
421 1062 500 1092 260.
530 1063 558 1092 1.
597 1058 671 1100 fuit
695 1059 798 1092 nobis
830 1057 986 1091 Schuetz
1017 1079 1064 1082 —
1094 1062 1126 1092 3.
1158 1059 1200 1092 in
1224 1058 1388 1093 ornando
1413 1059 1454 1092 in

109 1106 272 1150 auqendo
304 1106 369 1138 aut
399 1105 441 1139 in
472 1105 635 1149 auyenclo
666 1105 707 1138 in
732 1104 922 1148 probando
956 1103 1086 1138 malim
1121 1125 1169 1129 —
1206 1108 1238 1138 7.
1275 1105 1401 1139 haberi
1426 1103 1452 1138 O

108 1153 234 1187 habere
263 1151 354 1186 Ven.
378 1156 394 1185 1
429 1171 472 1176 —
516 1152 573 1185 his
597 1150 761 1184 FBON
792 1171 838 1175 —
872 1155 904 1185 8.
930 1151 1235 1195 perfamiliariter
1268 1151 1452 1194 Scaevola,

108 1203 150 1233 ut
174 1199 269 1233 nosti
293 1197 568 1241 Bezzenberger
599 1218 642 1222 —
675 1201 731 1231 24.
762 1198 823 1232 sed
848 1201 967 1232 tamen
991 1199 1043 1232 sic
1067 1209 1102 1232 se
1127 1198 1154 1230 F
1186 1218 1230 1223 -—
1259 1200 1314 1232 35.
1338 1199 1453 1242 possit
1490 1229 1498 1232 .

111 1244 136 1279 C
157 1249 275 1289 posset
300 1244 331 1277 D
357 1265 401 1269 —
427 1244 465 1279 P.
481 1248 560 1279 261.
576 1248 608 1278 6.
634 1245 773 1279 doctior
792 1248 933 1287 orator;
957 1245 1041 1279 inde
1062 1244 1197 1289 Campe
1226 1265 1267 1269 —
1297 1247 1351 1278 19.
1377 1256 1451 1279 am-

110 1293 255 1337 biyuam
280 1290 305 1325 C
332 1292 503 1336 ambiqua
524 1290 652 1324 Lamb.
678 1311 723 1315 ——
749 1295 805 1325 29.
837 1302 1012 1335 quumque
1038 1291 1157 1324 FBN
1184 1294 1232 1334 (s.-
1257 1295 1305 1325 no
1336 1291 1450 1326 Guar.

109 1338 139 1372 B
165 1339 271 1382 mrg.)
309 1349 475 1382 quunque
513 1337 541 1371 O
564 1337 637 1371 vet'
677 1357 719 1361 —
758 1338 902 1372 dicendi
939 1338 966 1371 F
988 1338 1033 1372 Ol
1056 1337 1090 1371 N
1127 1338 1308 1373 ediscendi
1338 1337 1369 1370 D
1409 1358 1452 1363 —-

110 1389 166 1420 31.
192 1389 225 1419 et
252 1384 288 1419 0.
314 1384 405 1418 Ven.
430 1390 445 1418 1
474 1404 517 1409 -—
545 1385 582 1417 Ρ.
609 1387 688 1418 262.
716 1388 746 1418 3.
773 1385 906 1419 solebat
931 1384 956 1418 C
982 1385 1121 1419 ‘volebat
1144 1384 1284 1418 Manut.
1311 1384 1454 1419 nolebat

110 1430 284 1466 Cratand.
312 1451 353 1455 —-
381 1435 412 1464 4.
435 1431 690 1475 apsentissume
709 1430 736 1463 F
750 1430 779 1463 B
802 1451 842 1455 —
864 1432 927 1474 qui
946 1442 1025 1465 cum
1044 1430 1179 1464 Eberh.
1202 1432 1298 1464 auct.
1320 1430 1454 1474 Stangl

108 1489 194 1513 nam
219 1489 298 1512 cum
323 1477 502 1511 Weidner
534 1498 575 1502 —
609 1482 639 1510 5.
667 1477 738 1511 duo
764 1476 834 1510 FB
850 1477 878 1511 O
894 1477 927 1510 N
954 1497 998 1502 —-
1025 1480 1078 1511 17.
1106 1481 1139 1511 et
1163 1477 1254 1511 Ven.
1277 1481 1294 1511 1
1324 1487 1393 1512 om.
1426 1477 1451 1511 C

110 1545 153 1550 -—
190 1525 406 1568 inuidiaque
437 1523 485 1557 Β3
521 1524 687 1558 inuidiae
717 1523 750 1556 N
792 1543 833 1548 —-
872 1535 1052 1558 macerare
1090 1522 1242 1567 Madvig
1279 1523 1374 1567 (adv.
1403 1534 1451 1559 cr.

109 1571 161 1605 III
181 1572 262 1615 104)
289 1592 331 1595 —
360 1573 414 1605 18.
438 1572 540 1605 utin
565 1569 591 1603 C
617 1571 674 1604 uti
692 1569 834 1603 Manu‘c.
860 1590 904 1594 —
931 1574 986 1604 28.
1012 1571 1207 1614 quaemndi
1227 1569 1359 1605 FVen.
1378 1573 1395 1603 1
1418 1569 1453 1604 N

111 1638 154 1643 —
191 1618 230 1652 P.
257 1620 336 1652 263.
366 1621 418 1652 12.
457 1618 525 1651 illa
550 1621 649 1651 aetas
680 1630 706 1650 ω
753 1637 789 1641 ⁷—
830 1620 882 1650 15.
923 1617 977 1651 bis
1002 1627 1071 1651 om.
1099 1616 1126 1651 O
1147 1617 1274 1650 Lamb.
1314 1637 1356 1641 —
1399 1620 1450 1651 19.

109 1665 180 1699 alis
205 1664 233 1697 F
259 1684 303 1689 —
328 1668 384 1698 26.
413 1664 468 1698 Iis
494 1663 641 1697 Con-ad.
669 1683 712 1688 -
739 1667 795 1697 34.
827 1663 881 1696 M.
907 1664 1050 1698 Brutus
1074 1663 1144 1696 FB
1161 1663 1188 1697 O
1204 1663 1239 1696 N
1264 1683 1309 1688 —-
1335 1667 1401 1698 aut
1426 1663 1451 1697 C

111 1722 160 1746 an
185 1710 216 1744 D
236 1710 445 1753 Heusinger
477 1730 520 1735 —
550 1714 606 1745 36.
632 1710 836 1753 defensione
862 1721 931 1744 om.
958 1709 989 1742 D
1016 1730 1059 1734 —
1085 1710 1124 1743 P.
1150 1713 1229 1744 264.
1258 1714 1288 1744 6.
1316 1711 1452 1754 disper-

110 1758 202 1793 tibat
226 1757 252 1790 F
266 1757 294 1790 B
311 1756 339 1791 O
365 1758 603 1801 dispartiebat
619 1756 654 1790 N
681 1777 724 1781 ω
750 1760 805 1791 30.
827 1768 922 1800 pone
941 1756 968 1789 F
984 1756 1012 1790 O
1034 1761 1124 1801 puto
1146 1756 1304 1790 Schuetz
1324 1758 1454 1801 opinor

111 1804 218 1838 Klotz
245 1824 288 1828 —
315 1808 370 1838 33.
399 1804 514 1838 Coelio
534 1815 578 1838 ex
606 1803 724 1838 Caelio
749 1803 833 1848 (?)F
861 1823 901 1828 —
930 1807 985 1837 37.
1013 1804 1097 1838 Lat.
1118 1807 1151 1837 et
1169 1804 1232 1837 dil.
1261 1804 1351 1847 loqu.
1381 1803 1450 1837 del.

110 1850 409 1894 Krafferb131gm.
429 1849 567 1884 Aurich
588 1853 689 1893 1883,
712 1853 778 1884 106
810 1870 850 1874 —
875 1849 913 1883 P.
930 1853 1007 1884 265.
1022 1854 1053 1884 4.
1084 1850 1235 1884 Clodius
1261 1849 1286 1883 C
1307 1851 1452 1893 (241,1)

111 1917 155 1923 -
184 1900 239 1930 14.
268 1901 376 1942 poeta
399 1895 484 1931 incl.
510 1896 592 1930 Rau
617 1917 660 1921 —
689 1901 741 1930 19.
767 1897 886 1939 factus
912 1895 937 1930 C
964 1907 1026 1929 an:
1059 1897 1204 1937 facilis?
1236 1895 1299 1930 cfr.
1327 1896 1451 1930 Fleek.

114 1947 191 1986 107,
212 1947 279 1978 848
301 1963 343 1967 -
365 1947 419 1977 21.
441 1944 503 1987 qui
522 1942 547 1977 C
574 1945 605 1978 is
624 1945 687 1987 qui
704 1942 802 1977 Jahn
827 1963 869 1967 —
897 1947 952 1976 22.
973 1947 1114 1987 patrem
1136 1942 1161 1976 C
1182 1947 1290 1986 pater
1309 1942 1451 1977 Manat.

112 2010 156 2016 —-
183 1993 239 2024 24.
264 1991 398 2025 vectius
422 1991 606 2025 vectianus
625 1990 651 2024 O
675 1991 879 2034 (veccianus
901 1989 944 2032 B)
973 1989 1109 2024 Vettius
1135 1989 1326 2024 Vettianus
1352 1989 1380 2023 O
1408 2010 1451 2015 —-

112 2041 167 2071 28.
193 2036 413 2071 Rusticelius
439 2035 464 2070 C
489 2047 580 2071 corr.
607 2046 651 2070 ex
676 2035 833 2070 nummis
853 2035 1008 2069 Ursinus
1035 2056 1076 2061 ——-
1104 2039 1158 2071 30.
1186 2036 1357 2070 Betutius
1376 2036 1449 2069 BN

114 2104 155 2108 —
181 2087 237 2117 31.
264 2083 331 2117 illa
356 2081 381 2116 C
407 2086 440 2117 et
463 2083 530 2117 illa
554 2082 655 2117 Bake
679 2094 757 2117 una
781 2082 935 2126 Madvig
960 2103 1002 2107 —
1030 2086 1086 2117 32.
1113 2093 1180 2126 quo
1206 2082 1273 2115 FB
1290 2082 1317 2116 O
1345 2084 1405 2117 cui
1425 2082 1450 2116 C

111 2150 158 2155 —
183 2133 237 2164 37.
264 2130 479 2173 coloniisque
499 2128 680 2163 Corradus
707 2150 751 2154 -—-
775 2129 814 2163 P.
836 2133 915 2163 266.
937 2133 967 2163 8.
995 2133 1035 2163 tu
1061 2129 1086 2163 C
1112 2134 1187 2164 tum
1207 2128 1386 2163 Weidner
1407 2149 1450 2154 ——

115 2179 168 2210 10.
194 2177 344 2211 retinuit
368 2175 395 2208 F
411 2175 438 2210 O
453 2175 484 2208 D
504 2175 595 2210 Ven.
612 2180 629 2209 1
656 2177 812 2210 recinuit
836 2175 914 2209 BN
938 2177 1090 2210 retinnit
1114 2174 1163 2219 lg.
1185 2179 1240 2219 35,
1261 2180 1317 2218 53,
1340 2179 1384 2209 68
1406 2195 1450 2199 —

113 2227 168 2257 23.
209 2223 377 2257 Omnium
401 2223 452 2256 sic
489 2221 514 2256 C
557 2222 709 2257 Omnino
734 2224 786 2257 sic
815 2222 905 2256 Ven.
930 2227 946 2255 1
969 2223 1010 2267 (?)
1031 2236 1057 2256 ω
1098 2243 1138 2247 -
1177 2226 1219 2257 ut
1249 2232 1319 2256 om.
1346 2221 1378 2254 D
1407 2241 1450 2245 ——

113 2273 166 2303 24.
199 2270 259 2303 ille
284 2268 359 2302 FN
385 2269 458 2303 iilis
484 2268 515 2301 D
554 2289 596 2294 —
635 2273 690 2303 25.
727 2270 768 2304 id
792 2273 842 2304 est
867 2270 915 2304 ad
939 2280 974 2302 n.
1000 2273 1122 2304 rerert.
1151 2268 1220 2302 del.
1247 2267 1375 2301 Lamb.
1404 2288 1451 2292 —

111 2319 241 2351 reuort.
266 2315 295 2348 B
311 2314 339 2349 O
372 2335 414 2340 —-
447 2318 502 2349 32.
528 2317 729 2351 oratoribus
756 2315 781 2350 C
807 2317 1013 2351 cursoribus
1037 2315 1144 2349 Klotz
1170 2335 1216 2339 —
1241 2314 1280 2347 P.
1308 2318 1386 2348 267.
1417 2319 1447 2349 4.
