1643 2526
111 689 176 720 172

181 115 266 156 362
747 115 942 151 ORATOR

181 214 400 252 secuntur:
432 211 535 252 Nos
563 210 672 252 ausi
698 225 943 266 1030131ος
969 235 1025 240 -
1050 211 1136 266 legi
1157 211 1269 252 enim
1290 211 1516 266 audivique

179 269 421 322 nonnullos,
447 283 628 323 quorum
652 270 960 324 propemodum
981 269 1175 311 absolute
1196 270 1517 311 concluderetur

181 328 329 369 oratio.
393 327 513 376 Quod
546 327 618 381 qui
648 342 735 368 non
764 331 957 383 possunt,
986 342 1074 368 non
1106 330 1170 369 est
1204 327 1257 369 iis
1295 328 1399 369 satis
1429 343 1516 370 non

180 386 408 440 contemni,
433 386 597 426 laudari
623 386 752 427 etiam
779 386 936 427 volunt.
979 386 1075 441 Ego
1103 389 1243 427 autem
1269 386 1367 427 illos
1397 387 1515 441 ipsos

178 445 305 485 laudo
342 445 468 498 idque
506 444 676 499 merito,
720 459 900 498 quorum
941 459 984 485 se
1024 445 1098 486 isti
1141 445 1379 486 imitatores
1423 459 1514 486 0330

180 503 344 557 dicunt,
380 503 461 544 etsi
491 502 537 543 in
568 502 620 543 iis
654 502 814 556 aliquid
846 503 1056 557 desidero,
1088 502 1167 544 hos
1199 517 1298 544 vero
1331 503 1517 558 minime,

180 561 252 614 qui
287 561 395 601 nihil
432 561 605 602 illorum
642 561 724 601 nisi
763 561 915 602 vitium
954 564 1171 616 secuntur,
1209 576 1305 603 011111
1337 576 1361 602 3
1391 561 1515 603 bonis

180 619 323 660 absint
352 619 614 674 longissime.

299 678 421 727 Quod
459 677 495 719 31
533 692 654 718 311103
698 681 787 718 tam
823 678 1076 719 inhumanas
1115 681 1287 732 tamque
1325 681 1515 733 agrestes

178 735 351 789 habent,
375 750 427 777 ne
454 736 799 777 doctissimorum
825 736 995 789 quidem
1014 736 1202 777 virorum
1228 751 1299 777 eos
1326 736 1515 778 movebit

180 794 442 835 auctoritas?
482 793 645 834 Omitto
672 794 891 835 Isocraten
917 794 1232 849 discipulosque
1258 795 1347 835 eius
1374 794 1516 849 Epho-

179 867 273 892 rum
312 856 354 893 et
384 851 646 907 Naucraten,
685 867 942 906 quamquam
980 853 1184 894 orationis
1222 853 1439 894 faciendae
1473 856 1516 894 et

181 911 392 951 ornandae
430 913 626 952 auctores
663 910 988 965 locupletissimi
1021 911 1175 952 summi
1208 911 1291 965 ipsi
1325 914 1515 952 oratores

180 984 270 1010 esse
297 969 520 1010 debebant.
571 968 653 1010 Sed
680 969 773 1023 quis
801 969 990 1010 omnium
1016 970 1194 1023 doctior,
1219 969 1312 1023 quis
1340 970 1516 1024 acutior,

179 1027 274 1081 quis
300 1027 345 1067 in
369 1028 496 1068 rebus
521 1027 587 1068 vel
612 1027 874 1068 inveniendis
900 1028 965 1068 vel
991 1027 1227 1069 iudicandis
1260 1028 1398 1069 acrior
1422 1028 1517 1068 Ari-

179 1085 333 1126 stotele
366 1085 476 1127 fuit?
512 1085 606 1139 quis
638 1100 765 1139 porro
798 1085 977 1126 Isocrati
1011 1089 1075 1127 est
1107 1087 1352 1127 adversatus
1384 1086 1517 1127 infen—

179 1144 297 1184 sius?
328 1143 370 1185 Is
396 1144 532 1198 igitur
553 1159 722 1184 versum
746 1143 792 1184 in
818 1144 1008 1184 oratione
1029 1147 1145 1185 vetat
1165 1159 1268 1199 esse,
1292 1159 1516 1185 numerum

177 1202 307 1242 iubetn
370 1202 475 1243 Eius
509 1202 677 1243 auditor
707 1202 968 1243 Theodectes
999 1202 1045 1242 in
1075 1203 1237 1257 primis,
1273 1206 1321 1243 ut
1352 1203 1516 1243 Aristo-

179 1261 284 1301 teles
325 1275 448 1314 saepe
489 1260 722 1315 significat,
765 1259 925 1314 politus
971 1261 1154 1314 scriptor
1195 1264 1320 1314 atque
1362 1261 1516 1301 artifex

178 1318 259 1359 hoc
300 1318 411 1359 idem
453 1322 495 1359 et
533 1318 664 1360 sentit
702 1321 744 1359 et
782 1319 1008 1373 praecipit3
1051 1319 1370 1373 Theophrastus
1414 1333 1513 1360 vero

178 1376 330 1417 iisdem
368 1377 417 1417 de
455 1377 581 1417 rebus
621 1377 750 1417 etiam
793 1378 1043 1418 accuratius.
1115 1376 1217 1426 Quis
1262 1391 1363 1432 ergo
1406 1378 1514 1418 istos

179 1435 300 1489 ferat,
327 1435 399 1489 qui
425 1435 503 1476 hos
531 1438 725 1476 auctores
750 1450 837 1476 non
862 1436 1072 1489 probent?
1103 1436 1187 1476 nisi
1214 1435 1386 1476 omnino
1411 1435 1515 1477 haec

113 1504 272 1534 1730330
299 1494 351 1533 ab
378 1494 430 1533 iis
463 1496 690 1547 praecepta
715 1494 920 1534 nesciunt.
973 1493 1093 1542 Quod
1119 1494 1154 1535 si
1178 1494 1241 1535 ita
1266 1497 1331 1535 est
1357 1518 1410 1522 —
1437 1508 1515 1535 1100

111 2111 127 2119 ,-

107 2109 164 2150 02

110 2178 175 2208 174

179 1566 278 1592 vero
312 1551 435 1592 aliter
466 1552 663 1592 existimo
699 1576 769 1604 —-,
808 1552 925 1606 quid,
961 1552 1044 1606 ipsi
1082 1552 1170 1593 suis
1203 1552 1397 1593 sensibus
1428 1565 1515 1593 non

178 1610 433 1650 moventur?
469 1610 630 1650 nihilne
657 1610 716 1650 eis
741 1610 866 1650 inane
891 1610 1069 1663 videtur,
1098 1610 1206 1651 nihil
1236 1610 1515 1665 inconditum,

178 1667 286 1708 nihil
327 1671 512 1721 curtum,
554 1668 662 1707 nihil
703 1668 962 1721 claudicans,
1004 1668 1112 1708 nihil
1152 1668 1420 1709 redundans?
1463 1668 1515 1709 In

178 1740 302 1766 versu
335 1725 505 1779 quidem
536 1725 705 1766 theatra
736 1728 829 1767 tota
860 1725 1110 1781 exclamant,
1141 1726 1176 1767 si
1205 1726 1287 1767 fuit
1318 1741 1403 1767 una
1434 1726 1516 1780 syl-

178 1784 276 1824 laba
297 1787 371 1824 aut
397 1783 567 1824 brevior
593 1787 666 1823 aut
691 1783 878 1838 longior3
908 1798 985 1825 1100
999 1798 1104 1838 vero
1131 1784 1361 1825 multitudo
1387 1785 1514 1838 pedes

177 1841 298 1883 novit
323 1856 400 1882 nec
426 1842 537 1882 ullos
569 1855 769 1882 numeros
802 1844 918 1882 tenet
949 1856 1025 1883 nec
1055 1842 1161 1883 illud
1186 1843 1215 1897 †
1238 1845 1311 1883 aut
1339 1843 1514 1883 offendit

179 1903 253 1940 aut
285 1903 405 1941 curat
438 1903 486 1940 ut
515 1900 561 1939 in
587 1914 669 1954 quo
703 1899 877 1940 offendit
907 1900 1149 1955 intellegat3
1181 1904 1222 1942 et
1253 1903 1397 1942 tamen
1429 1915 1514 1942 om-

177 1958 297 1998 nium
327 1958 645 2012 longitudinum
677 1961 719 1998 et
750 1957 1008 1998 brevitatum
1046 1959 1091 1999 in
1128 1959 1243 2000 sonis
1280 1959 1389 2000 sicut
1421 1973 1515 2000 acu—

179 2019 319 2056 tarum
341 2016 617 2070 graviumque
641 2031 792 2057 vocum
817 2016 1021 2057 iudicium
1046 2017 1139 2070 ipsa
1163 2020 1317 2058 natura
1341 2017 1387 2057 in
1407 2017 1515 2059 auri-

178 2074 258 2114 bus
289 2074 449 2114 nostris
483 2074 717 2115 collocavit.

295 2131 427 2172 Visne
452 2131 598 2186 igitur,
626 2132 770 2186 Brute,
801 2135 942 2173 totum
968 2133 1080 2173 hunc
1105 2133 1247 2174 locum
1274 2133 1512 2174 accuratius

1535 755 1568 778 10

1536 1045 1568 1070 15

1535 1336 1568 1360 20

1535 1626 1568 1652 25

1532 1917 1566 1942 30

179 2190 307 2230 etiam
340 2190 596 2243 explicemus
631 2204 757 2243 quam
795 2190 858 2230 illi
895 2190 997 2245 ipsi,
1038 2191 1111 2244 qui
1149 2194 1191 2232 et
1221 2191 1325 2232 haec
1357 2194 1399 2232 et
1431 2191 1514 2231 alia
1531 2206 1564 2232 35

177 2248 302 2289 nobis
339 2248 622 2302 tradiderunt,
661 2262 715 2288 an
751 2248 818 2289 his
857 2249 1048 2289 contenti
1080 2263 1171 2290 esse
1204 2263 1309 2302 quae
1341 2249 1393 2290 ab
1425 2249 1511 2290 illis

178 2307 291 2347 dicta
323 2309 422 2347 sunt
458 2306 716 2361 possumus?
769 2305 849 2347 Sed
882 2307 982 2360 quid
1015 2321 1170 2360 quaero
1202 2307 1378 2362 velisne,
1416 2321 1512 2348 cum
