1643 2526
90 749 122 773 10

91 1040 122 1065 15

93 1623 125 1647 25

93 1914 127 1939 30

95 2203 128 2228 35

393 108 535 143 LIBER
559 108 620 144 111.
671 107 770 143 CAP.
797 110 946 141 28-29.
985 110 1003 148 ἓ
1031 109 1226 140 108-115,
1401 105 1478 145 191

141 203 267 246 Nunc
300 204 413 245 enim
444 204 590 258 inopia
622 203 800 244 reticere
831 202 1161 256 intelleguntur,
1198 203 1291 241 tum
1322 200 1481 241 iudicio

140 263 395 304 viderentur.

259 319 408 362 Omnis
427 320 562 375 igitur
581 335 648 361 res
664 319 839 361 eandem
858 318 989 359 habet
1007 321 1206 359 naturam
1226 316 1483 372 ambigendi,

142 380 192 420 de
234 394 317 433 qua
358 379 504 433 quaeri
543 382 585 420 et
623 377 851 432 disceptari
888 379 1050 431 potest,
1091 375 1178 416 sive
1219 376 1264 416 in
1300 375 1482 425 infinitis

142 437 529 480 consultationibus
563 437 826 491 disceptatur
852 435 939 476 sive
963 435 1010 475 in
1036 434 1095 475 eis
1124 434 1274 488 causis,
1306 448 1412 488 quae
1437 433 1484 474 in

142 496 315 538 civitate
356 499 398 537 et
435 496 481 536 in
518 495 679 536 forensi
716 493 1025 548 disceptatione
1063 495 1308 547 vorsantur3
1345 506 1482 545 neque

141 558 206 596 est
237 555 336 607 ulla,
368 569 474 608 quae
506 569 593 595 non
625 556 698 594 aut
731 553 783 594 ad
815 551 1099 607 cognoscendi
1138 554 1212 592 aut
1244 551 1296 591 ad
1328 550 1482 605 agendi

140 613 227 654 vim
264 613 558 666 rationemque
596 612 815 653 referatur.
886 609 1000 651 Nam
1040 612 1114 651 aut
1153 609 1249 663 ipsa
1290 608 1552 663 cognitio112

140 671 202 712 rei
235 671 497 725 scientiaque
528 670 802 725 perquiritur,
827 672 893 710 ut:
925 669 1077 709 Virtus
1105 682 1280 708 suamne
1306 670 1482 721 propter

142 729 398 784 dignitatem
443 744 497 770 an
538 732 713 784 propter
755 728 943 769 fructum
993 726 1178 780 aliquem
1228 725 1482 779 expetatur?

142 791 216 829 aut
259 788 412 843 agendi
457 787 681 829 consilium
727 785 981 840 exquiritur,
1023 788 1088 826 ut:
1134 783 1253 825 Sitne
1298 783 1482 838 sapienti

142 847 400 900 capessenda
431 861 498 887 res
530 845 731 900 publica?
782 843 1053 899 Cognitionis
1087 845 1230 884 autem
1261 845 1349 883 tres
1382 845 1551 883 sunt113

142 904 275 946 modi:
307 904 553 946 coniectura
585 903 775 945 definitio
808 906 850 943 et
880 905 929 943 ut
959 902 1021 943 ita
1053 901 1192 942 dicam
1224 900 1482 942 consecutio.

141 963 254 1004 Nam
298 963 400 1016 quid
441 962 486 1003 in
529 977 574 1003 re
619 962 676 1003 sit
717 961 960 1003 coniectura
998 960 1234 1014 quaeritur,
1274 962 1323 1000 ut
1359 959 1482 999 illud:

146 1020 265 1062 Sitne
296 1021 341 1061 in
371 1021 558 1062 humano
593 1035 745 1075 genere
778 1018 1018 1073 sapientia?
1050 1018 1186 1067 Quam
1219 1020 1363 1058 autem
1394 1017 1481 1058 vim

143 1094 333 1133 quaeque
366 1094 432 1120 res
464 1079 621 1121 habeat
648 1077 838 1119 definitio
866 1077 1062 1132 explicat,
1093 1079 1141 1117 ut
1174 1076 1209 1117 si
1236 1078 1481 1129 quaeratur:

143 1137 254 1186 Quid
286 1137 343 1178 sit
375 1137 613 1192 sapientia?
664 1135 921 1178 Consecutio
955 1138 1098 1176 autem
1130 1137 1354 1188 tractatur,
1385 1149 1481 1175 cum

142 1196 244 1250 quid
270 1210 481 1250 quamque
507 1211 597 1237 rem
624 1198 826 1249 sequatur
853 1193 1105 1247 anquiritur,
1130 1196 1179 1233 ut
1203 1192 1326 1233 illud:
1360 1190 1507 1233 Sitne‘

143 1254 370 1308 aliquando
404 1254 575 1295 mentiri
606 1254 708 1294 boni
740 1252 850 1294 viri?
894 1252 1090 1293 Redeunt
1121 1265 1268 1291 rursus
1302 1250 1354 1291 ad
1386 1260 1552 1292 con—114

1497 292 1552 332 29

1490 361 1552 391 111

90 1332 104 1355 2
141 1313 350 1354 iecturam
376 1327 552 1366 eamque
578 1312 624 1352 in
650 1314 853 1365 quattuor
880 1325 1035 1365 genera
1060 1309 1330 1363 dispartiunt.
1368 1308 1482 1350 Nam

144 1374 218 1412 aut
257 1371 357 1425 quid
398 1370 454 1411 sit
491 1370 727 1424 quaeritur,
762 1370 844 1410 hoc
881 1369 1025 1409 modo:
1063 1367 1284 1408 Naturane
1322 1367 1379 1408 sit
1415 1367 1482 1407 ius

144 1429 257 1470 inter
287 1429 482 1469 homines
515 1443 570 1469 an
599 1428 645 1468 in
677 1427 980 1482 opinionibus?
1020 1429 1094 1467 aut
1132 1440 1239 1479 quae
1272 1425 1329 1466 sit
1360 1425 1482 1480 origo

145 1487 380 1541 quoiusque
413 1487 486 1541 rei,
517 1490 582 1527 ut:
615 1486 737 1534 Quod
769 1485 825 1526 sit
856 1485 1028 1525 initium
1058 1484 1203 1538 legum
1235 1486 1310 1524 aut
1340 1498 1482 1524 rerum

144 1545 442 1600 publicarum?
475 1548 549 1586 aut
581 1559 708 1586 causa
740 1547 782 1585 et
812 1543 941 1597 ratio,
972 1546 1021 1583 ut
1052 1543 1087 1583 si
1120 1545 1363 1595 quaeratur:
1398 1540 1484 1582 Cur

145 1603 382 1645 doctissimi
413 1603 608 1644 homines
641 1603 691 1644 de
718 1602 914 1643 maximis
940 1601 1067 1642 rebus
1094 1600 1376 1641 dissentiant?
1410 1602 1484 1640 aut

146 1663 195 1704 de
226 1662 541 1716 immutatione,
571 1665 619 1702 ut
653 1661 688 1702 si
715 1661 972 1715 disputetur:
1004 1659 1119 1700 Num
1144 1659 1320 1699 interire
1346 1658 1482 1699 virtus

145 1721 190 1762 in
237 1720 410 1761 homine
460 1723 534 1761 aut
582 1734 686 1760 num
734 1719 779 1759 in
828 1718 981 1759 vitium
1024 1717 1161 1772 possit
1207 1716 1482 1758 convertere?

145 1778 421 1820 Definitionis
454 1781 598 1819 autem
630 1780 730 1819 sunt
762 1776 1092 1830 disceptationes
1126 1777 1199 1816 aut
1231 1790 1327 1816 cum
1360 1786 1552 1828 quae-115

147 1837 255 1878 ritur
287 1837 388 1890 quid
417 1836 463 1877 in
494 1836 708 1878 communi
741 1838 882 1876 mente
910 1834 1030 1889 quasi
1061 1834 1302 1888 inpressum
1335 1833 1403 1887 sit,
1435 1836 1484 1874 ut

147 1896 183 1936 si
222 1895 470 1935 disseratur:
507 1894 610 1936 Idne
649 1895 705 1935 sit
741 1894 828 1948 ius,
865 1893 978 1946 quod
1016 1906 1238 1932 maxumae
1275 1891 1390 1945 parti
1428 1891 1485 1931 sit

147 1953 268 2007 111116;
295 1956 368 1993 3111
394 1967 489 1994 011111
516 1953 616 2006 quid
642 1952 878 2006 quoiusque
906 1950 962 1991 sit
987 1950 1208 2005 proprium
1235 1949 1484 2003 exquiritur,

147 2015 212 2052 ut:
245 2010 403 2052 Ornate
437 2011 572 2052 dicere
605 2010 879 2065 propriumne
912 2009 968 2050 sit
995 2008 1178 2049 oratoris
1206 2022 1260 2048 an
1284 2007 1328 2047 id
1354 2007 1483 2048 etiam

149 2069 302 2123 aliquis
323 2071 542 2122 praeterea
560 2069 698 2110 facere
718 2068 886 2123 possit?
914 2070 987 2107 aut
1007 2081 1103 2107 cum
1124 2081 1190 2107 res
1211 2065 1484 2106 distribuitur

146 2128 192 2169 in
228 2128 382 2182 partis,
418 2130 466 2167 ut
504 2127 540 2168 si
578 2130 819 2181 quaeretur:
865 2126 979 2174 Quot
1017 2125 1103 2165 sint
1147 2138 1302 2179 genera
1341 2138 1483 2164 rerum

148 2186 495 2240 expetendarum,
532 2188 596 2226 ut:
637 2184 785 2226 Sintne
817 2184 920 2237 tria,
956 2182 1146 2237 corporis
1185 2182 1316 2222 animi
1349 2184 1482 2222 exter-

147 2258 382 2298 narumque
413 2258 569 2297 rerum,
603 2247 676 2284 aut
709 2258 803 2284 cum
836 2256 943 2295 quae
975 2240 1114 2282 forma
1145 2244 1187 2281 et
1215 2240 1335 2294 quasi
1361 2242 1483 2279 natu-

148 2302 249 2343 raiis
287 2304 391 2342 nota
429 2301 664 2356 quoiusque
703 2301 758 2342 sit
796 2299 1066 2353 describitur,
1104 2301 1152 2339 ut
1185 2298 1219 2339 si
1253 2300 1481 2351 quaeratur
