1643 2526
147 97 231 139 140
656 96 718 131 DE
747 96 971 131 OR-ATORE

145 193 356 234 stultitiae
384 192 496 234 salsa
520 191 806 246 reprehensio,
836 194 885 233 ut
909 192 981 232 ille
1009 190 1191 246 Siculus,
1221 191 1289 232 cui
1313 193 1486 245 praetor

148 250 290 305 Scipio
322 254 553 305 patronum
586 265 737 292 causae
770 251 899 291 dabat
930 249 1146 303 hospitem
1179 264 1316 304 suum,
1351 249 1485 290 homi—

144 324 242 351 nem
273 309 462 350 nobilem
495 308 567 350 sed
599 309 826 350 admodum
858 308 1056 350 stultum:
1090 307 1304 362 Quaeso,
1333 307 1486 362 inquit,

144 371 370 423 praetor,
414 367 707 408 adversario
751 381 857 408 meo
902 367 961 407 da
1002 366 1157 407 istum
1197 369 1485 420 patronum,

146 427 324 467 deinde
357 425 482 466 mihi
512 425 758 466 neminem
785 425 993 466 dederis.
1044 423 1219 465 Movent
1245 424 1374 465 etiam
1398 424 1485 479 illa,
1504 441 1520 466 5

146 499 253 539 quae
292 484 536 525 coniectura
573 484 854 538 explanantur
891 484 1018 537 longe
1059 482 1183 523 aliter
1216 486 1341 537 atque
1375 486 1486 536 sunt,

147 543 219 584 sed
251 545 374 584 acute
412 545 538 596 atque
573 542 795 596 concinne,
835 544 883 582 ut
921 556 1017 583 cum
1050 539 1234 582 Scaurus
1267 544 1486 582 accusaret

144 601 357 642 Rutilium
390 600 595 655 ambitus,
635 615 731 641 cum
767 600 858 654 ipse
897 600 1045 641 consul
1077 602 1189 640 esset
1220 599 1378 653 factus,
1414 599 1486 655 ille

145 659 360 713 repulsam
392 659 576 713 tulisset,
607 662 649 699 et
674 658 719 699 in
746 659 835 699 eius
863 658 1022 699 tabulis
1051 658 1292 699 ostenderet
1318 657 1485 699 litteras

145 717 195 758 A.
216 717 262 759 F.
282 717 328 758 P.
348 716 397 758 R.
429 717 556 770 idque
597 717 756 758 diceret
795 731 886 757 esse
917 728 1073 757 ACTUM
1105 728 1215 757 FIDE
1248 729 1284 756 P.
1317 728 1539 770 RUT1L1,10

144 775 336 816 Rutilius
370 778 514 816 autem
546 787 668 815 ANTE
700 786 885 816 FACTUM
917 786 1032 816 Pos'r
1064 786 1296 827 RELATUM,
1337 774 1381 816 O.
1410 774 1487 815 Ca-

145 834 241 874 nius
283 848 410 887 eques
448 833 689 887 Romanus,
732 847 861 886 quom
898 832 1011 873 Rufo
1050 833 1235 887 adesset,
1278 832 1487 874 exclamat

144 896 344 933 neutrum
380 892 467 932 illis
505 891 662 932 litteris
701 891 917 932 declarari.
986 890 1113 939 Quid
1151 891 1301 945 ergo?
1346 890 1486 944 inquit

147 949 348 1004 Scaurus,
379 950 632 990 Aemilius
664 949 808 1003 fecit,
839 949 1089 1003 plectitur
1121 949 1362 990 Rutilius.

262 1008 442 1049 Ridetur
486 1008 615 1048 etiam
659 1008 960 1062 discrepantia:
1012 1006 1138 1056 Quid
1181 1007 1297 1048 huic
1341 1007 1486 1049 abest
1507 1023 1539 1049 15

145 1067 246 1107 nisi
286 1081 363 1107 res
402 1069 450 1107 et
488 1066 682 1107 virtus?
732 1066 854 1108 Bella
895 1066 1024 1107 etiam
1063 1068 1127 1106 est
1163 1065 1388 1107 familiaris
1425 1080 1486 1107 re-

144 1125 370 1179 prehensio
404 1124 525 1178 quasi
558 1124 760 1178 errantis3
792 1127 839 1165 ut
871 1139 998 1177 quom
1033 1124 1277 1178 obiurgavit
1309 1123 1486 1165 Albium

146 1182 342 1237 Granius,
368 1183 493 1236 quod,
519 1197 647 1236 quom
674 1183 764 1223 eius
784 1183 942 1223 tabulis
964 1182 1163 1235 quiddam
1191 1182 1279 1234 [ab]
1301 1182 1485 1223 Albucio

143 1242 374 1295 probatum
405 1241 632 1295 videretur,
665 1242 743 1293 [et]
777 1241 897 1282 valde
924 1241 1123 1282 absoluto
1151 1239 1355 1281 Scaevola
1387 1255 1486 1295 gau-

145 1300 262 1340 deret
293 1314 430 1353 neque
461 1299 731 1353 intellegeret
760 1303 909 1340 contra
935 1314 1033 1340 suas
1065 1299 1233 1340 tabulas
1260 1313 1350 1340 esse
1382 1299 1487 1339 iudi·
1507 1316 1540 1342 20

74 1361 298 1400 2820atum.
361 1357 473 1399 Huic
511 1358 662 1398 similis
701 1360 766 1398 est
801 1358 931 1398 etiam
963 1357 1196 1398 admonitio
1227 1357 1273 1397 in
1305 1357 1482 1398 consilio

146 1417 283 1457 dando
311 1415 548 1470 familiaris,
579 1419 627 1456 ut
653 1431 781 1469 quom
812 1419 995 1469 patrono
1028 1416 1154 1470 malo,
1185 1429 1314 1469 quom
1339 1430 1487 1456 vocem

143 1475 189 1515 in
228 1475 404 1515 dicendo
444 1474 700 1528 optudisset,
739 1475 944 1515 suadebat
977 1473 1179 1528 Granius,
1216 1477 1264 1514 ut
1301 1474 1487 1514 mulsum

143 1533 349 1588 frigidum
380 1533 566 1587 biberet,
605 1532 781 1573 simulac
814 1533 986 1573 domum
1018 1532 1214 1572 redisset:
1254 1531 1486 1585 Perdam,

144 1591 302 1645 inquit,
341 1605 529 1645 vocem,
571 1591 612 1631 si
649 1591 699 1631 id
736 1591 917 1631 fecero.
978 1590 1161 1631 Melius
1199 1592 1295 1642 est,
1333 1589 1486 1644 inquit,
1505 1606 1538 1632 25

75 1659 291 1702 283quam
323 1663 470 1689 reum.
531 1648 699 1689 Bellum
738 1649 868 1689 etiam
906 1650 990 1702 est,
1030 1662 1158 1701 quom
1196 1647 1296 1700 quid
1334 1648 1485 1702 cuique

146 1707 202 1748 sit
229 1710 560 1748 consentaneum
587 1706 759 1759 dicitur3
790 1710 838 1746 ut
864 1720 993 1759 quom
1020 1704 1201 1746 Scaurus
1234 1706 1485 1747 nonnullam

143 1765 321 1805 haberet
346 1764 550 1805 invidiam
577 1779 627 1805 ex
654 1779 716 1818 eo,
748 1765 858 1817 quod
885 1763 1143 1819 Phrygionis
1169 1763 1348 1817 Pompei
1372 1764 1486 1806 locu-

142 1823 271 1877 pletis
302 1823 489 1864 hominis
521 1823 635 1863 bona
666 1822 755 1863 sine
787 1825 1045 1863 testamento
1077 1822 1337 1876 possederat,
1369 1823 1484 1863 sede-

143 1885 290 1935 retque
318 1881 548 1922 advocatus
575 1895 646 1922 reo
666 1880 851 1934 Bestiae,
877 1894 1005 1934 quom
1031 1880 1159 1921 funus
1181 1881 1394 1934 quoddam
1414 1881 1485 1921 du-
1504 1898 1538 1924 30

145 1943 322 1994 ceretur,
342 1942 566 1981 accusator
587 1938 667 1991 [0.]
688 1938 1088 1993 Memmius,Vide,
1106 1938 1259 1993 inquit,
1282 1937 1486 1993 Scaure,

75 2000 375 2039 284mortuus
408 1997 625 2051 rapitur,
663 1997 704 2038 si
735 2000 881 2051 potes
915 2011 1022 2037 esse
1059 2011 1340 2051 possessor.
1403 1996 1485 2038 Sed

146 2070 196 2097 ex
232 2055 300 2096 his
339 2056 536 2096 omnibus
574 2055 683 2095 nihil
715 2055 851 2110 magis
884 2055 1062 2107 ridetur,
1105 2069 1231 2108 quam
1269 2055 1382 2109 quod
1420 2057 1485 2096 est

143 2117 313 2168 praeter
351 2113 708 2168 expectationem,
753 2113 870 2155 cuius
912 2113 1241 2154 innumerabilia
1281 2116 1381 2154 sunt
1419 2127 1486 2154 ex-

144 2172 302 2226 empla,
339 2175 388 2212 ut
418 2171 550 2225 Appii
587 2171 761 2212 maioris
798 2171 932 2225 illius,
971 2171 1042 2225 qui
1073 2171 1119 2211 in
1150 2174 1318 2226 senatu,
1356 2185 1483 2225 quom
1503 2187 1538 2214 35

144 2233 341 2285 ageretur
379 2230 428 2271 de
468 2230 583 2284 agris
624 2229 806 2283 publicis
845 2232 887 2270 et
925 2230 974 2270 de
1011 2229 1105 2284 lege
1143 2229 1301 2270 Thoria
1338 2232 1380 2270 et
1416 2244 1485 2283 pe—

144 2291 305 2330 teretur
347 2287 551 2329 Lucullus
597 2288 649 2328 ab
693 2288 765 2343 iis,
810 2287 881 2341 qui
923 2302 947 2328 a
986 2302 1137 2342 pecore
1182 2287 1271 2329 eius
1316 2287 1484 2342 depasci

78 985 131 1026 70

75 1053 138 1084 281
