1643 2526
417 82 560 117 LIBER
584 82 611 117 I.
662 82 760 117 CAP.
788 85 845 117 23.
897 85 916 124 ξ
944 85 1140 117 100-109.
1389 81 1447 123 25

107 177 234 219 rebus
267 177 411 219 audire
442 178 563 232 velle,
595 177 865 219 adduxissem
895 177 979 218 huc
1007 175 1217 218 Graecum
1249 176 1448 232 aliquem,

109 237 181 290 qui
211 250 290 277 nos
327 236 452 277 istius
491 236 607 277 modi
647 235 1011 291 disputationibus
1049 236 1296 291 delectaret,
1333 236 1447 289 quod

107 309 159 335 116
199 309 312 336 nunc
353 294 523 348 quidem
561 294 732 336 difficile
769 294 888 336 factu
926 297 1001 335 est.
1062 294 1144 335 Est
1181 294 1295 335 enim
1335 293 1448 348 apud

107 352 163 393 M.
189 352 391 394 Pisonem
423 353 737 394 adulescentem
762 352 863 394 huic
889 352 1030 393 studio
1057 352 1247 393 deditum
1279 366 1446 394 summo

73 428 88 453 5
108 411 237 452 homo
292 411 466 466 ingenio
514 411 735 465 nostrique
786 410 1085 465 cupidissimus
1134 410 1447 465 Peripateticus

110 468 299 524 Staseas,
335 470 464 510 homo
500 470 626 511 nobis
659 484 759 511 sane
790 469 1015 510 familiaris
1048 472 1108 523 et,
1145 472 1194 510 ut
1231 470 1344 510 inter
1374 469 1448 510 ho-

109 528 245 569 mines
275 528 437 593 peritos
476 531 672 569 constare
703 528 844 581 video,
879 528 926 568 in
955 527 1030 568 illo
1064 541 1141 568 suo
1176 542 1328 582 genere
1361 542 1446 568 om-

107 586 227 627 nium
251 586 461 641 princeps.
505 585 640 634 Quem
665 589 714 627 tu
739 563 857 641 mihi,
880 585 1020 640 inquit
1041 585 1221 640 Mucius,
1241 585 1447 640 Staseam,

110 659 236 698 quem
272 644 608 698 Peripateticum
644 644 853 685 narras?
874 643 1093 685 Gerendus
1132 647 1197 685 est
1234 644 1315 684 tibi
1353 658 1446 686 mos

57 721 90 746 10
111 703 473 757 adulescentibus,
512 702 681 757 Crasse,
719 703 791 757 qui
828 717 916 744 non
947 701 1098 744 Graeci
1133 702 1346 754 [alicuius]
1382 717 1448 744 co-

109 761 316 802 tidianam
347 761 652 814 loquacitatem
685 761 773 802 sine
806 776 886 802 usu
917 775 1053 815 neque
1086 775 1136 802 ex
1168 761 1325 802 scholis
1353 775 1447 802 can-

109 819 286 860 tilenam
317 819 557 874 requirunt,
595 819 667 860 sed
705 834 755 860 ex
792 819 964 860 homine
1003 819 1193 860 omnium
1226 819 1448 873 sapientis-

111 877 218 918 simo
257 880 385 931 atque
423 877 774 932 eloquentissimo
813 881 941 931 atque
973 892 1024 918 ex
1062 891 1130 930 eo,
1168 877 1240 931 qui
1278 891 1365 918 non
1401 877 1448 917 in

108 935 266 976 libellis
311 936 383 976 sed
425 936 471 976 in
512 936 709 976 maximis
754 936 893 977 causis
938 938 980 976 et
1022 935 1068 976 in
1110 935 1192 976 hoc
1230 935 1479 977 domicilio·

57 1011 90 1037 15
109 994 277 1048 imperii
297 997 339 1035 et
366 993 526 1049 gloriae
548 994 604 1034 sit
630 994 808 1035 consilio
835 994 1066 1048 linguaque
1090 994 1301 1048 princeps,
1327 994 1446 1035 cuius

110 1052 292 1106 vestigia
315 1052 514 1106 persequi
540 1052 729 1106 cupiunt,
761 1052 850 1093 eius
878 1052 1135 1093 sententiam
1162 1052 1446 1093 sciscitantur.

109 1110 320 1164 Equidem
346 1113 387 1151 te
409 1124 537 1164 quom
556 1110 602 1150 in
622 1110 798 1151 dicendo
826 1125 992 1164 semper
1015 1110 1164 1164 putavi
1191 1110 1327 1164 deum,
1353 1113 1517 1165 1111111οβ

109 1182 209 1210 vero
240 1169 322 1209 tibi
352 1183 571 1222 nunquam
597 1168 863 1222 eloquentiae
889 1169 1095 1209 maiorem
1120 1169 1253 1209 tribui
1278 1169 1447 1210 laudem

110 1241 238 1280 quam
268 1226 568 1281 humanitatis3
600 1242 682 1280 qua
712 1241 825 1268 nunc
850 1230 892 1268 te
918 1227 983 1267 uti
1014 1227 1082 1268 vel
1112 1227 1295 1268 maxime
1328 1227 1448 1268 decet

57 1301 91 1327 20
109 1299 246 1339 neque
279 1285 478 1339 defugere
511 1299 604 1326 eam
637 1285 990 1339 disputationem,
1027 1286 1079 1326 ad
1118 1300 1245 1339 quam
1283 1288 1324 1326 te
1364 1286 1446 1326 duo

111 1343 364 1384 excellentes
395 1343 579 1398 ingeniis
613 1343 903 1384 adulescentes
936 1343 1113 1397 cupiunt
1145 1344 1353 1384 accedere.

227 1401 323 1456 Ego
354 1415 468 1455 vero,
496 1401 650 1455 inquit,
679 1401 775 1442 istis
809 1402 987 1455 obsequi
1019 1402 1167 1442 studeo
1192 1416 1328 1455 neque
1355 1411 1517 1455 gra-107

110 1459 243 1500 vabor
274 1459 461 1500 breviter
492 1473 587 1500 meo
625 1474 741 1500 more
774 1460 876 1513 quid
908 1474 1073 1513 quaque
1106 1460 1155 1500 de
1187 1474 1232 1500 re
1264 1460 1447 1500 sentiam

111 1517 259 1559 dicere.
330 1517 394 1558 Ac
433 1517 620 1571 primum
660 1517 766 1558 illud
810 1542 859 1546 —
903 1518 1106 1571 quoniam
1147 1517 1449 1558 auctoritatem

57 1592 90 1618 25
110 1579 230 1617 tuam
260 1576 500 1631 neglegere,
532 1574 748 1630 Scaevola,
778 1575 843 1617 fas
876 1576 981 1616 miln'
1012 1590 1099 1616 non
1131 1590 1222 1616 esse
1253 1579 1359 1630 puto
1393 1600 1447 1605 —

109 1634 364 1688 respondeo,
404 1634 509 1674 mihi
547 1634 713 1675 dicendi
752 1637 825 1675 aut
863 1634 1026 1675 nullam
1067 1637 1204 1675 artem
1244 1637 1318 1675 aut
1357 1649 1448 1688 per-

110 1695 281 1733 tenuem
325 1692 475 1746 videri,
519 1692 592 1733 sed
636 1706 806 1733 omnem
849 1707 941 1733 6886
981 1692 1299 1734 contentionem
1335 1692 1448 1733 inter

108 1750 304 1791 homines
342 1751 490 1791 doctos
528 1750 574 1790 in
610 1751 750 1791 verbis
789 1751 1080 1792 controversia
1118 1751 1271 1805 posita.
1333 1750 1517 1791 Nam108

112 1808 148 1849 si
180 1823 247 1849 ars
278 1809 341 1849 ita
372 1808 583 1863 definitur,
613 1812 662 1849 ut
693 1809 820 1863 paulo
848 1812 946 1849 ante
971 1809 1118 1863 posuit
1143 1808 1372 1863 Antonius,
1397 1823 1447 1849 ex

57 1883 91 1909 30
110 1867 237 1907 rebus
274 1866 444 1920 penitus
481 1867 714 1920 perspectis
751 1867 960 1921 planeque
999 1867 1184 1922 cognitis
1225 1870 1352 1920 atque
1393 1867 1446 1908 ab

112 1924 324 1979 opinionis
362 1924 540 1965 arbitrio
579 1925 780 1966 seiunctis
819 1925 1080 1979 scientiaque
1118 1925 1448 1979 comprehensis,

109 1997 197 2023 non
232 1982 339 2023 mihi
374 1982 541 2024 videtur
578 1998 646 2024 ars
684 1983 865 2024 oratoris
904 1997 995 2024 esse
1033 1983 1131 2024 ulla.
1193 1982 1302 2024 Sunt
1334 1984 1448 2024 enim

110 2040 228 2082 varia
259 2043 302 2081 et
333 2041 385 2081 ad
410 2041 629 2095 vulgarem
655 2042 987 2096 popularemque
1015 2056 1186 2083 sensum
1212 2055 1448 2083 accommo-

111 2099 211 2140 data
255 2098 398 2140 omnia
443 2113 597 2154 genera
640 2100 767 2140 huius
804 2099 987 2141 forensis
1024 2103 1196 2141 nostrae
1234 2099 1445 2141 dictionis.

57 2173 90 2199 35
112 2155 189 2198 Sin
220 2160 363 2198 autem
395 2171 461 2212 ea,
492 2172 600 2211 quae
633 2158 857 2199 observata
889 2161 989 2199 sunt
1024 2158 1070 2198 in
1100 2173 1180 2199 usu
1212 2173 1261 2199 ac
1292 2160 1514 2198 tracta-109

15 2220 19 2223 '
111 2215 227 2256 tione
266 2215 450 2270 dicendi,
487 2215 592 2257 haec
632 2216 685 2257 ab
722 2216 969 2257 hominibus
1008 2216 1172 2257 callidis
1210 2231 1258 2257 ac
1295 2215 1445 2269 peritis

111 2273 404 2314 animadversa
441 2288 488 2315 ac
524 2276 692 2329 notata,
728 2274 870 2316 verbis
908 2274 1099 2329 definita,
1137 2274 1363 2329 generibus
1399 2272 1447 2312 11-

1461 561 1517 603 23

1451 629 1516 661 105
