1643 2526
360 111 504 146 LIBER
528 111 572 147 ΙΙ.
622 111 722 146 CAP.
750 114 899 147 48—49.
938 115 958 154 ἓ
987 114 1181 147 195—200.
1362 111 1441 153 117

104 207 231 249 minis
264 207 500 249 consularis
533 206 778 249 calamitate
810 206 1023 248 crudelem
1054 221 1179 261 posse
1212 206 1446 248 defendere.

105 266 242 307 Erant
272 265 424 320 optimi
456 266 568 307 cives
599 265 776 320 iudices,
807 266 1020 306 bonorum
1052 265 1240 306 virorum
1271 265 1445 319 plenum

104 324 257 378 forum,
288 324 358 365 vix
390 327 438 365 ut
470 324 577 365 mihi
609 323 748 365 tenuis
781 324 989 377 quaedam
1020 323 1143 365 venia
1175 324 1348 365 daretur
1380 338 1447 364 ex-

105 382 358 437 cusationis,
402 383 515 436 quod
558 385 703 423 tamen
746 397 843 423 eum
886 382 1173 437 defenderem,
1222 381 1295 437 qui
1339 381 1446 423 mihi

69 459 84 484 5
106 441 263 482 sodalis
304 441 467 482 fuisset.
529 441 611 482 Hic
651 455 729 496 ego
772 440 873 494 quid
913 440 1053 482 dicam
1093 456 1159 482 me
1201 443 1336 482 artem
1375 440 1448 481 ali-

104 514 232 553 quam
260 499 534 540 adhibuisse?
568 499 679 548 Quid
704 498 878 540 fecerim
902 499 1096 540 narrabo.
1149 498 1193 540 Si
1224 499 1448 553 placuerit,

102 573 179 599 vos
211 572 350 599 meam
381 557 670 599 defensionem
700 557 746 598 in
777 557 919 611 aliquo
953 557 1057 598 artis
1089 557 1184 599 loco
1216 557 1446 611 reponetis.

104 615 305 658 Omnium
330 616 588 657 seditionum
615 630 770 671 genera
795 616 901 657 vitia
928 616 1117 670 pericula
1149 615 1305 670 collegi
1337 625 1516 656 eam-199

105 689 185 728 que
212 674 450 716 orationem
475 689 526 715 ex
552 674 667 715 omni
693 674 754 715 rei
778 675 975 729 publicae
1000 677 1174 715 nostrae
1205 677 1447 728 temporum

52 750 86 776 10
105 733 311 774 varietate
361 733 540 787 repetivi
584 732 856 787 conclusique
906 733 970 773 ita
1018 737 1066 773 ut
1115 733 1318 786 dicerem,
1367 732 1448 774 etsi

107 806 253 833 omnes
303 791 509 832 molestae
559 806 724 845 semper
774 791 1005 832 seditiones
1054 791 1255 845 fuissent,
1309 790 1447 832 iustas

103 853 249 891 tamen
286 850 417 891 fuisse
455 864 543 890 non
579 849 720 890 nullas
759 852 801 890 et
838 864 971 903 prope
1002 849 1276 890 necessarias.
1338 849 1447 890 Tum

102 908 196 962 illa,
233 922 340 962 quae
379 908 505 949 modo
545 906 724 948 Crassus
763 908 1145 962 commemorabat,
1182 907 1267 962 egi:
1309 922 1447 961 neque

107 981 229 1021 reges
273 981 324 1007 ex
366 966 446 1007 hac
497 965 669 1007 civitate
714 965 827 1021 exigi
875 980 1012 1019 neque
1062 966 1260 1007 tribunos
1308 965 1446 1020 plebis

52 1042 84 1067 15
105 1025 238 1066 creari
257 1039 393 1078 neque
413 1024 550 1078 plebis
572 1024 691 1065 scitis
718 1025 878 1065 totiens
899 1024 1167 1065 consularem
1186 1026 1448 1078 potestatem

103 1083 237 1124 minui
273 1097 410 1136 neque
447 1082 796 1136 provocationem
835 1085 1062 1136 patronam
1102 1082 1221 1123 illam
1259 1082 1446 1123 civitatis

103 1156 151 1182 ac
182 1141 394 1182 vindicem
423 1141 637 1182 libertatis
668 1141 827 1196 populo
853 1140 1049 1182 Romano
1083 1140 1174 1181 dari
1206 1140 1295 1181 sine
1326 1140 1447 1181 nobi·
1487 1157 1494 1160 ·

102 1200 208 1240 lium
239 1199 502 1240 dissensione
533 1199 744 1254 potuisse,
776 1214 824 1241 ac
856 1199 892 1240 si
922 1199 1021 1240 illae
1055 1199 1285 1240 seditiones
1317 1198 1448 1240 saluti

102 1258 203 1299 huic
247 1258 412 1300 civitati
454 1258 656 1312 fuissent,
698 1272 787 1299 non
825 1257 1047 1312 continuo,
1091 1257 1127 1298 si
1165 1257 1260 1311 quis
1304 1260 1447 1298 motus

51 1333 84 1358 20
103 1316 251 1370 populi
282 1316 420 1357 factus
454 1319 579 1370 esset,
608 1316 652 1357 id
684 1314 729 1356 C.
762 1315 969 1357 Norbano
999 1316 1045 1356 in
1075 1316 1239 1357 nefario
1272 1315 1448 1357 crimine

106 1378 233 1428 atque
276 1374 322 1414 in
364 1374 511 1415 fraude
562 1374 736 1428 capitali
781 1389 871 1415 esse
915 1375 1170 1428 ponendum.
1245 1373 1367 1422 Quod
1411 1373 1448 1414 si

105 1447 309 1486 umquam
352 1432 511 1486 populo
554 1432 750 1473 Romano
795 1446 1041 1473 concessum
1089 1435 1220 1486 esset,
1264 1435 1314 1473 ut
1355 1432 1447 1472 iure

103 1491 308 1532 incitatus
340 1491 573 1545 videretur,
614 1490 658 1531 id
691 1491 803 1544 quod
835 1491 1040 1531 docebam
1072 1505 1196 1544 saepe
1228 1504 1320 1531 esse
1353 1504 1449 1531 con-

105 1563 284 1603 cessum,
313 1549 476 1590 nullam
507 1549 583 1590 illa
614 1563 741 1590 causa
771 1548 997 1590 iustiorem
1028 1549 1172 1589 fuisse.
1221 1548 1330 1589 Tum
1364 1562 1449 1588 om-

52 1623 86 1650 25
104 1622 202 1648 nem
247 1607 483 1649 orationem
526 1607 696 1648 traduxi
740 1610 782 1648 et
827 1607 1017 1648 converti
1059 1607 1105 1647 in
1148 1606 1449 1660 increpandam

106 1665 332 1720 Caepionis
364 1665 523 1721 fugam,
556 1666 602 1706 in
633 1665 940 1719 deplorandum
970 1665 1194 1706 interitum
1225 1665 1448 1706 exercitus.

107 1722 176 1765 Sic
214 1727 256 1765 et
292 1738 440 1765 eorum
481 1724 689 1778 dolorem,
733 1724 805 1777 qui
846 1724 1054 1779 lugebant
1092 1738 1210 1778 suos,
1254 1723 1448 1764 oratione

106 1782 361 1823 refricabam
387 1785 431 1823 et
457 1782 620 1823 animos
648 1782 840 1835 equitum
866 1783 1170 1835 Romanorum,
1202 1782 1314 1835 apud
1340 1795 1446 1835 quos

105 1844 196 1881 ‘tum
234 1840 394 1881 iudices
434 1855 561 1881 causa
599 1841 825 1895 agebatur,
866 1841 918 1881 ad
950 1839 996 1888 Q.
1030 1840 1256 1894 Caepionis
1291 1839 1447 1893 odium,

53 1914 88 1940 30
107 1913 132 1939 a
159 1912 241 1953 quo
269 1901 390 1939 erant
414 1898 497 1952 ipsi
522 1902 697 1953 propter
727 1899 884 1939 iudicia
916 1898 1158 1952 abalienati,
1187 1898 1447 1938 renovabam

106 1958 252 2010 [atque
284 1957 566 2008 revocabam]
628 1956 750 2005 Quod
787 1957 861 1998 ubi
897 1956 1009 1997 sensi
1040 1970 1107 1997 me
1140 1957 1184 1996 in
1214 1955 1447 2010 possessio·
1460 1932 1518 1973 49

103 2029 202 2055 nem
238 2014 385 2056 iudicii
423 2029 471 2056 ac
509 2015 766 2056 defensionis
805 2029 922 2055 meae
961 2014 1224 2068 constitisse,
1262 2015 1374 2068 quod
1405 2001 1518 2055 et2⁰⁰

104 2073 253 2127 populi
279 2073 610 2114 benivolentiam
636 2073 741 2114 mihi
768 2073 1052 2127 conciliaram,
1079 2072 1198 2113 cuius
1223 2072 1290 2113 ius
1317 2072 1448 2113 etiam

106 2145 202 2172 cum
241 2131 462 2172 seditionis
501 2131 799 2173 coniimctione
844 2130 1131 2185 defenderam,
1174 2133 1217 2171 et
1259 2131 1448 2172 iudicum

54 2204 87 2238 35
109 2189 272 2230 animos
305 2192 422 2230 totos
454 2189 522 2230 vel
559 2189 802 2231 calamitate
835 2189 1021 2230 civitatis
1053 2189 1119 2230 vel
1150 2189 1270 2230 luctu
1302 2203 1350 2229 ac
1382 2189 1449 2228 de-

108 2247 261 2288 siderio
292 2247 628 2301 propinquorum
659 2248 726 2289 vel
765 2247 861 2289 odio
902 2247 1075 2301 proprio
1113 2247 1158 2288 in
1190 2245 1448 2299 Caepionem

107 2305 160 2346 ad
190 2320 362 2347 causam
392 2308 586 2346 nostram
618 2309 922 2360 converteram,
958 2308 1051 2346 tum
1083 2305 1315 2346 admiscere
1346 2302 1447 2344 huic
