1643 2526
40 735 73 758 10

40 1318 73 1343 20

39 1609 72 1634 25

0 1900 73 1925 ‘30

39 2191 74 2216 35

531 95 631 131 CAP.
658 98 761 132 3—5.
805 99 823 139 ξ
851 99 976 132 9—17.
1346 99 1430 139 317

93 189 206 231 enim
237 190 411 231 ubertas
444 193 486 231 et
519 190 640 244 quasi
673 190 780 232 silva
812 191 977 233 dicendi
1004 192 1132 234 ducta
1164 193 1216 234 ab
1248 193 1334 234 illis
1368 197 1432 235 est

92 263 169 289 nec
208 248 314 289 satis
350 251 495 290 tamen
532 249 744 290 instructa
784 250 837 291 ad
876 250 1066 292 forenses
1106 266 1275 306 causas,
1315 267 1432 306 quaS,

92 309 141 347 ut
173 306 235 347 illi
272 307 356 361 ipsi
394 307 531 348 dicere
571 308 784 363 solebant,
824 309 1133 363 agrestioribus
1165 309 1300 351 Musis
1339 311 1434 352 reli-

94 368 287 419 querunt.
340 364 409 407 Sic
442 366 684 420 eloquentia
714 367 819 408 haec
850 367 1033 409 forensis
1066 371 1210 422 spreta
1242 384 1266 410 a
1297 369 1433 424 philo-
1461 380 1502 412 13

94 423 240 477 sophis
285 427 328 465 et
371 425 593 478 repudiata
637 424 785 466 multis
830 426 1001 479 quidem
1051 427 1126 468 illa
1175 427 1431 469 adiumentis

93 482 344 537 magnisque
378 483 526 538 caruit,
558 484 631 524 sed
661 486 806 524 tamen
832 487 983 526 ornata
1008 485 1148 526 verbis
1182 489 1309 539 atque
1342 501 1433 527 sen-

93 541 239 581 tentiis
283 541 561 582 iactationem
602 541 754 583 habuit
792 542 838 583 in
878 543 1038 597 populo
1079 558 1157 585 nec
1196 559 1431 599 paucorum

91 599 296 640 iudicium
337 600 791 654 reprehensionemque
831 601 1070 655 pertimuit:
1111 602 1174 643 ita
1211 606 1253 644 et
1294 604 1430 645 doctis

93 658 337 711 eloquentia
357 659 575 713 popularis
596 662 638 699 et
666 659 836 700 disertis
864 660 1035 715 elegans
1063 661 1257 702 doctrina
1284 662 1430 702 defuit.
1451 684 1479 726 4

209 715 405 757 Positum
447 717 503 758 sit
542 717 677 772 igitur
715 718 762 758 in
797 718 966 773 primis,
1007 719 1119 773 quod
1155 722 1255 774 post
1293 720 1431 775 magis

93 774 386 830 intellegetur,
423 775 513 816 sine
550 776 824 830 philosophia
860 791 948 817 non
984 792 1110 831 posse
1152 778 1264 819 effici
1306 793 1431 832 quem

93 834 335 887 quaerimus
363 834 644 889 eloquentem,
663 849 750 875 non
774 838 823 876 ut
848 835 894 875 in
920 850 968 876 ea
993 839 1139 877 tamen
1165 837 1309 877 omnia
1335 837 1432 891 sint,

93 892 165 932 sed
191 895 239 932 ut
266 892 326 933 sic
353 892 524 933 adiuvet
550 896 597 933 ut
623 893 839 947 palaestra
863 893 1136 949 histrionem3
1161 910 1293 949 parva
1320 896 1432 936 enim

92 950 259 1005 magnis
293 965 417 1004 saepe
449 951 685 992 rectissime
718 952 1004 993 conferuntur.
1048 952 1162 994 Nam
1192 968 1270 994 nec
1301 953 1431 994 latius

1461 755 1502 784 14

58 1026 72 1050 5
93 1012 220 1062 atque
254 1009 467 1063 copiosius
501 1010 549 1050 de
582 1009 749 1064 magnis
782 1010 994 1064 variisque
1027 1011 1153 1052 rebus
1181 1011 1270 1052 sine
1296 1011 1432 1065 philo-

93 1067 245 1121 sophia
275 1070 418 1121 potest
445 1067 670 1122 quisquam
702 1068 857 1123 dicere3
890 1093 944 1097 —
972 1069 1007 1109 si
1035 1069 1205 1122 quidem
1232 1070 1361 1111 etiam
1387 1071 1432 1111 in
1460 1080 1501 1110 15

91 1125 284 1166 Phaedro
305 1125 498 1167 Platonis
524 1126 605 1168 hoc
626 1126 819 1167 Periclen
842 1127 1111 1181 praestitisse
1139 1128 1290 1169 ceteris
1318 1129 1432 1170 dicat

93 1184 336 1225 oratoribus
364 1183 574 1239 Socrates,
600 1185 713 1238 quod
738 1185 774 1226 is
801 1185 1084 1241 Anaxagorae
1109 1186 1277 1241 physici
1302 1187 1432 1228 fuerit

93 1242 278 1297 auditor3
305 1257 328 1283 a
355 1257 438 1296 quo
465 1246 608 1284 censet
628 1258 736 1298 eum,
763 1258 859 1285 cum
880 1244 963 1285 alia
981 1245 1200 1298 praeclara
1225 1246 1432 1299 quaedam

94 1304 135 1341 et
176 1301 404 1356 magnifica
445 1301 680 1356 didicisset,
722 1302 897 1343 uberem
941 1306 983 1343 et
1026 1303 1255 1344 fecundum
1298 1303 1431 1345 fuisse

93 1373 374 1414 gnarumque,
412 1360 524 1413 quod
562 1363 627 1401 est
670 1360 937 1414 eloquentiae
981 1361 1233 1415 maximum,
1275 1363 1430 1415 quibus

93 1417 299 1458 orationis
331 1418 468 1458 modis
502 1432 691 1471 quaeque
719 1418 958 1459 animorum
983 1423 1127 1473 partes
1153 1420 1430 1475 pellerentur3

92 1476 206 1529 quod
235 1476 348 1517 idem
380 1476 430 1516 de
462 1475 751 1517 Demosthene
784 1477 1019 1518 existimari
1045 1481 1201 1532 potest,
1233 1478 1353 1519 cuius
1380 1493 1431 1519 ex

92 1534 287 1588 epistulis
319 1534 512 1589 intellegi
544 1534 645 1575 licet
684 1549 811 1588 quam
842 1535 1040 1589 frequens
1073 1536 1204 1577 fuerit
1235 1535 1429 1578 Platonis

93 1592 280 1647 auditor3
326 1616 372 1621 —
416 1607 493 1634 nec
534 1608 633 1634 vero
676 1593 766 1634 sine
806 1593 1163 1648 philosophorum
1204 1594 1430 1649 disciplina
1458 1605 1499 1635 16

93 1665 226 1705 genus
259 1653 301 1692 et
335 1651 518 1705 speciem
551 1651 753 1705 cuiusque
785 1652 847 1692 rei
874 1667 1043 1693 cernere
1068 1667 1205 1706 neque
1238 1667 1332 1694 eam
1364 1653 1431 1694 de-

91 1709 277 1750 finiendo
322 1709 531 1764 explicare
573 1724 651 1751 nec
694 1710 881 1751 tribuere
926 1711 971 1751 in
1015 1714 1158 1764 partes
1201 1725 1430 1766 possumus

91 1782 169 1809 nec
199 1767 386 1809 iudicare
419 1782 525 1821 quae
558 1782 657 1809 vera
689 1783 795 1822 quae
833 1768 943 1810 salsa
975 1769 1061 1810 sint
1092 1784 1229 1823 neque
1262 1785 1430 1811 cernere

95 1826 411 1880 consequentia,
435 1826 721 1881 repugnantia
747 1826 901 1881 videre,
927 1827 1130 1882 ambigua
1156 1828 1430 1883 distinguere.

93 1883 203 1932 Quid
234 1884 372 1925 dicam
403 1884 452 1924 de
483 1887 637 1925 natura
668 1899 823 1940 rerum,
854 1885 974 1926 cuius
1007 1886 1197 1940 cognitio
1230 1901 1431 1941 magnam

93 1941 299 1983 orationis
332 1942 577 1996 suppeditat
608 1943 803 1997 copiam?
835 1943 864 1997 ’ξ-
891 1944 940 1984 (10
973 1943 1074 1997 vita,
1106 1945 1155 1985 de
1183 1944 1349 1997 officiis,
1381 1945 1430 1986 de

92 2001 264 2054 virtute,
295 2000 344 2041 de
376 2000 566 2042 moribus
600 2001 689 2042 sine
721 2001 858 2042 multa
889 2016 1035 2043 earum
1065 2002 1257 2057 ipsarum
1288 2017 1430 2044 rerum

93 2058 318 2112 disciplina
355 2060 429 2099 aut
466 2059 548 2100 dici
586 2063 661 2100 aut
696 2059 890 2115 intellegi
927 2060 1083 2114 posse?
1138 2060 1207 2102 Ad
1246 2061 1324 2102 has
1363 2064 1431 2102 tot

92 2120 320 2170 tantasque
339 2131 406 2157 res
428 2116 665 2158 adhibenda
685 2121 785 2158 sunt
805 2121 1056 2159 ornamenta
1080 2119 1430 2168 innumerabilia;

94 2189 200 2228 quae
233 2175 325 2216 sola
355 2177 448 2215 tum
480 2175 649 2228 quidem
679 2176 958 2217 tradebantur
991 2177 1043 2217 ab
1075 2177 1128 2217 iis
1162 2177 1234 2230 qui
1266 2177 1431 2218 dicendi

91 2233 430 2274 numerabantur
472 2233 686 2287 magistri3
732 2248 815 2287 quo
859 2234 910 2275 fit
953 2237 1002 2275 ut
1045 2249 1189 2276 veram
1232 2235 1350 2276 illam
1389 2237 1432 2275 et

93 2291 335 2333 absolutam
367 2291 655 2345 eloquentiam
692 2306 818 2333 nemo
857 2296 1144 2347 consequatur
1199 2293 1312 2347 quod
1349 2292 1431 2333 alia

1451 2026 1477 2124 ι-ιΟἹ

1149 2326 1160 2348 7
