1643 2526
543 531 592 567 M.
620 530 759 566 TULLI
785 529 1036 566 CICERONIS

637 625 941 680 TOPIOA.

237 800 422 843 Maiores
453 816 532 843 nos
564 816 630 842 res
664 802 847 843 scribere
873 801 1104 856 ingreSSOS,
1136 801 1180 844 C.
1201 802 1388 857 Trebati,
1420 806 1462 844 et
1491 782 1512 823 Ῑ

119 860 187 900 his
219 859 360 915 libris,
398 874 504 914 quos
536 860 655 901 brevi
687 863 878 914 tempore
911 860 1015 901 satis
1047 860 1206 902 multos
1241 861 1462 916 edidimus,
1491 851 1507 881 ¹

122 918 336 972 digniores
370 933 390 959 e
424 933 551 960 cursu
587 919 682 973 ipso
720 918 936 960 revocavit
974 919 1173 960 voluntas
1205 922 1291 960 tua.
1354 919 1463 962 Cum

121 976 234 1017 enim
265 991 431 1018 mecum
462 976 778 1026 inTusculano
811 992 924 1018 esses
958 980 1000 1018 et
1030 977 1076 1017 in
1107 977 1370 1019 bibliotheca
1402 993 1463 1019 se-

86 1051 101 1076 5
121 1035 305 1090 paratim
344 1038 523 1088 uterque
563 1038 760 1076 nostrum
801 1036 853 1076 ad
894 1050 1018 1076 suum
1062 1036 1252 1077 studium
1291 1037 1461 1078 libellos

122 1107 228 1147 quos
265 1093 393 1134 vellet
431 1094 662 1148 evolveret,
704 1093 894 1134 incidisti
933 1093 978 1134 in
1017 1093 1264 1135 Aristotelis
1302 1095 1462 1150 Topica

122 1151 347 1205 quaedam,
385 1166 492 1205 quae
531 1155 631 1193 sunt
668 1152 721 1192 ab
753 1152 827 1193 illo
859 1152 1052 1206 pluribus
1086 1152 1206 1193 libris
1239 1153 1460 1207 explicata.

122 1209 214 1258 Qua
249 1209 529 1264 inscriptione
568 1213 807 1251 commotus
845 1210 1048 1252 continuo
1087 1226 1111 1251 a
1149 1226 1215 1252 me
1253 1212 1461 1253 librorum
1511 1216 1518 1218 ”

122 1282 268 1309 eorum
312 1269 569 1309 sententiam
617 1269 852 1323 requisisti3
902 1283 1029 1322 quam
1073 1283 1170 1310 cum
1213 1269 1293 1311 tibi
1337 1285 1461 1325 expo-
1487 1282 1507 1312 2

70 1342 102 1368 ιο
123 1326 316 1381 suissem,
347 1326 615 1381 disciplinam
641 1327 992 1368 inveniendorum
1018 1331 1382 1383 argumentorum,
1414 1332 1462 1370 ut

122 1384 211 1425 sine
243 1385 331 1425 ullo
365 1399 505 1426 errore
533 1385 585 1425 ad
611 1400 660 1426 ea
686 1385 851 1426 ratione
878 1388 920 1426 et
949 1385 1015 1426 via
1045 1386 1375 1442 perveniremus,
1407 1388 1460 1428 ab

121 1443 354 1484 Aristotele
382 1443 601 1484 inventam
631 1443 716 1484 illis
748 1444 869 1484 libris
899 1443 1121 1498 contineri,
1152 1446 1385 1486 verecunde
1413 1449 1461 1486 tu

121 1501 292 1555 quidem
329 1504 377 1542 ut
415 1501 575 1555 omnia,
619 1502 692 1542 sed
732 1505 877 1543 tamen
917 1502 1040 1543 facile
1078 1506 1126 1543 ut
1165 1517 1379 1545 cernerem
1418 1507 1460 1544 te

122 1560 267 1600 ardere
294 1560 448 1613 studio,
472 1574 640 1601 mecum
658 1563 707 1601 ut
726 1560 806 1601 tibi
831 1560 907 1600 illa
932 1561 1144 1601 traderem
1171 1562 1310 1616 egisti.
1353 1560 1460 1604 Cum

69 1633 102 1658 15
122 1621 265 1659 autem
291 1632 370 1673 ego
396 1621 438 1659 te
464 1632 551 1659 non
576 1621 666 1659 tani
690 1618 853 1659 vitandi
884 1618 1043 1660 laboris
1069 1619 1152 1660 mei
1179 1635 1306 1661 causa
1333 1635 1460 1674 quam

122 1676 221 1730 quia
250 1679 326 1717 tua
351 1676 394 1717 id
423 1676 630 1717 interesse
662 1677 906 1731 arbitrarer,
936 1677 1002 1718 vel
1027 1680 1075 1718 ut
1102 1692 1174 1718 eos
1201 1692 1276 1732 per
1301 1682 1343 1719 te
1369 1679 1460 1733 ipse

120 1735 283 1789 legeres
322 1735 389 1775 vel
425 1737 474 1775 ut
511 1737 648 1776 totam
685 1735 895 1776 rationem
933 1751 957 1776 a
989 1735 1237 1777 doctissimo
1276 1737 1461 1790 quodam

120 1792 291 1833 rhetore
324 1792 549 1847 acciperes,
578 1793 776 1834 hortatus
809 1808 958 1848 essem,
988 1797 1230 1848 utrumque,
1260 1798 1308 1835 ut
1341 1810 1391 1836 ex
1417 1799 1459 1836 te

122 1849 363 1902 audiebam,
407 1864 450 1891 es
495 1854 704 1905 expertus.
779 1850 862 1892 Sed
903 1867 926 1892 a
966 1852 1088 1892 libris
1132 1855 1174 1893 te
1220 1853 1458 1894 obscuritas
1485 1865 1506 1894 3

71 1908 286 1962 flore-ieci&
335 1908 481 1949 rhetor
523 1907 666 1950 autem
704 1909 776 1950 ille
817 1924 999 1964 magnus
1039 1910 1161 1965 haec,
1204 1914 1252 1951 ut
1294 1912 1458 1966 opinor,

122 1965 375 2007 Aristotelia
412 1981 455 2007 se
495 1967 692 2021 ignorare
729 1968 960 2022 respondit.
1023 1967 1145 2016 Quod
1184 1969 1353 2023 quidem
1385 1971 1460 2011 mi-

121 2024 234 2065 nime
272 2039 366 2065 sum
404 2024 656 2079 admiratus,
697 2040 793 2067 eum
829 2026 1135 2081 philosophum
1172 2028 1335 2069 rhetori
1372 2043 1460 2069 non

122 2096 213 2123 esse
252 2082 490 2137 cognitum,
533 2083 605 2136 qui
643 2084 696 2124 ab
733 2084 838 2139 ipsis
878 2084 1146 2139 philosophis
1184 2089 1354 2140 praeter
1392 2087 1460 2127 ad-

121 2140 295 2181 modum
326 2154 484 2194 paucos
515 2141 754 2197 ignoretur3
798 2142 952 2196 quibus
985 2157 1033 2184 eo
1066 2144 1206 2185 minus
1238 2144 1460 2199 ignoscen-

69 2214 102 2238 25
122 2198 223 2239 dum
249 2201 325 2252 est,
357 2198 469 2252 quod
492 2213 580 2240 non
604 2200 730 2241 modo
757 2201 883 2242 rebus
909 2201 975 2255 iis,
1007 2216 1113 2255 quae
1140 2202 1192 2242 ab
1218 2202 1292 2243 illo
1320 2203 1458 2243 dictae

122 2259 164 2296 et
195 2256 391 2297 inventae
424 2259 534 2311 sunt,
569 2258 692 2299 adlici
719 2258 966 2314 debuerunt,
999 2260 1071 2300 sed
1097 2260 1262 2301 dicendi
1290 2274 1457 2314 quoque
