1643 2526
83 736 115 760 10

84 1028 116 1052 15

82 1320 116 1345 20

81 1612 115 1637 25

82 1908 117 1933 30

80 2196 114 2222 35

427 105 569 138 LIBER
594 105 656 140 ΠΙ.
707 103 805 139 ΟΑΡ.
834 107 936 139 5-6.
987 107 1005 145 ἓ
1034 107 1182 139 15-2-2.
1388 104 1470 145 167

133 199 274 254 inquit
293 200 441 255 Iulius,
466 200 632 241 imusne
660 199 852 241 sessum?
884 199 967 240 etsi
993 199 1259 240 admonitum
1279 199 1472 241 venimus

135 261 195 312 te,
231 273 316 299 non
353 258 607 314 flagitatum.
669 258 778 299 Tum
815 256 1012 299 Crassus:
1054 259 1123 299 An
1160 272 1227 299 me
1267 260 1357 299 tam
1397 258 1473 299 im-

134 316 363 370 pudentem
405 332 495 358 esse
537 317 812 371 existimatis,
852 319 900 357 ut
939 316 1061 357 vobis
1102 316 1182 358 hoc
1220 316 1472 370 praesertim

135 389 288 416 munus
326 378 474 429 putem
512 375 671 416 diutius
708 389 833 430 posse
872 374 1053 415 debere?
1109 374 1292 423 Quinam
1328 375 1474 430 igitur,

135 432 275 486 inquit
315 433 406 488 ille,
446 434 595 475 locus?
645 434 714 475 An
754 433 799 473 in
839 433 978 474 media
1020 433 1127 474 silva
1167 433 1337 487 placet?
1392 433 1473 474 Est

135 491 248 532 enim
278 491 315 532 is
348 492 530 533 maxime
563 495 605 533 et
638 506 795 546 opacus
834 494 876 532 et
912 491 1106 546 frigidus.
1169 490 1297 546 Sane,
1333 491 1474 545 inquit

135 548 333 604 Crassus,
365 554 407 591 et
440 551 551 591 enim
578 554 643 591 est
669 551 714 590 in
738 564 787 591 eo
813 550 908 591 loco
935 551 1055 591 sedes
1086 550 1186 591 huic
1211 553 1360 591 nostro
1386 564 1473 591 non

132 607 379 661 importuna
411 609 605 650 sermoni.
669 608 776 650 Cum
807 608 1039 662 placuisset
1069 608 1183 649 idem
1221 608 1392 662 ceteris,
1428 608 1474 649 in

135 666 286 706 silvam
306 666 475 707 venitur
494 669 536 708 et
561 667 623 708 ibi
649 681 806 722 magna
832 681 928 708 cum
954 667 1151 708 audiendi
1178 667 1472 721 expectatione

135 724 382 765 considitur.

251 782 360 823 Tum
375 781 571 824 Crassus:
592 781 700 824 Cum
720 783 952 824 auctoiitas
973 786 1100 837 atque
1122 783 1312 824 amicitia
1331 786 1474 824 vestra

133 844 226 882 tum
259 840 439 882 Antonii
470 841 655 882 facilitas
688 842 863 895 eripuit
894 842 1053 896 inquit,
1084 842 1188 882 mihi
1220 842 1266 882 in
1297 844 1474 906 optuma

134 914 229 940 mea
261 914 389 941 causa
419 899 663 940 libertatem
694 900 927 941 recusandi
990 899 1256 965 Quamquam
1293 900 1339 940 in
1378 915 1473 954 par-

136 958 280 998 tienda
312 958 601 1012 disputatione
632 962 799 1013 nostra,
837 973 932 999 cum
966 958 1048 999 sibi
1081 958 1130 999 de
1162 958 1215 999 iis
1249 972 1356 1012 quae
1389 958 1472 1000 dici

137 1016 189 1056 ab
223 1019 391 1057 oratore
424 1020 641 1070 oporteret
674 1020 871 1071 sumeret,
902 1016 1008 1057 mihi
1040 1019 1183 1058 autem
1214 1016 1474 1070 relinqueret

135 1077 183 1115 ut
215 1074 470 1128 explicarem
504 1089 629 1128 quem
662 1075 714 1115 ad
746 1075 916 1115 modum
950 1075 1025 1115 illa
1063 1075 1205 1115 ornari
1244 1077 1474 1130 oporteret,

134 1147 184 1173 ea
215 1132 360 1173 divisit
392 1147 498 1186 quae
532 1133 723 1174 seiuncta
755 1148 846 1174 esse
877 1147 964 1174 non
994 1136 1187 1187 possunt
1236 1132 1350 1173 Nam
1376 1148 1492 1174 cum-

135 1190 272 1231 omnis
306 1206 356 1231 ex
387 1205 431 1232 re
464 1194 590 1245 atque
622 1191 762 1232 verbis
795 1194 961 1233 constet
994 1192 1145 1245 oratio,
1175 1206 1310 1245 neque
1343 1192 1473 1232 verba

136 1249 277 1290 sedem
307 1249 464 1290 habere
495 1252 695 1303 possunt,
734 1249 769 1290 si
801 1265 890 1290 rem
923 1249 1205 1303 subtraxeris,
1235 1264 1372 1303 neque
1404 1264 1471 1290 res

134 1308 296 1361 lumen,
328 1307 364 1347 si
395 1308 525 1348 verba
557 1308 797 1348 semoveris.
860 1308 924 1349 Ac
961 1308 1066 1348 mihi
1105 1308 1276 1361 quidem
1307 1311 1470 1349 veteres

133 1365 197 1405 illi
229 1365 365 1406 maius
399 1366 599 1419 quiddam
631 1366 772 1406 animo
805 1366 1015 1420 complexi
1045 1366 1141 1420 plus
1173 1366 1309 1407 multo
1342 1366 1472 1407 etiam

133 1423 290 1464 vidisse
310 1423 519 1478 videntur,
546 1438 672 1477 quam
699 1427 905 1477 quantum
929 1427 1176 1464 nostrorum
1202 1424 1472 1478 ingeniorum

136 1482 247 1523 acies
279 1482 436 1522 intueri
474 1484 636 1536 potest,
674 1482 746 1536 qui
785 1482 927 1522 omnia
964 1482 1087 1537 haec,
1125 1496 1231 1536 quae
1270 1497 1398 1536 supra
1430 1485 1472 1523 et

135 1540 300 1594 subter,
331 1555 463 1580 unum
496 1555 587 1581 esse
619 1543 661 1581 et
694 1555 776 1581 una
808 1540 848 1581 vi
880 1543 1006 1594 atque
1041 1542 1159 1592 [una]
1194 1540 1471 1581 consensione

134 1601 313 1639 naturae
357 1598 591 1640 constricta
635 1613 724 1639 esse
765 1599 972 1639 dixerunt.
1033 1598 1212 1639 Nullum
1253 1602 1318 1639 est
1359 1598 1472 1640 enim

136 1671 268 1712 genus
294 1671 448 1711 rerum,
473 1657 586 1710 quod
612 1660 686 1698 aut
712 1657 905 1698 avulsum
932 1672 956 1697 a
982 1657 1133 1698 ceteris
1159 1671 1234 1711 per
1260 1672 1303 1698 se
1329 1657 1472 1711 ipsum

135 1718 329 1756 constare
368 1718 442 1756 aut
479 1729 561 1768 quo
600 1718 740 1756 cetera
778 1715 813 1756 si
851 1718 1022 1756 careant
1059 1716 1146 1756 vim
1184 1730 1305 1756 suam
1343 1718 1470 1768 atque

136 1773 433 1814 aeternitatem
471 1788 720 1815 conservare
757 1774 936 1828 possint.
1000 1772 1082 1814 Sed
1119 1773 1154 1814 si
1192 1773 1296 1815 haec
1334 1774 1471 1814 maior

135 1845 227 1872 esse
259 1832 368 1872 ratio
394 1831 572 1886 videtur,
604 1846 732 1885 quam
758 1835 805 1873 ut
828 1832 1053 1872 hominum
1077 1832 1216 1886 possit
1242 1846 1369 1872 sensu
1396 1835 1470 1872 aut

137 1889 398 1944 cogitatione
431 1890 750 1945 comprehendi,
781 1893 846 1931 est
878 1890 1005 1931 etiam
1039 1890 1112 1930 illa
1143 1890 1339 1931 Platonis
1371 1905 1471 1930 vera

138 1951 180 1988 et
212 1947 304 2001 tibi,
330 1946 492 2001 Catule,
518 1951 630 1989 certe
662 1963 748 1989 non
777 1948 971 1989 inaudita
996 1962 1090 2001 vox,
1123 1962 1292 1989 omnem
1318 1948 1472 1989 doctri-

133 2020 233 2046 nam
274 2005 425 2046 harum
464 2006 747 2061 ingenuarum
788 2010 830 2047 et
868 2007 1152 2047 humanarum
1190 2006 1346 2047 artium
1384 2020 1469 2047 uno

134 2064 317 2117 quoda-m
356 2064 572 2105 societatis
610 2065 779 2106 vinculo
819 2064 1037 2106 contineri.
1099 2063 1186 2105 Ubi
1227 2064 1340 2105 enim
1380 2079 1471 2118 per-

133 2125 279 2176 specta
310 2122 374 2162 vis
407 2125 472 2162 est
502 2123 680 2163 rationis
714 2123 821 2177 eius,
859 2137 942 2175 qua
980 2137 1130 2163 causae
1168 2137 1310 2163 rerum
1343 2126 1469 2176 atque

134 2180 272 2220 exitus
301 2184 628 2235 cognoscuntur,
653 2181 785 2221 mirus
813 2180 983 2235 quidam
1010 2181 1199 2222 omnium
1227 2181 1348 2234 quasi
1376 2195 1470 2221 con—

1502 268 1544 300 18

1501 793 1542 825 19

1498 1319 1543 1349 20

134 2253 281 2279 sensus
324 2238 613 2279 doctrinarum
654 2242 969 2292 concentusque
1013 2239 1234 2293 reperitur.
1311 2237 1393 2278 Sed
1434 2237 1469 2277 si
1495 2248 1539 2278 22

131 2296 213 2337 hoc
247 2310 414 2350 quoque
447 2297 614 2337 videtur
646 2311 737 2338 esse
771 2297 912 2351 altius,
945 2312 1072 2351 quam
1097 2300 1146 2338 ut
1177 2297 1221 2337 id
1245 2311 1323 2337 nos
1349 2295 1469 2335 humi
