1643 2526
70 743 103 768 10

68 1034 102 1058 15

69 1326 102 1350 20

71 1616 103 1640 25

72 1906 106 1930 30

75 2197 108 2221 35

375 102 521 137 LIBER
545 102 572 137 l.
623 101 721 137 CAP.
749 104 899 136 33—34.
950 104 969 143 ξ
997 103 1193 136 146—155.
1403 100 1459 141 35

120 198 352 252 superabit.
396 195 553 239 Omnes
574 196 700 252 enim,
726 196 813 238 sive
834 196 939 237 artis
960 198 1060 237 sunt
1085 195 1169 237 loci
1191 195 1278 237 sive
1297 194 1529 250 ingenii151

120 257 340 298 cuiusdam
371 271 420 298 ac
450 255 714 310 prudentiae,
745 254 818 309 qui
849 255 976 295 modo
1002 254 1150 295 insunt
1174 253 1220 294 in
1246 268 1296 295 ea
1319 268 1377 307 re,
1409 254 1459 294 de

120 329 204 369 qua
224 315 463 369 scribimus,
477 313 803 368 anquirentibus
822 312 947 354 nobis
968 312 1166 366 omnique
1188 312 1276 354 acie
1296 311 1460 367 ingenii

120 373 511 427 contemplantibus
545 372 774 413 ostendunt
805 386 850 413 se
882 374 924 412 et
951 374 1196 426 occurrunt3
1229 384 1459 424 omnesque

121 432 356 472 sententiae
381 431 595 486 verbaque
622 430 777 484 omnia,
802 444 909 484 quae
937 432 1037 470 sunt
1063 429 1265 482 cuiusque
1293 428 1460 483 generis

120 489 302 531 maxime
321 489 520 543 illustria,
546 489 624 530 sub
645 503 823 530 acumen
843 487 932 528 stili
954 488 1135 528 subeant
1161 490 1203 528 et
1231 487 1460 528 succedant

119 562 290 590 necesse
330 551 412 602 est3
449 551 541 588 tum
578 547 673 601 ipsa
713 546 938 588 collocatio
972 545 1342 599 conformatioque
1373 559 1462 586 ver-

120 607 273 647 borum
298 606 518 660 perficitur
543 606 589 646 in
615 605 852 658 scribendo,
876 619 963 645 non
986 604 1156 658 poetico
1184 604 1257 644 sed
1278 603 1462 656 quodam

122 665 309 706 oratorio
341 678 518 705 numero
551 667 594 705 et
625 663 765 704 modo.
826 662 943 704 Haec
977 665 1088 716 sunt,
1120 677 1226 715 quae
1254 662 1530 705 clamoresl52

124 727 167 764 et
205 723 508 764 admirationes
546 722 592 762 in
629 721 752 763 bonis
791 721 1034 762 oratoribus
1074 720 1284 775 efficiunt3
1324 734 1461 773 neque

121 796 170 823 ea
202 781 440 835 quisquam,
470 780 555 822 nisi
588 780 659 821 diu
691 780 959 833 multumque
993 778 1260 833 scriptitarit,
1292 778 1462 819 etiamsi

123 839 492 881 vehementissime
519 853 563 879 se
589 839 634 879 111
659 838 726 879 his
754 838 907 879 subitis
935 837 1194 878 dictionibus
1216 836 1463 890 exercuerit,

122 900 416 952 consequetur.
477 897 536 938 Et
569 896 641 950 qui
675 911 699 937 a
731 895 944 937 scribendi
976 895 1282 936 consuetudine
1315 895 1367 936 ad
1405 894 1463 935 di—

122 957 302 997 cendum
333 955 463 1010 venit,
493 955 602 996 hanc
629 955 752 995 affert
776 954 1040 1007 facultatem,
1070 956 1130 1007 ut,
1162 953 1291 994 etiam
1317 953 1461 994 subito

122 1015 158 1056 si
190 1014 320 1068 dicat,
351 1017 496 1055 tamen
525 1014 601 1054 illa
633 1027 739 1066 quae
778 1013 974 1053 dicantur
1007 1012 1164 1053 similia
1202 1011 1462 1065 scriptorum

122 1088 213 1114 esse
256 1072 498 1127 videantur3
543 1074 669 1124 atque
714 1071 863 1125 etiam,
907 1070 942 1111 si
987 1070 1155 1125 quando
1197 1069 1243 1110 in
1283 1069 1459 1111 dicendo

122 1131 329 1186 scriptum
350 1130 544 1172 attulerit
564 1129 738 1183 aliquid,
758 1144 855 1171 cum
875 1129 928 1169 ab
950 1142 999 1169 eo
1021 1127 1278 1181 discesserit,
1296 1127 1461 1182 reliqua
1494 1162 1501 1165 .

123 1189 273 1230 similis
306 1189 443 1230 oratio
476 1191 770 1242 consequetur.
820 1186 882 1228 Ut
913 1186 1128 1228 concitato
1159 1186 1332 1241 navigio
1365 1199 1531 1228 cum153

121 1248 304 1303 remiges
336 1247 628 1300 inhibuerunt,
659 1246 816 1287 retinet
848 1248 993 1286 tamen
1023 1245 1119 1299 ipsa
1142 1244 1264 1285 navis
1295 1246 1462 1285 motum

122 1310 165 1347 et
192 1321 363 1347 cursum
389 1320 514 1346 suum
537 1304 784 1345 intermisso
810 1304 975 1358 impetu
1000 1304 1210 1357 pulsuque
1235 1317 1464 1356 remorum,

124 1365 184 1405 sic
214 1364 261 1404 in
293 1363 486 1405 oratione
518 1366 725 1417 perpetua
757 1377 853 1403 cum
880 1361 1040 1415 scripta
1071 1361 1286 1415 deficiunt,
1316 1375 1463 1414 parem

123 1426 268 1463 tamen
312 1422 478 1463 obtinet
523 1421 661 1462 oratio
699 1420 866 1474 reliqua
904 1434 1076 1460 cursum
1116 1419 1373 1472 scriptorum
1412 1418 1463 1459 si-

124 1480 364 1521 militudine
398 1483 441 1521 et
472 1479 514 1520 vi
547 1478 774 1521 concitata.
835 1478 887 1518 In
920 1477 1145 1519 cotidianis
1178 1480 1321 1518 autem
1353 1490 1463 1517 com-

123 1538 461 1580 mentationibus
494 1537 688 1591 equidem
720 1536 825 1577 mihi
858 1535 1200 1576 adulescentulus
1225 1549 1463 1589 proponere

126 1597 317 1638 solebam
336 1596 456 1637 illam
476 1595 824 1637 exercitationem
844 1594 1040 1647 maxime,
1055 1608 1138 1647 qua
1153 1592 1197 1634 C.
1213 1593 1464 1647 Carbonem,

124 1658 320 1696 nostrum
351 1655 473 1695 illum
504 1654 738 1708 inimicum,
771 1653 946 1694 solitum
979 1667 1070 1693 esse
1095 1652 1160 1692 uti
1187 1651 1386 1706 sciebam,
1416 1654 1465 1691 ut

126 1716 199 1755 aut
239 1713 433 1754 versibus
474 1712 707 1767 propositis
751 1726 879 1765 quam
919 1711 1103 1751 maxime
1146 1709 1348 1764 gravibus
1391 1712 1465 1750 aut

126 1771 318 1813 oratione
361 1771 502 1825 aliqua
541 1771 652 1811 lecta
694 1770 745 1811 ad
777 1784 874 1810 eum
914 1770 1061 1822 finem,
1094 1783 1219 1823 quem
1258 1767 1466 1808 memoria

124 1844 295 1884 possem
316 1829 683 1883 comprehendere,
701 1843 796 1869 eam
815 1842 904 1868 rem
923 1827 1075 1881 ipsam,
1101 1841 1228 1881 quam
1252 1825 1466 1880 legissem,

126 1888 267 1928 verbis
300 1887 394 1928 aliis
421 1902 548 1940 quam
573 1887 756 1928 maxime
782 1900 953 1940 possem
979 1885 1102 1926 lectis
1128 1884 1464 1938 pronuntiarem.

127 1945 209 1987 Sed
239 1948 339 2000 post
371 1944 650 1986 animadverti
686 1944 768 1986 hoc
806 1958 897 1985 esse
929 1943 975 1984 in
1005 1943 1087 1984 hoc
1118 1942 1233 1997 vitii,
1270 1942 1384 1995 quod
1415 1956 1465 1982 ea

125 2004 273 2058 verba,
322 2018 429 2057 quae
472 2003 655 2045 maxime
699 2002 902 2055 cuiusque
949 2001 1011 2042 rei
1054 2000 1228 2055 propria
1272 2014 1463 2054 quaeque

126 2065 268 2104 essent
288 2062 561 2103 ornatissima
580 2064 706 2116 atque
729 2060 904 2115 optima,
924 2062 1175 2114 occupasset
1196 2061 1270 2099 aut
1284 2058 1463 2112 Ennius,
1500 2088 1506 2093 .

128 2121 163 2162 si
195 2120 248 2161 ad
279 2119 368 2161 eius
395 2134 542 2161 versus
567 2134 635 2160 me
662 2133 912 2172 exercerem,
943 2120 1018 2158 aut
1045 2116 1276 2171 Gracchus,
1308 2116 1344 2157 si
1371 2116 1460 2156 eius

129 2178 367 2220 orationem
398 2178 503 2219 mihi
533 2178 644 2219 forte
675 2177 932 2231 posuissem:
963 2175 1039 2230 ita,
1071 2175 1107 2216 si
1138 2174 1288 2216 iisdem
1320 2173 1461 2214 verbis

127 2240 281 2291 uterer,
299 2236 406 2276 nihil
431 2237 650 2290 prodesse3
676 2235 711 2276 si
732 2235 840 2288 aliis,
865 2234 996 2275 etiam
1017 2235 1179 2287 obesse,
1205 2248 1301 2274 cum
1321 2232 1461 2272 minus

126 2295 289 2336 idoneis
321 2294 385 2335 uti
417 2307 745 2336 consuescerem.
796 2292 954 2334 Postea
985 2291 1090 2333 mihi
1121 2291 1295 2345 placuit,
1327 2299 1531 2343 eoque155

1131 2358 1179 2390 3ss

1477 1457 1533 1497 34

1468 1524 1534 1555 154
