1643 2526
127 385 169 415 61

199 104 220 143 1
228 102 250 143 7
257 102 282 144 8
707 102 770 136 DE
798 101 1023 137 ORATORE

198 197 407 239 sentiendi
440 200 482 238 et
514 199 661 237 ornate
693 196 858 238 dicendi
891 197 1132 252 scientiam,
1172 211 1217 238 re
1250 197 1540 252 cohaerentes,

197 255 562 311 disputationibus
595 254 682 296 suis
715 256 945 309 separavit;
978 255 1098 296 cuius
1129 255 1351 310 ingenium
1383 255 1541 297 varios-

198 329 278 369 que
306 328 522 355 sermones
547 313 865 354 immortalitati
893 313 1064 367 scriptis
1091 314 1179 354 suis
1201 313 1324 354 Plato
1352 314 1540 368 tradidit,

198 387 294 414 cum
331 373 422 427 ipse
459 371 649 413 litteram
682 370 879 413 Socrates
917 372 1080 412 nullam
1111 371 1365 426 reliquisset.
1426 372 1539 414 Hinc

151 469 153 472 Α
197 431 423 472 discidium
453 430 560 471 illud
592 430 736 471 extitit
768 430 890 484 quasi
921 431 1094 485 linguae
1127 433 1254 484 atque
1287 430 1438 484 cordis,
1470 431 1540 471 ab·
1559 447 1575 472 5

151 496 153 498 ’
198 490 373 531 surdum
405 504 505 530 sane
539 491 580 529 et
606 488 759 529 inutile
787 492 829 529 et
854 489 1258 543 reprehendendum,
1288 492 1337 529 ut
1363 488 1435 529 alii
1459 503 1539 530 nos

133 875 180 915 17

130 943 171 973 62

128 1781 173 1811 53

198 562 345 602 sapere
384 547 456 588 alii
494 547 632 588 dicere
670 547 880 588 docerent.
942 546 1054 587 Nam
1094 561 1190 588 cum
1223 549 1365 588 essent
1395 547 1539 601 plures

199 606 283 647 orti
314 605 401 646 fere
428 621 452 646 a
479 604 667 659 Socrate,
699 606 813 659 quod
845 620 895 646 ex
926 605 1041 646 illius
1068 605 1196 646 variis
1224 608 1266 646 et
1292 605 1470 646 diversis
1497 608 1539 646 et

196 664 243 705 in
275 679 444 705 omnem
475 666 641 718 partem
679 663 842 704 diffusis
882 663 1245 717 disputationibus
1284 663 1392 704 alius
1425 663 1539 705 aliud
1613 710 1617 712 Ἴ

199 722 552 777 apprehenderat,
589 722 902 775 proseminatae
942 725 1040 763 sunt
1080 722 1201 775 quasi
1238 721 1425 762 familiae
1458 722 1539 762 dis-
1559 740 1592 764 10

200 781 431 822 sentientes
474 780 587 821 inter
628 795 671 821 se
711 783 753 820 et
790 781 974 821 multum
1012 780 1225 821 diiunctae
1264 783 1306 820 et
1338 780 1540 834 dispares,

199 854 296 880 cum
338 842 484 880 tamen
525 853 671 879 omnes
713 853 756 879 se
797 838 1045 892 philosophi
1085 837 1327 879 Socraticos
1372 842 1415 879 et
1457 838 1540 879 dici

199 898 356 938 vellent
388 900 430 938 et
463 911 554 937 esse
587 897 908 937 arbitrarentur
970 896 1032 938 Ac
1064 896 1202 951 primo
1237 897 1289 937 ab
1320 896 1415 951 ipso
1446 895 1541 937 Pla-

200 959 299 997 tone
331 955 589 996 Aristoteles
623 958 663 996 et
695 954 976 1009 Xenocrates,
1018 969 1200 1008 quorum
1232 955 1339 995 alter
1370 954 1540 1009 Peripa-

199 1014 429 1055 teticoium
462 1014 568 1054 alter
599 1013 854 1054 Academiae
885 1028 1042 1054 nomen
1074 1013 1273 1067 obtinuit,
1305 1013 1454 1054 deinde
1487 1013 1539 1054 ab
1561 1029 1593 1055 15

200 1072 476 1126 Antisthene,
515 1072 586 1125 qui
624 1072 877 1125 patientiam
915 1075 957 1113 et
994 1072 1195 1112 duritiam
1236 1071 1282 1112 in
1321 1070 1538 1112 Socratico

201 1145 394 1171 sermone
440 1106 621 1170 niaxime
666 1130 903 1183 adamar,at
947 1128 1095 1183 Cynici
1138 1129 1342 1194 primum,
1391 1129 1539 1170 deinde

202 1188 353 1242 Stoici,
391 1191 483 1229 tum
516 1189 567 1229 ab
600 1187 842 1242 Aristippo,
880 1203 1006 1242 quem
1042 1188 1140 1228 illae
1179 1188 1317 1242 magis
1349 1188 1541 1241 volupta-

199 1247 287 1288 riae
325 1246 635 1301 disputationes
675 1247 954 1300 delectarant,
996 1244 1228 1300 Cyrenaica
1264 1245 1541 1300 philosophia

201 1305 402 1360 manavit,
435 1320 562 1358 quam
586 1305 658 1345 ille
686 1308 728 1345 et
754 1305 843 1345 eius
869 1305 1031 1359 posteri
1065 1304 1317 1358 simpliciter
1349 1304 1540 1345 defende—
1561 1321 1595 1346 20
1642 1347 1643 1354 1

199 1364 322 1418 bant,
362 1363 425 1416 hi,
467 1363 539 1417 qui
578 1378 689 1404 nunc
721 1363 943 1417 voluptate
976 1363 1119 1403 omnia
1150 1362 1403 1416 metiuntur,
1441 1363 1541 1403 dum

201 1421 478 1463 verecundius
504 1421 546 1462 id
573 1424 719 1476 agunt,
750 1436 826 1462 nec
854 1421 1055 1476 dignitati
1083 1421 1185 1462 satis
1212 1420 1388 1473 faciunt,
1415 1435 1542 1474 quam

198 1495 285 1521 non
318 1482 618 1534 aspernantur,
654 1494 731 1520 nec
764 1480 1030 1533 voluptatem
1062 1482 1254 1533 tuentur,
1296 1493 1423 1532 quam
1457 1494 1541 1519 am-

198 1538 360 1593 plexari
398 1538 558 1579 volunt.
626 1537 818 1578 Fuerunt
862 1538 991 1578 etiam
1037 1537 1120 1578 alia
1161 1551 1316 1592 genera
1355 1537 1542 1591 philoso-

198 1597 399 1651 phorum,
436 1596 508 1649 qui
541 1611 584 1636 se
618 1610 763 1637 omnes
795 1595 882 1636 fere
916 1594 1157 1636 Socraticos
1199 1609 1289 1635 esse
1331 1595 1542 1649 dicebant,
1561 1611 1593 1637 25

199 1655 493 1695 Eretricorum
511 1700 516 1704 ,
534 1653 782 1694 Erilliorum
821 1653 1134 1708 Megaricorum
1177 1652 1542 1708 Pyrrhoneorum3

201 1713 273 1753 sed
294 1727 342 1753 ea
364 1712 518 1752 horum
545 1712 587 1752 vi
614 1715 656 1752 et
682 1711 1043 1765 disputationibus
1072 1714 1172 1751 sunt
1196 1711 1282 1751 iam
1309 1711 1379 1751 diu
1405 1711 1542 1752 fracta

200 1774 243 1812 et
275 1770 473 1811 extincta.
526 1770 591 1810 Ex
622 1769 707 1810 illis
741 1772 898 1823 autem,
930 1781 1037 1822 quae
1063 1772 1295 1823 remanent,
1327 1784 1376 1810 ea
1406 1769 1543 1823 philo-

201 1829 364 1883 sophia,
397 1842 503 1883 quae
537 1827 724 1881 suscepit
755 1827 1041 1882 patrocinium
1073 1827 1322 1882 voluptatis,
1361 1827 1442 1868 etsi
1475 1827 1542 1869 cui

201 1902 299 1928 vera
331 1887 543 1941 videatur,
583 1886 732 1940 procul
772 1886 893 1926 abest
924 1888 1067 1926 tamen
1099 1886 1152 1926 ab
1186 1900 1234 1926 eo
1266 1885 1378 1940 viro,
1416 1900 1541 1939 quem
1560 1903 1594 1928 30

201 1945 443 1999 quaerimus
489 1948 530 1985 et
575 1959 700 1998 quem
738 1947 956 1985 auctorem
991 1943 1158 1998 publici
1197 1944 1364 1985 consilii
1403 1947 1446 1984 et
1483 1959 1544 1984 re-

202 2004 362 2058 gendae
389 2003 576 2044 civitatis
603 2003 752 2044 ducem
778 2005 820 2043 et
847 2002 1081 2043 sententiae
1116 2005 1243 2055 atque
1275 2002 1542 2055 eloquentiae

200 2061 437 2116 principem
461 2061 507 2102 in
534 2064 696 2114 senatu,
726 2060 771 2100 in
803 2060 973 2114 populo,
1006 2060 1050 2100 in
1077 2060 1215 2101 causis
1241 2060 1424 2115 publicis
1451 2074 1542 2101 esse

201 2119 408 2160 volumus.
470 2118 560 2160 Nec
592 2119 678 2160 ulla
710 2122 853 2159 tamen
885 2118 922 2158 ei
954 2118 1251 2173 philosophiae
1282 2119 1355 2159 fiet
1386 2117 1544 2158 iniuria

201 2193 225 2218 a
256 2178 392 2218 nobis.
456 2176 555 2218 Non
588 2177 701 2218 enim
733 2176 962 2231 repelletur
992 2176 1106 2229 inde,
1145 2191 1228 2230 quo
1268 2176 1443 2231 aggredi
1475 2191 1542 2217 cu·
1562 2192 1594 2217 35

200 2236 306 2290 piet3
338 2236 411 2277 sed
441 2235 487 2275 in
519 2235 704 2276 hortulis
732 2234 920 2289 quiescet
947 2234 1047 2288 suis,
1078 2234 1152 2275 ubi
1180 2234 1282 2288 vult,
1313 2233 1386 2274 ubi
1413 2233 1542 2274 etiam

200 2295 408 2335 recubans
441 2293 628 2334 molliter
666 2296 708 2334 et
747 2292 924 2334 delicate
962 2306 1040 2333 nos
1080 2295 1231 2334 avocat
1263 2307 1286 2332 a
1317 2291 1488 2344 rostris,
1519 2306 1543 2331 a
