<?xml version="1.0" encoding="UTF-8"?>
<!DOCTYPE html PUBLIC "-//W3C//DTD XHTML 1.0 Transitional//EN"
    "http://www.w3.org/TR/xhtml1/DTD/xhtml1-transitional.dtd">
<html xmlns="http://www.w3.org/1999/xhtml" xml:lang="en" lang="en">
 <head>
  <title>
</title>
<meta http-equiv="Content-Type" content="text/html;charset=utf-8" />
  <meta name='ocr-system' content='tesseract 3.04.00' />
  <meta name='ocr-capabilities' content='ocr_page ocr_carea ocr_par ocr_line ocrx_word'/>
</head>
<body>
  <div class='ocr_page' id='page_1' title='image "./p2scriptaquaemanse01ciceuoft_0243.png"; bbox 0 0 1643 2526; ppageno 0'>
   <div class='ocr_carea' id='block_1_1' title="bbox 353 108 1437 152">
    <p class='ocr_par' dir='ltr' id='par_1_1' title="bbox 353 108 1437 152">
     <span class='ocr_line' id='line_1_1' title="bbox 353 108 1437 152; baseline 0.007 -10"><span class='ocrx_word' id='word_1_1' title='bbox 353 108 498 143; x_wconf 81' lang='lat' dir='ltr'>LIBER</span> <span class='ocrx_word' id='word_1_2' title='bbox 522 108 567 143; x_wconf 84' lang='grc'>11.</span> <span class='ocrx_word' id='word_1_3' title='bbox 617 108 716 145; x_wconf 80' lang='lat' dir='ltr'><strong>CAP.</strong></span> <span class='ocrx_word' id='word_1_4' title='bbox 745 113 894 145; x_wconf 85' lang='lat'><strong>70—71.</strong></span> <span class='ocrx_word' id='word_1_5' title='bbox 938 114 957 152; x_wconf 65' lang='lat' dir='ltr'>g</span> <span class='ocrx_word' id='word_1_6' title='bbox 982 113 1179 145; x_wconf 78' lang='lat'><strong>281—287.</strong></span> <span class='ocrx_word' id='word_1_7' title='bbox 1356 110 1437 150; x_wconf 85' lang='lat'>141</span> 
     </span>
    </p>
   </div>
   <div class='ocr_carea' id='block_1_2' title="bbox 45 203 1515 2359">
    <p class='ocr_par' dir='ltr' id='par_1_2' title="bbox 95 203 1512 434">
     <span class='ocr_line' id='line_1_2' title="bbox 97 203 1442 260; baseline -0.001 -14"><span class='ocrx_word' id='word_1_8' title='bbox 97 219 222 260; x_wconf 88' lang='lat' dir='ltr'>agros</span> <span class='ocrx_word' id='word_1_9' title='bbox 263 204 458 259; x_wconf 89' lang='lat' dir='ltr'>publicos</span> <span class='ocrx_word' id='word_1_10' title='bbox 498 204 705 259; x_wconf 88' lang='lat' dir='ltr'>dicerent,</span> <span class='ocrx_word' id='word_1_11' title='bbox 748 203 860 245; x_wconf 91' lang='lat' dir='ltr'>Non</span> <span class='ocrx_word' id='word_1_12' title='bbox 900 207 994 260; x_wconf 88' lang='lat' dir='ltr'>est,</span> <span class='ocrx_word' id='word_1_13' title='bbox 1036 204 1195 259; x_wconf 88' lang='lat' dir='ltr'>inquit,</span> <span class='ocrx_word' id='word_1_14' title='bbox 1238 204 1442 246; x_wconf 79' lang='lat' dir='ltr'>Luculli</span> 
     </span>
     <span class='ocr_line' id='line_1_3' title="bbox 95 262 1443 318; baseline 0 -14"><span class='ocrx_word' id='word_1_15' title='bbox 95 277 248 318; x_wconf 86' lang='lat' dir='ltr'>pecus</span> <span class='ocrx_word' id='word_1_16' title='bbox 279 263 426 317; x_wconf 78' lang='lat' dir='ltr'>illud3</span> <span class='ocrx_word' id='word_1_17' title='bbox 459 263 647 304; x_wconf 88' lang='lat' dir='ltr'>erratis</span> <span class='ocrx_word' id='word_1_18' title='bbox 679 287 735 292; x_wconf 83' lang='lat'><strong>—</strong></span> <span class='ocrx_word' id='word_1_19' title='bbox 768 263 989 304; x_wconf 82' lang='lat' dir='ltr'>defendere</span> <span class='ocrx_word' id='word_1_20' title='bbox 1016 262 1244 304; x_wconf 80' lang='lat' dir='ltr'>Lucullum</span> <span class='ocrx_word' id='word_1_21' title='bbox 1274 263 1443 304; x_wconf 87' lang='lat' dir='ltr'>videba-</span> 
     </span>
     <span class='ocr_line' id='line_1_4' title="bbox 96 321 1441 377; baseline 0 -15"><span class='ocrx_word' id='word_1_22' title='bbox 96 325 167 362; x_wconf 92' lang='lat' dir='ltr'>tur</span> <span class='ocrx_word' id='word_1_23' title='bbox 190 339 259 377; x_wconf 79' lang='lat'>—3</span> <span class='ocrx_word' id='word_1_24' title='bbox 286 336 377 376; x_wconf 90' lang='lat' dir='ltr'>ego</span> <span class='ocrx_word' id='word_1_25' title='bbox 398 321 616 362; x_wconf 90' lang='lat' dir='ltr'>liberum</span> <span class='ocrx_word' id='word_1_26' title='bbox 636 324 760 376; x_wconf 92' lang='lat' dir='ltr'>puto</span> <span class='ocrx_word' id='word_1_27' title='bbox 781 336 908 375; x_wconf 67' lang='lat' dir='ltr'>esse,</span> <span class='ocrx_word' id='word_1_28' title='bbox 935 336 1030 375; x_wconf 89' lang='lat' dir='ltr'>qua</span> <span class='ocrx_word' id='word_1_29' title='bbox 1050 322 1179 362; x_wconf 89' lang='lat' dir='ltr'>libet</span> <span class='ocrx_word' id='word_1_30' title='bbox 1198 321 1441 376; x_wconf 79' lang='lat' dir='ltr'>pascitur,</span> 
     </span>
     <span class='ocr_line' id='line_1_5' title="bbox 96 379 1512 434; baseline 0 -14"><span class='ocrx_word' id='word_1_31' title='bbox 96 379 243 421; x_wconf 90' lang='lat' dir='ltr'>Placet</span> <span class='ocrx_word' id='word_1_32' title='bbox 263 380 369 420; x_wconf 90' lang='lat' dir='ltr'>mihi</span> <span class='ocrx_word' id='word_1_33' title='bbox 389 380 495 421; x_wconf 89' lang='lat' dir='ltr'>illud</span> <span class='ocrx_word' id='word_1_34' title='bbox 510 380 640 421; x_wconf 87' lang='lat' dir='ltr'>etiam</span> <span class='ocrx_word' id='word_1_35' title='bbox 656 379 867 434; x_wconf 76' lang='lat' dir='ltr'>Scipionis</span> <span class='ocrx_word' id='word_1_36' title='bbox 887 380 1017 434; x_wconf 91' lang='lat' dir='ltr'>illius,</span> <span class='ocrx_word' id='word_1_37' title='bbox 1032 380 1104 434; x_wconf 91' lang='lat' dir='ltr'>qui</span> <span class='ocrx_word' id='word_1_38' title='bbox 1124 380 1186 420; x_wconf 87' lang='lat' dir='ltr'>Ti.</span> <span class='ocrx_word' id='word_1_39' title='bbox 1203 379 1512 421; x_wconf 82' lang='lat' dir='ltr'>Gracchum285</span> 
     </span>
    </p>

    <p class='ocr_par' dir='ltr' id='par_1_3' title="bbox 61 438 1445 727">
     <span class='ocr_line' id='line_1_6' title="bbox 61 438 1442 493; baseline -0.001 -13"><span class='ocrx_word' id='word_1_40' title='bbox 61 455 77 480; x_wconf 87' lang='lat'>5</span> <span class='ocrx_word' id='word_1_41' title='bbox 96 438 289 493; x_wconf 90' lang='lat' dir='ltr'>perculit.</span> <span class='ocrx_word' id='word_1_42' title='bbox 340 438 479 486; x_wconf 79' lang='lat' dir='ltr'>Quom</span> <span class='ocrx_word' id='word_1_43' title='bbox 511 439 549 479; x_wconf 91' lang='lat' dir='ltr'>ei</span> <span class='ocrx_word' id='word_1_44' title='bbox 581 438 636 479; x_wconf 90' lang='lat' dir='ltr'>M.</span> <span class='ocrx_word' id='word_1_45' title='bbox 662 438 841 479; x_wconf 82' lang='lat' dir='ltr'>Flaccus</span> <span class='ocrx_word' id='word_1_46' title='bbox 874 438 1021 480; x_wconf 87' lang='lat' dir='ltr'>multis</span> <span class='ocrx_word' id='word_1_47' title='bbox 1053 438 1222 492; x_wconf 80' lang='lat' dir='ltr'>probris</span> <span class='ocrx_word' id='word_1_48' title='bbox 1263 438 1442 479; x_wconf 87' lang='lat' dir='ltr'>obiectis</span> 
     </span>
     <span class='ocr_line' id='line_1_7' title="bbox 97 496 1442 551; baseline 0.001 -14"><span class='ocrx_word' id='word_1_49' title='bbox 97 497 142 538; x_wconf 87' lang='lat' dir='ltr'>P.</span> <span class='ocrx_word' id='word_1_50' title='bbox 175 497 366 538; x_wconf 88' lang='lat' dir='ltr'>Mucium</span> <span class='ocrx_word' id='word_1_51' title='bbox 397 497 579 538; x_wconf 89' lang='lat' dir='ltr'>iudicem</span> <span class='ocrx_word' id='word_1_52' title='bbox 612 497 795 551; x_wconf 88' lang='lat' dir='ltr'>tulisset,</span> <span class='ocrx_word' id='word_1_53' title='bbox 832 497 1005 551; x_wconf 87' lang='lat' dir='ltr'>Eiero,</span> <span class='ocrx_word' id='word_1_54' title='bbox 1044 497 1199 550; x_wconf 89' lang='lat' dir='ltr'>inquit,</span> <span class='ocrx_word' id='word_1_55' title='bbox 1234 496 1442 550; x_wconf 90' lang='lat' dir='ltr'>iniquus</span> 
     </span>
     <span class='ocr_line' id='line_1_8' title="bbox 99 554 1445 610; baseline -0.001 -14"><span class='ocrx_word' id='word_1_56' title='bbox 99 558 187 596; x_wconf 85' lang='lat' dir='ltr'>est.</span> <span class='ocrx_word' id='word_1_57' title='bbox 238 555 346 597; x_wconf 83' lang='lat' dir='ltr'>Cum</span> <span class='ocrx_word' id='word_1_58' title='bbox 379 558 492 596; x_wconf 90' lang='lat' dir='ltr'>esset</span> <span class='ocrx_word' id='word_1_59' title='bbox 526 556 906 609; x_wconf 89' lang='lat' dir='ltr'>admurmuratum,</span> <span class='ocrx_word' id='word_1_60' title='bbox 936 555 989 610; x_wconf 84' lang='lat' dir='ltr'>A,</span> <span class='ocrx_word' id='word_1_61' title='bbox 1018 555 1160 609; x_wconf 90' lang='lat' dir='ltr'>inquit</span> <span class='ocrx_word' id='word_1_62' title='bbox 1190 554 1236 596; x_wconf 91' lang='lat' dir='ltr'>P.</span> <span class='ocrx_word' id='word_1_63' title='bbox 1258 554 1315 609; x_wconf 61' lang='lat' dir='ltr'>C„</span> <span class='ocrx_word' id='word_1_64' title='bbox 1345 569 1445 596; x_wconf 92' lang='lat' dir='ltr'>non</span> 
     </span>
     <span class='ocr_line' id='line_1_9' title="bbox 98 613 1443 668; baseline -0.001 -14"><span class='ocrx_word' id='word_1_65' title='bbox 98 628 189 668; x_wconf 90' lang='lat' dir='ltr'>ego</span> <span class='ocrx_word' id='word_1_66' title='bbox 210 613 334 655; x_wconf 89' lang='lat' dir='ltr'>mihi</span> <span class='ocrx_word' id='word_1_67' title='bbox 363 614 553 665; x_wconf 87' lang='lat' dir='ltr'>[illum]</span> <span class='ocrx_word' id='word_1_68' title='bbox 581 614 810 668; x_wconf 85' lang='lat' dir='ltr'>iniquom</span> <span class='ocrx_word' id='word_1_69' title='bbox 831 614 985 668; x_wconf 89' lang='lat' dir='ltr'>eiero,</span> <span class='ocrx_word' id='word_1_70' title='bbox 1004 628 1172 655; x_wconf 79' lang='lat' dir='ltr'>verum</span> <span class='ocrx_word' id='word_1_71' title='bbox 1197 613 1443 654; x_wconf 91' lang='lat' dir='ltr'>omnibus.</span> 
     </span>
     <span class='ocr_line' id='line_1_10' title="bbox 98 671 1444 727; baseline 0 -15"><span class='ocrx_word' id='word_1_72' title='bbox 98 672 165 712; x_wconf 87' lang='lat' dir='ltr'>Ab</span> <span class='ocrx_word' id='word_1_73' title='bbox 210 672 291 713; x_wconf 91' lang='lat' dir='ltr'>hoc</span> <span class='ocrx_word' id='word_1_74' title='bbox 335 687 434 713; x_wconf 81' lang='lat' dir='ltr'>vero</span> <span class='ocrx_word' id='word_1_75' title='bbox 473 672 628 714; x_wconf 84' lang='lat' dir='ltr'>Crasso</span> <span class='ocrx_word' id='word_1_76' title='bbox 678 672 786 713; x_wconf 88' lang='lat' dir='ltr'>nihil</span> <span class='ocrx_word' id='word_1_77' title='bbox 830 672 1027 727; x_wconf 72' lang='lat' dir='ltr'>facetius,</span> <span class='ocrx_word' id='word_1_78' title='bbox 1081 686 1211 726; x_wconf 91' lang='lat' dir='ltr'>quom</span> <span class='ocrx_word' id='word_1_79' title='bbox 1247 671 1444 713; x_wconf 73' lang='lat' dir='ltr'>laesisset</span> 
     </span>
    </p>

    <p class='ocr_par' dir='ltr' id='par_1_4' title="bbox 45 730 1446 1019">
     <span class='ocr_line' id='line_1_11' title="bbox 45 730 1445 785; baseline -0.002 -12"><span class='ocrx_word' id='word_1_80' title='bbox 45 748 79 773; x_wconf 90' lang='lat'>10</span> <span class='ocrx_word' id='word_1_81' title='bbox 98 730 222 771; x_wconf 88' lang='lat' dir='ltr'>testis</span> <span class='ocrx_word' id='word_1_82' title='bbox 251 730 363 772; x_wconf 89' lang='lat' dir='ltr'>Silus</span> <span class='ocrx_word' id='word_1_83' title='bbox 390 730 603 784; x_wconf 77' lang='lat' dir='ltr'>Pisonem,</span> <span class='ocrx_word' id='word_1_84' title='bbox 634 731 747 785; x_wconf 91' lang='lat' dir='ltr'>quod</span> <span class='ocrx_word' id='word_1_85' title='bbox 779 745 822 772; x_wconf 89' lang='lat' dir='ltr'>se</span> <span class='ocrx_word' id='word_1_86' title='bbox 854 731 899 771; x_wconf 91' lang='lat' dir='ltr'>in</span> <span class='ocrx_word' id='word_1_87' title='bbox 931 746 1028 772; x_wconf 87' lang='lat' dir='ltr'>eum</span> <span class='ocrx_word' id='word_1_88' title='bbox 1060 730 1227 771; x_wconf 82' lang='lat' dir='ltr'>audisse</span> <span class='ocrx_word' id='word_1_89' title='bbox 1255 730 1445 784; x_wconf 90' lang='lat' dir='ltr'>dixisset,</span> 
     </span>
     <span class='ocr_line' id='line_1_12' title="bbox 99 788 1444 843; baseline 0 -14"><span class='ocrx_word' id='word_1_90' title='bbox 99 789 279 830; x_wconf 88' lang='lat' dir='ltr'>Potest</span> <span class='ocrx_word' id='word_1_91' title='bbox 310 789 445 843; x_wconf 81' lang='lat' dir='ltr'>fieri,</span> <span class='ocrx_word' id='word_1_92' title='bbox 476 789 630 843; x_wconf 87' lang='lat' dir='ltr'>inquit,</span> <span class='ocrx_word' id='word_1_93' title='bbox 669 788 789 843; x_wconf 91' lang='lat' dir='ltr'>Sile,</span> <span class='ocrx_word' id='word_1_94' title='bbox 820 793 874 830; x_wconf 91' lang='lat' dir='ltr'>ut</span> <span class='ocrx_word' id='word_1_95' title='bbox 905 789 967 843; x_wconf 88' lang='lat' dir='ltr'>is,</span> <span class='ocrx_word' id='word_1_96' title='bbox 999 789 1127 830; x_wconf 90' lang='lat' dir='ltr'>unde</span> <span class='ocrx_word' id='word_1_97' title='bbox 1159 791 1207 829; x_wconf 89' lang='lat' dir='ltr'>te</span> <span class='ocrx_word' id='word_1_98' title='bbox 1241 788 1444 829; x_wconf 83' lang='lat' dir='ltr'>audisse</span> 
     </span>
     <span class='ocr_line' id='line_1_13' title="bbox 100 846 1445 902; baseline -0.001 -14"><span class='ocrx_word' id='word_1_99' title='bbox 100 847 245 902; x_wconf 91' lang='lat' dir='ltr'>dicis,</span> <span class='ocrx_word' id='word_1_100' title='bbox 273 847 437 888; x_wconf 90' lang='lat' dir='ltr'>iratus</span> <span class='ocrx_word' id='word_1_101' title='bbox 465 847 664 888; x_wconf 80' lang='lat' dir='ltr'>dixerit.</span> <span class='ocrx_word' id='word_1_102' title='bbox 708 847 874 888; x_wconf 87' lang='lat' dir='ltr'>Annuit</span> <span class='ocrx_word' id='word_1_103' title='bbox 895 846 1020 888; x_wconf 88' lang='lat' dir='ltr'>Silus.</span> <span class='ocrx_word' id='word_1_104' title='bbox 1064 847 1245 887; x_wconf 90' lang='lat' dir='ltr'>Potest</span> <span class='ocrx_word' id='word_1_105' title='bbox 1272 847 1445 901; x_wconf 89' lang='lat' dir='ltr'>etiam,</span> 
     </span>
     <span class='ocr_line' id='line_1_14' title="bbox 99 905 1446 959; baseline -0.001 -13"><span class='ocrx_word' id='word_1_106' title='bbox 99 909 153 946; x_wconf 90' lang='lat' dir='ltr'>ut</span> <span class='ocrx_word' id='word_1_107' title='bbox 185 909 237 946; x_wconf 92' lang='lat' dir='ltr'>tu</span> <span class='ocrx_word' id='word_1_108' title='bbox 268 920 368 946; x_wconf 92' lang='lat' dir='ltr'>non</span> <span class='ocrx_word' id='word_1_109' title='bbox 398 908 536 947; x_wconf 88' lang='lat' dir='ltr'>recte</span> <span class='ocrx_word' id='word_1_110' title='bbox 567 905 904 946; x_wconf 82' lang='lat' dir='ltr'>intellexeris.</span> <span class='ocrx_word' id='word_1_111' title='bbox 966 906 1016 946; x_wconf 90' lang='lat' dir='ltr'>Id</span> <span class='ocrx_word' id='word_1_112' title='bbox 1048 919 1215 959; x_wconf 89' lang='lat' dir='ltr'>quoque</span> <span class='ocrx_word' id='word_1_113' title='bbox 1252 908 1347 946; x_wconf 91' lang='lat' dir='ltr'>toto</span> <span class='ocrx_word' id='word_1_114' title='bbox 1381 920 1446 946; x_wconf 92' lang='lat' dir='ltr'>ca-</span> 
     </span>
     <span class='ocr_line' id='line_1_15' title="bbox 99 962 1445 1019; baseline -0.001 -15"><span class='ocrx_word' id='word_1_115' title='bbox 99 964 187 1018; x_wconf 86' lang='lat' dir='ltr'>pite</span> <span class='ocrx_word' id='word_1_116' title='bbox 209 964 368 1019; x_wconf 86' lang='lat' dir='ltr'>adnuit,</span> <span class='ocrx_word' id='word_1_117' title='bbox 387 967 436 1005; x_wconf 90' lang='lat' dir='ltr'>ut</span> <span class='ocrx_word' id='word_1_118' title='bbox 455 979 498 1005; x_wconf 88' lang='lat' dir='ltr'>se</span> <span class='ocrx_word' id='word_1_119' title='bbox 520 962 674 1005; x_wconf 80' lang='lat' dir='ltr'>Crasso</span> <span class='ocrx_word' id='word_1_120' title='bbox 702 965 832 1005; x_wconf 89' lang='lat' dir='ltr'>daret.</span> <span class='ocrx_word' id='word_1_121' title='bbox 880 963 1062 1005; x_wconf 86' lang='lat' dir='ltr'>Potest</span> <span class='ocrx_word' id='word_1_122' title='bbox 1089 964 1244 1004; x_wconf 85' lang='lat' dir='ltr'>etiam</span> <span class='ocrx_word' id='word_1_123' title='bbox 1272 963 1445 1018; x_wconf 83' lang='lat' dir='ltr'>[fieri],</span> 
     </span>
    </p>

    <p class='ocr_par' dir='ltr' id='par_1_5' title="bbox 48 1022 1512 1310">
     <span class='ocr_line' id='line_1_16' title="bbox 48 1022 1444 1076; baseline -0.001 -13"><span class='ocrx_word' id='word_1_124' title='bbox 48 1039 81 1064; x_wconf 87' lang='lat'>15</span> <span class='ocrx_word' id='word_1_125' title='bbox 99 1022 252 1076; x_wconf 85' lang='lat' dir='ltr'>inquit,</span> <span class='ocrx_word' id='word_1_126' title='bbox 278 1025 332 1063; x_wconf 89' lang='lat' dir='ltr'>ut</span> <span class='ocrx_word' id='word_1_127' title='bbox 360 1023 561 1063; x_wconf 89' lang='lat' dir='ltr'>omnino</span> <span class='ocrx_word' id='word_1_128' title='bbox 589 1022 718 1076; x_wconf 89' lang='lat' dir='ltr'>quod</span> <span class='ocrx_word' id='word_1_129' title='bbox 744 1026 792 1063; x_wconf 88' lang='lat' dir='ltr'>te</span> <span class='ocrx_word' id='word_1_130' title='bbox 814 1022 1013 1063; x_wconf 86' lang='lat' dir='ltr'>audisse</span> <span class='ocrx_word' id='word_1_131' title='bbox 1040 1022 1168 1063; x_wconf 87' lang='lat' dir='ltr'>dicis</span> <span class='ocrx_word' id='word_1_132' title='bbox 1194 1036 1444 1075; x_wconf 87' lang='lat' dir='ltr'>nunquam</span> 
     </span>
     <span class='ocr_line' id='line_1_17' title="bbox 101 1080 1445 1135; baseline -0.001 -13"><span class='ocrx_word' id='word_1_133' title='bbox 101 1081 332 1122; x_wconf 89' lang='lat' dir='ltr'>audieris.</span> <span class='ocrx_word' id='word_1_134' title='bbox 394 1080 489 1122; x_wconf 90' lang='lat' dir='ltr'>Hoc</span> <span class='ocrx_word' id='word_1_135' title='bbox 520 1081 583 1122; x_wconf 87' lang='lat' dir='ltr'>ita</span> <span class='ocrx_word' id='word_1_136' title='bbox 613 1084 783 1135; x_wconf 90' lang='lat' dir='ltr'>praeter</span> <span class='ocrx_word' id='word_1_137' title='bbox 815 1080 1155 1135; x_wconf 86' lang='lat' dir='ltr'>expectationem</span> <span class='ocrx_word' id='word_1_138' title='bbox 1188 1080 1360 1134; x_wconf 86' lang='lat' dir='ltr'>accidit,</span> <span class='ocrx_word' id='word_1_139' title='bbox 1398 1085 1445 1120; x_wconf 92' lang='lat' dir='ltr'>ut</span> 
     </span>
     <span class='ocr_line' id='line_1_18' title="bbox 99 1138 1493 1194; baseline -0.001 -14"><span class='ocrx_word' id='word_1_140' title='bbox 99 1142 254 1180; x_wconf 88' lang='lat' dir='ltr'>testem</span> <span class='ocrx_word' id='word_1_141' title='bbox 276 1139 467 1180; x_wconf 91' lang='lat' dir='ltr'>omnium</span> <span class='ocrx_word' id='word_1_142' title='bbox 486 1139 596 1180; x_wconf 90' lang='lat' dir='ltr'>risus</span> <span class='ocrx_word' id='word_1_143' title='bbox 619 1140 830 1180; x_wconf 85' lang='lat' dir='ltr'>obrueret</span> <span class='ocrx_word' id='word_1_144' title='bbox 879 1139 1018 1180; x_wconf 91' lang='lat' dir='ltr'>Huius</span> <span class='ocrx_word' id='word_1_145' title='bbox 1040 1138 1207 1194; x_wconf 88' lang='lat' dir='ltr'>generis</span> <span class='ocrx_word' id='word_1_146' title='bbox 1230 1141 1272 1180; x_wconf 91' lang='lat' dir='ltr'>et</span> <span class='ocrx_word' id='word_1_147' title='bbox 1294 1138 1444 1192; x_wconf 90' lang='lat' dir='ltr'>plenus</span> <span class='ocrx_word' id='word_1_148' title='bbox 1486 1158 1493 1161; x_wconf 90' lang='lat'><em>·</em></span> 
     </span>
     <span class='ocr_line' id='line_1_19' title="bbox 99 1196 1483 1252; baseline -0.001 -14"><span class='ocrx_word' id='word_1_149' title='bbox 99 1197 265 1238; x_wconf 84' lang='lat' dir='ltr'>Novius</span> <span class='ocrx_word' id='word_1_150' title='bbox 301 1222 350 1226; x_wconf 91' lang='lat'>—</span> <span class='ocrx_word' id='word_1_151' title='bbox 384 1198 503 1239; x_wconf 87' lang='lat' dir='ltr'>locus</span> <span class='ocrx_word' id='word_1_152' title='bbox 537 1201 601 1239; x_wconf 91' lang='lat' dir='ltr'>est</span> <span class='ocrx_word' id='word_1_153' title='bbox 626 1198 868 1239; x_wconf 80' lang='lat' dir='ltr'>familiaris:</span> <span class='ocrx_word' id='word_1_154' title='bbox 903 1196 1118 1252; x_wconf 82' lang='lat' dir='ltr'>Sapiens</span> <span class='ocrx_word' id='word_1_155' title='bbox 1153 1197 1194 1238; x_wconf 93' lang='lat' dir='ltr'>si</span> <span class='ocrx_word' id='word_1_156' title='bbox 1227 1196 1483 1252; x_wconf 60' lang='lat' dir='ltr'>algebis,„</span> 
     </span>
     <span class='ocr_line' id='line_1_20' title="bbox 100 1233 1512 1310; baseline -0.001 -13"><span class='ocrx_word' id='word_1_157' title='bbox 100 1259 284 1297; x_wconf 88' lang='lat' dir='ltr'>tremes</span> <span class='ocrx_word' id='word_1_158' title='bbox 316 1280 374 1285; x_wconf 87' lang='lat'>—-</span> <span class='ocrx_word' id='word_1_159' title='bbox 406 1259 448 1297; x_wconf 91' lang='lat' dir='ltr'>et</span> <span class='ocrx_word' id='word_1_160' title='bbox 480 1256 563 1297; x_wconf 90' lang='lat' dir='ltr'>alia</span> <span class='ocrx_word' id='word_1_161' title='bbox 594 1256 817 1310; x_wconf 88' lang='lat' dir='ltr'>permulta.</span> <span class='ocrx_word' id='word_1_162' title='bbox 869 1255 1002 1310; x_wconf 88' lang='lat' dir='ltr'>Saepe</span> <span class='ocrx_word' id='word_1_163' title='bbox 1029 1255 1159 1296; x_wconf 87' lang='lat' dir='ltr'>etiam</span> <span class='ocrx_word' id='word_1_164' title='bbox 1184 1255 1322 1296; x_wconf 86' lang='lat' dir='ltr'>facete</span> <span class='ocrx_word' id='word_1_165' title='bbox 1349 1233 1512 1296; x_wconf 58' lang='grc'>0011-11</span> 
     </span>
    </p>

    <p class='ocr_par' dir='ltr' id='par_1_6' title="bbox 47 1300 1515 1602">
     <span class='ocr_line' id='line_1_21' title="bbox 47 1300 1515 1369; baseline -0.002 -13"><span class='ocrx_word' id='word_1_166' title='bbox 47 1332 81 1356; x_wconf 83' lang='lat'>20</span> <span class='ocrx_word' id='word_1_167' title='bbox 101 1315 224 1356; x_wconf 89' lang='lat' dir='ltr'>cedas</span> <span class='ocrx_word' id='word_1_168' title='bbox 257 1314 498 1355; x_wconf 83' lang='lat' dir='ltr'>adversario</span> <span class='ocrx_word' id='word_1_169' title='bbox 530 1314 573 1355; x_wconf 91' lang='lat' dir='ltr'>id</span> <span class='ocrx_word' id='word_1_170' title='bbox 603 1315 758 1369; x_wconf 89' lang='lat' dir='ltr'>ipsum,</span> <span class='ocrx_word' id='word_1_171' title='bbox 799 1315 912 1368; x_wconf 90' lang='lat' dir='ltr'>quod</span> <span class='ocrx_word' id='word_1_172' title='bbox 943 1314 1024 1355; x_wconf 90' lang='lat' dir='ltr'>tibi</span> <span class='ocrx_word' id='word_1_173' title='bbox 1055 1314 1126 1355; x_wconf 89' lang='lat' dir='ltr'>ille</span> <span class='ocrx_word' id='word_1_174' title='bbox 1159 1313 1359 1368; x_wconf 87' lang='lat' dir='ltr'>detrahit,</span> <span class='ocrx_word' id='word_1_175' title='bbox 1395 1300 1515 1354; x_wconf 73' lang='lat' dir='ltr'>ut286</span> 
     </span>
     <span class='ocr_line' id='line_1_22' title="bbox 102 1371 1446 1427; baseline -0.002 -13"><span class='ocrx_word' id='word_1_176' title='bbox 102 1371 146 1414; x_wconf 87' lang='lat' dir='ltr'>C.</span> <span class='ocrx_word' id='word_1_177' title='bbox 166 1372 350 1427; x_wconf 91' lang='lat' dir='ltr'>Laelius,</span> <span class='ocrx_word' id='word_1_178' title='bbox 382 1387 478 1414; x_wconf 90' lang='lat' dir='ltr'>cum</span> <span class='ocrx_word' id='word_1_179' title='bbox 510 1373 548 1413; x_wconf 92' lang='lat' dir='ltr'>ei</span> <span class='ocrx_word' id='word_1_180' title='bbox 581 1373 752 1426; x_wconf 87' lang='lat' dir='ltr'>quidam</span> <span class='ocrx_word' id='word_1_181' title='bbox 784 1373 897 1413; x_wconf 88' lang='lat' dir='ltr'>malo</span> <span class='ocrx_word' id='word_1_182' title='bbox 931 1387 1083 1427; x_wconf 78' lang='lat' dir='ltr'>genere</span> <span class='ocrx_word' id='word_1_183' title='bbox 1114 1375 1241 1413; x_wconf 91' lang='lat' dir='ltr'>natus</span> <span class='ocrx_word' id='word_1_184' title='bbox 1275 1372 1446 1425; x_wconf 86' lang='lat' dir='ltr'>dicer,et</span> 
     </span>
     <span class='ocr_line' id='line_1_23' title="bbox 99 1406 1446 1486; baseline -0.001 -15"><span class='ocrx_word' id='word_1_185' title='bbox 99 1431 323 1486; x_wconf 88' lang='lat' dir='ltr'>indignum</span> <span class='ocrx_word' id='word_1_186' title='bbox 350 1445 440 1472; x_wconf 90' lang='lat' dir='ltr'>esse</span> <span class='ocrx_word' id='word_1_187' title='bbox 468 1431 556 1472; x_wconf 89' lang='lat' dir='ltr'>suis</span> <span class='ocrx_word' id='word_1_188' title='bbox 582 1430 830 1485; x_wconf 83' lang='lat' dir='ltr'>maioribus,</span> <span class='ocrx_word' id='word_1_189' title='bbox 859 1431 925 1471; x_wconf 88' lang='lat' dir='ltr'>At</span> <span class='ocrx_word' id='word_1_190' title='bbox 953 1431 1178 1484; x_wconf 86' lang='lat' dir='ltr'>hercule,</span> <span class='ocrx_word' id='word_1_191' title='bbox 1207 1429 1361 1484; x_wconf 88' lang='lat' dir='ltr'>inquit,</span> <span class='ocrx_word' id='word_1_192' title='bbox 1392 1406 1446 1470; x_wconf 64' lang='lat' dir='ltr'>tu⁷</span> 
     </span>
     <span class='ocr_line' id='line_1_24' title="bbox 101 1488 1447 1544; baseline -0.002 -14"><span class='ocrx_word' id='word_1_193' title='bbox 101 1490 204 1530; x_wconf 91' lang='lat' dir='ltr'>tuis</span> <span class='ocrx_word' id='word_1_194' title='bbox 247 1489 444 1544; x_wconf 89' lang='lat' dir='ltr'>dignus.</span> <span class='ocrx_word' id='word_1_195' title='bbox 508 1488 641 1543; x_wconf 88' lang='lat' dir='ltr'>Saepe</span> <span class='ocrx_word' id='word_1_196' title='bbox 687 1489 817 1530; x_wconf 89' lang='lat' dir='ltr'>etiam</span> <span class='ocrx_word' id='word_1_197' title='bbox 862 1489 1122 1530; x_wconf 87' lang='lat' dir='ltr'>sententiose</span> <span class='ocrx_word' id='word_1_198' title='bbox 1166 1488 1346 1529; x_wconf 87' lang='lat' dir='ltr'>ridicula</span> <span class='ocrx_word' id='word_1_199' title='bbox 1389 1488 1447 1528; x_wconf 93' lang='lat' dir='ltr'>di-</span> 
     </span>
     <span class='ocr_line' id='line_1_25' title="bbox 103 1546 1446 1602; baseline -0.002 -13"><span class='ocrx_word' id='word_1_200' title='bbox 103 1550 269 1602; x_wconf 90' lang='lat' dir='ltr'>cuntur,</span> <span class='ocrx_word' id='word_1_201' title='bbox 299 1550 348 1588; x_wconf 87' lang='lat' dir='ltr'>ut</span> <span class='ocrx_word' id='word_1_202' title='bbox 376 1547 433 1588; x_wconf 90' lang='lat' dir='ltr'>M.</span> <span class='ocrx_word' id='word_1_203' title='bbox 454 1547 626 1589; x_wconf 79' lang='lat' dir='ltr'>Cincius</span> <span class='ocrx_word' id='word_1_204' title='bbox 660 1562 742 1602; x_wconf 90' lang='lat' dir='ltr'>quo</span> <span class='ocrx_word' id='word_1_205' title='bbox 776 1547 842 1588; x_wconf 89' lang='lat' dir='ltr'>die</span> <span class='ocrx_word' id='word_1_206' title='bbox 873 1547 1012 1602; x_wconf 90' lang='lat' dir='ltr'>legem</span> <span class='ocrx_word' id='word_1_207' title='bbox 1045 1547 1095 1587; x_wconf 90' lang='lat' dir='ltr'>de</span> <span class='ocrx_word' id='word_1_208' title='bbox 1128 1546 1250 1587; x_wconf 86' lang='lat' dir='ltr'>donis</span> <span class='ocrx_word' id='word_1_209' title='bbox 1284 1549 1326 1587; x_wconf 91' lang='lat' dir='ltr'>et</span> <span class='ocrx_word' id='word_1_210' title='bbox 1357 1561 1446 1586; x_wconf 89' lang='lat' dir='ltr'>mu-</span> 
     </span>
    </p>

    <p class='ocr_par' dir='ltr' id='par_1_7' title="bbox 49 1604 1515 1893">
     <span class='ocr_line' id='line_1_26' title="bbox 49 1604 1447 1660; baseline -0.002 -13"><span class='ocrx_word' id='word_1_211' title='bbox 49 1622 82 1647; x_wconf 79' lang='lat'>25</span> <span class='ocrx_word' id='word_1_212' title='bbox 101 1606 274 1647; x_wconf 89' lang='lat' dir='ltr'>neribus</span> <span class='ocrx_word' id='word_1_213' title='bbox 306 1605 426 1660; x_wconf 91' lang='lat' dir='ltr'>tulit,</span> <span class='ocrx_word' id='word_1_214' title='bbox 463 1620 560 1647; x_wconf 91' lang='lat' dir='ltr'>cum</span> <span class='ocrx_word' id='word_1_215' title='bbox 598 1605 641 1648; x_wconf 81' lang='lat' dir='ltr'>O.</span> <span class='ocrx_word' id='word_1_216' title='bbox 675 1604 810 1646; x_wconf 80' lang='lat' dir='ltr'>Cento</span> <span class='ocrx_word' id='word_1_217' title='bbox 842 1605 1056 1660; x_wconf 88' lang='lat' dir='ltr'>prodisset</span> <span class='ocrx_word' id='word_1_218' title='bbox 1088 1607 1130 1645; x_wconf 91' lang='lat' dir='ltr'>et</span> <span class='ocrx_word' id='word_1_219' title='bbox 1163 1604 1267 1645; x_wconf 89' lang='lat' dir='ltr'>satis</span> <span class='ocrx_word' id='word_1_220' title='bbox 1301 1607 1447 1646; x_wconf 85' lang='lat' dir='ltr'>contu-</span> 
     </span>
     <span class='ocr_line' id='line_1_27' title="bbox 102 1662 1449 1718; baseline -0.001 -13"><span class='ocrx_word' id='word_1_221' title='bbox 102 1664 276 1705; x_wconf 88' lang='lat' dir='ltr'>meliose</span> <span class='ocrx_word' id='word_1_222' title='bbox 311 1664 438 1712; x_wconf 85' lang='lat' dir='ltr'>Quid</span> <span class='ocrx_word' id='word_1_223' title='bbox 470 1664 590 1717; x_wconf 85' lang='lat' dir='ltr'>fers,</span> <span class='ocrx_word' id='word_1_224' title='bbox 623 1662 882 1705; x_wconf 80' lang='lat' dir='ltr'>Cinciole?</span> <span class='ocrx_word' id='word_1_225' title='bbox 923 1663 1171 1718; x_wconf 88' lang='lat' dir='ltr'>quaesisset,</span> <span class='ocrx_word' id='word_1_226' title='bbox 1203 1663 1269 1704; x_wconf 89' lang='lat' dir='ltr'>Ut</span> <span class='ocrx_word' id='word_1_227' title='bbox 1295 1677 1449 1717; x_wconf 90' lang='lat' dir='ltr'>emas,</span> 
     </span>
     <span class='ocr_line' id='line_1_28' title="bbox 101 1698 1515 1777; baseline -0.001 -14"><span class='ocrx_word' id='word_1_228' title='bbox 101 1722 261 1777; x_wconf 88' lang='lat' dir='ltr'>inquit,</span> <span class='ocrx_word' id='word_1_229' title='bbox 303 1721 413 1777; x_wconf 84' lang='lat' dir='ltr'>Gai,</span> <span class='ocrx_word' id='word_1_230' title='bbox 454 1722 495 1763; x_wconf 91' lang='lat' dir='ltr'>si</span> <span class='ocrx_word' id='word_1_231' title='bbox 533 1698 609 1763; x_wconf 70' lang='lat' dir='ltr'>ut⁷i</span> <span class='ocrx_word' id='word_1_232' title='bbox 646 1722 784 1764; x_wconf 91' lang='lat' dir='ltr'>velis.</span> <span class='ocrx_word' id='word_1_233' title='bbox 848 1721 981 1776; x_wconf 83' lang='lat' dir='ltr'>Saepe</span> <span class='ocrx_word' id='word_1_234' title='bbox 1021 1722 1151 1762; x_wconf 91' lang='lat' dir='ltr'>etiam</span> <span class='ocrx_word' id='word_1_235' title='bbox 1189 1721 1298 1762; x_wconf 89' lang='lat' dir='ltr'>salse</span> <span class='ocrx_word' id='word_1_236' title='bbox 1338 1731 1515 1776; x_wconf 82' lang='lat' dir='ltr'>quae287</span> 
     </span>
     <span class='ocr_line' id='line_1_29' title="bbox 102 1780 1447 1835; baseline -0.001 -14"><span class='ocrx_word' id='word_1_237' title='bbox 102 1780 194 1821; x_wconf 87' lang='lat' dir='ltr'>fieri</span> <span class='ocrx_word' id='word_1_238' title='bbox 225 1795 312 1821; x_wconf 91' lang='lat' dir='ltr'>non</span> <span class='ocrx_word' id='word_1_239' title='bbox 342 1784 524 1834; x_wconf 90' lang='lat' dir='ltr'>possunt</span> <span class='ocrx_word' id='word_1_240' title='bbox 558 1783 777 1835; x_wconf 73' lang='lat' dir='ltr'>optantur,</span> <span class='ocrx_word' id='word_1_241' title='bbox 813 1784 861 1821; x_wconf 90' lang='lat' dir='ltr'>ut</span> <span class='ocrx_word' id='word_1_242' title='bbox 892 1780 948 1821; x_wconf 92' lang='lat' dir='ltr'>M.</span> <span class='ocrx_word' id='word_1_243' title='bbox 980 1780 1185 1834; x_wconf 90' lang='lat' dir='ltr'>Lepidus,</span> <span class='ocrx_word' id='word_1_244' title='bbox 1223 1794 1353 1834; x_wconf 91' lang='lat' dir='ltr'>quom</span> <span class='ocrx_word' id='word_1_245' title='bbox 1385 1794 1447 1821; x_wconf 90' lang='lat' dir='ltr'>ce-</span> 
     </span>
     <span class='ocr_line' id='line_1_30' title="bbox 102 1838 1447 1893; baseline -0.001 -14"><span class='ocrx_word' id='word_1_246' title='bbox 102 1838 206 1880; x_wconf 87' lang='lat' dir='ltr'>teris</span> <span class='ocrx_word' id='word_1_247' title='bbox 240 1853 283 1879; x_wconf 92' lang='lat' dir='ltr'>se</span> <span class='ocrx_word' id='word_1_248' title='bbox 315 1838 361 1878; x_wconf 92' lang='lat' dir='ltr'>in</span> <span class='ocrx_word' id='word_1_249' title='bbox 393 1853 542 1893; x_wconf 87' lang='lat' dir='ltr'>campo</span> <span class='ocrx_word' id='word_1_250' title='bbox 575 1839 871 1880; x_wconf 88' lang='lat' dir='ltr'>exercentibus</span> <span class='ocrx_word' id='word_1_251' title='bbox 907 1839 998 1892; x_wconf 89' lang='lat' dir='ltr'>ipse</span> <span class='ocrx_word' id='word_1_252' title='bbox 1030 1838 1076 1878; x_wconf 94' lang='lat' dir='ltr'>in</span> <span class='ocrx_word' id='word_1_253' title='bbox 1106 1838 1240 1878; x_wconf 88' lang='lat' dir='ltr'>herba</span> <span class='ocrx_word' id='word_1_254' title='bbox 1270 1838 1447 1879; x_wconf 89' lang='lat' dir='ltr'>recubu-</span> 
     </span>
    </p>

    <p class='ocr_par' dir='ltr' id='par_1_8' title="bbox 50 1895 1448 2183">
     <span class='ocr_line' id='line_1_31' title="bbox 50 1895 1447 1951; baseline -0.001 -13"><span class='ocrx_word' id='word_1_255' title='bbox 50 1897 221 1951; x_wconf 85' lang='lat' dir='ltr'>30isset,</span> <span class='ocrx_word' id='word_1_256' title='bbox 252 1896 440 1937; x_wconf 90' lang='lat' dir='ltr'>Vellem</span> <span class='ocrx_word' id='word_1_257' title='bbox 471 1897 563 1938; x_wconf 92' lang='lat' dir='ltr'>hoc</span> <span class='ocrx_word' id='word_1_258' title='bbox 597 1900 744 1951; x_wconf 89' lang='lat' dir='ltr'>esset,</span> <span class='ocrx_word' id='word_1_259' title='bbox 780 1897 933 1951; x_wconf 90' lang='lat' dir='ltr'>inquit,</span> <span class='ocrx_word' id='word_1_260' title='bbox 964 1897 1213 1937; x_wconf 88' lang='lat' dir='ltr'>laborare.</span> <span class='ocrx_word' id='word_1_261' title='bbox 1277 1895 1447 1937; x_wconf 84' lang='lat' dir='ltr'>Salsum</span> 
     </span>
     <span class='ocr_line' id='line_1_32' title="bbox 104 1954 1446 2009; baseline -0.001 -13"><span class='ocrx_word' id='word_1_262' title='bbox 104 1958 169 1996; x_wconf 89' lang='lat' dir='ltr'>est</span> <span class='ocrx_word' id='word_1_263' title='bbox 209 1954 338 1995; x_wconf 86' lang='lat' dir='ltr'>etiam</span> <span class='ocrx_word' id='word_1_264' title='bbox 376 1955 677 2008; x_wconf 85' lang='lat' dir='ltr'>quaerentibus</span> <span class='ocrx_word' id='word_1_265' title='bbox 716 1959 759 1996; x_wconf 92' lang='lat' dir='ltr'>et</span> <span class='ocrx_word' id='word_1_266' title='bbox 791 1955 912 2009; x_wconf 88' lang='lat' dir='ltr'>quasi</span> <span class='ocrx_word' id='word_1_267' title='bbox 945 1954 1300 2009; x_wconf 88' lang='lat' dir='ltr'>percontantibus</span> <span class='ocrx_word' id='word_1_268' title='bbox 1332 1954 1446 1995; x_wconf 91' lang='lat' dir='ltr'>lente</span> 
     </span>
     <span class='ocr_line' id='line_1_33' title="bbox 103 2012 1447 2068; baseline 0 -15"><span class='ocrx_word' id='word_1_269' title='bbox 103 2013 358 2067; x_wconf 88' lang='lat' dir='ltr'>respondere</span> <span class='ocrx_word' id='word_1_270' title='bbox 409 2014 522 2066; x_wconf 88' lang='lat' dir='ltr'>quod</span> <span class='ocrx_word' id='word_1_271' title='bbox 569 2014 728 2068; x_wconf 89' lang='lat' dir='ltr'>nolint,</span> <span class='ocrx_word' id='word_1_272' title='bbox 776 2017 825 2054; x_wconf 89' lang='lat' dir='ltr'>ut</span> <span class='ocrx_word' id='word_1_273' title='bbox 869 2027 1019 2054; x_wconf 89' lang='lat' dir='ltr'>censor</span> <span class='ocrx_word' id='word_1_274' title='bbox 1062 2012 1267 2067; x_wconf 90' lang='lat' dir='ltr'>Lepidus,</span> <span class='ocrx_word' id='word_1_275' title='bbox 1317 2027 1447 2066; x_wconf 89' lang='lat' dir='ltr'>quom</span> 
     </span>
     <span class='ocr_line' id='line_1_34' title="bbox 103 2070 1447 2126; baseline 0.001 -15"><span class='ocrx_word' id='word_1_276' title='bbox 103 2070 159 2111; x_wconf 93' lang='lat' dir='ltr'>M.</span> <span class='ocrx_word' id='word_1_277' title='bbox 192 2070 383 2112; x_wconf 81' lang='lat' dir='ltr'>Antistio</span> <span class='ocrx_word' id='word_1_278' title='bbox 421 2071 629 2126; x_wconf 78' lang='lat' dir='ltr'>Pyrgensi</span> <span class='ocrx_word' id='word_1_279' title='bbox 670 2086 823 2125; x_wconf 88' lang='lat' dir='ltr'>equom</span> <span class='ocrx_word' id='word_1_280' title='bbox 865 2071 1111 2126; x_wconf 90' lang='lat' dir='ltr'>ademisset,</span> <span class='ocrx_word' id='word_1_281' title='bbox 1153 2071 1279 2112; x_wconf 89' lang='lat' dir='ltr'>amici</span> <span class='ocrx_word' id='word_1_282' title='bbox 1317 2085 1447 2124; x_wconf 84' lang='lat' dir='ltr'>quom</span> 
     </span>
     <span class='ocr_line' id='line_1_35' title="bbox 103 2129 1448 2183; baseline 0.001 -14"><span class='ocrx_word' id='word_1_283' title='bbox 103 2129 439 2170; x_wconf 87' lang='lat' dir='ltr'>vociferarentur</span> <span class='ocrx_word' id='word_1_284' title='bbox 483 2133 525 2170; x_wconf 92' lang='lat' dir='ltr'>et</span> <span class='ocrx_word' id='word_1_285' title='bbox 568 2133 818 2183; x_wconf 88' lang='lat' dir='ltr'>quaererent</span> <span class='ocrx_word' id='word_1_286' title='bbox 860 2129 962 2183; x_wconf 91' lang='lat' dir='ltr'>quid</span> <span class='ocrx_word' id='word_1_287' title='bbox 1001 2129 1072 2170; x_wconf 81' lang='lat' dir='ltr'>ille</span> <span class='ocrx_word' id='word_1_288' title='bbox 1114 2129 1230 2183; x_wconf 91' lang='lat' dir='ltr'>patri</span> <span class='ocrx_word' id='word_1_289' title='bbox 1272 2144 1348 2170; x_wconf 92' lang='lat' dir='ltr'>suo</span> <span class='ocrx_word' id='word_1_290' title='bbox 1387 2144 1448 2169; x_wconf 88' lang='lat' dir='ltr'>re-</span> 
     </span>
    </p>

    <p class='ocr_par' dir='ltr' id='par_1_9' title="bbox 51 2187 1449 2359">
     <span class='ocr_line' id='line_1_36' title="bbox 51 2187 1447 2242; baseline -0.001 -14"><span class='ocrx_word' id='word_1_291' title='bbox 51 2203 85 2229; x_wconf 83' lang='lat'>35</span> <span class='ocrx_word' id='word_1_292' title='bbox 106 2187 333 2241; x_wconf 89' lang='lat' dir='ltr'>sponderet</span> <span class='ocrx_word' id='word_1_293' title='bbox 371 2201 445 2228; x_wconf 88' lang='lat' dir='ltr'>cur</span> <span class='ocrx_word' id='word_1_294' title='bbox 483 2188 728 2242; x_wconf 87' lang='lat' dir='ltr'>ademptum</span> <span class='ocrx_word' id='word_1_295' title='bbox 769 2188 851 2229; x_wconf 90' lang='lat' dir='ltr'>sibi</span> <span class='ocrx_word' id='word_1_296' title='bbox 882 2202 1036 2242; x_wconf 87' lang='lat' dir='ltr'>equom</span> <span class='ocrx_word' id='word_1_297' title='bbox 1069 2188 1283 2240; x_wconf 88' lang='lat' dir='ltr'>[diceret],</span> <span class='ocrx_word' id='word_1_298' title='bbox 1318 2201 1447 2240; x_wconf 86' lang='lat' dir='ltr'>quom</span> 
     </span>
     <span class='ocr_line' id='line_1_37' title="bbox 106 2245 1446 2301; baseline -0.001 -15"><span class='ocrx_word' id='word_1_299' title='bbox 106 2246 293 2299; x_wconf 88' lang='lat' dir='ltr'>optimus</span> <span class='ocrx_word' id='word_1_300' title='bbox 338 2245 532 2299; x_wconf 90' lang='lat' dir='ltr'>colonus,</span> <span class='ocrx_word' id='word_1_301' title='bbox 581 2260 710 2300; x_wconf 90' lang='lat' dir='ltr'>quom</span> <span class='ocrx_word' id='word_1_302' title='bbox 759 2246 1049 2301; x_wconf 84' lang='lat' dir='ltr'>parcissumus</span> <span class='ocrx_word' id='word_1_303' title='bbox 1104 2245 1446 2287; x_wconf 86' lang='lat' dir='ltr'>modestissimus</span> 
     </span>
     <span class='ocr_line' id='line_1_38' title="bbox 104 2303 1449 2359; baseline -0.001 -16"><span class='ocrx_word' id='word_1_304' title='bbox 104 2303 419 2358; x_wconf 82' lang='lat' dir='ltr'>frugalissimus</span> <span class='ocrx_word' id='word_1_305' title='bbox 453 2306 583 2358; x_wconf 89' lang='lat' dir='ltr'>esset,</span> <span class='ocrx_word' id='word_1_306' title='bbox 613 2304 688 2345; x_wconf 91' lang='lat' dir='ltr'>Me</span> <span class='ocrx_word' id='word_1_307' title='bbox 720 2304 957 2359; x_wconf 90' lang='lat' dir='ltr'>istorum,</span> <span class='ocrx_word' id='word_1_308' title='bbox 992 2303 1153 2359; x_wconf 89' lang='lat' dir='ltr'>inquit,</span> <span class='ocrx_word' id='word_1_309' title='bbox 1183 2303 1314 2344; x_wconf 90' lang='lat' dir='ltr'>nihil</span> <span class='ocrx_word' id='word_1_310' title='bbox 1346 2316 1449 2343; x_wconf 91' lang='lat' dir='ltr'>cre-</span> 
     </span>
    </p>
   </div>
  </div>
 </body>
</html>
