1643 2526
583 84 682 119 CAP.
711 87 813 118 5—6.
859 87 877 125 g
905 86 1053 117 14—21.
1406 81 1491 122 393

151 179 296 234 modo3
339 179 482 234 qualia
515 182 614 220 sunt
647 193 714 233 ea,
751 192 857 232 quae
895 178 1213 219 transferuntur
1252 180 1327 218 aut
1356 177 1493 218 inmu-

150 241 309 292 tantur,
335 241 409 279 aut
429 253 489 292 ea,
515 237 669 292 quibus
696 241 916 291 tamquam
942 236 1173 291 abutimur,
1198 239 1272 276 aut
1298 250 1359 290 ea,
1384 250 1491 289 quae

151 296 448 351 obscuramus,
488 310 594 350 quae
632 295 939 337 incredibiliter
977 295 1168 336 tollimus
1202 308 1391 348 quaeque
1424 294 1492 334 ad-

150 354 403 409 mirabilius,
423 369 550 409 quam
571 354 778 395 sermonis
799 354 1061 395 consuetudo
1081 353 1257 407 patitur,
1278 367 1490 393 ornamus.

115 430 130 455 5
151 411 194 454 C.
227 413 377 454 Habeo
410 413 459 454 de
489 412 754 467 simplicibus
780 412 934 466 verbis,
964 427 1077 453 nunc
1110 412 1160 452 de
1192 411 1490 452 coniunctione

150 485 320 524 quaero.
381 470 426 511 P.
459 471 639 512 Numeri
671 471 843 525 quidam
875 473 975 511 sunt
1006 470 1051 510 in
1077 469 1376 511 coniunctione
1409 484 1491 510 ser-

150 529 276 570 vandi
311 529 638 583 consecutioque
671 529 909 571 verborum.
971 527 1186 569 Numeros
1219 543 1341 569 aures
1373 528 1490 581 ipsae

150 588 403 642 metiuntur,
439 602 491 629 ne
531 591 603 629 aut
640 602 727 629 non
765 587 978 641 compleas
1016 587 1156 628 verbis
1190 587 1302 640 quod
1340 600 1492 640 propo-

150 646 284 687 sueris
317 650 392 687 aut
422 646 642 687 redundes.
705 644 961 687 Consecutio
992 649 1147 699 autem,
1178 660 1229 685 ne
1264 645 1491 699 generibus

97 722 129 746 ιο
148 704 336 746 numeris
357 705 621 759 temporibus
641 704 835 758 personis
856 704 1025 746 casibus
1045 703 1320 758 perturbetur
1341 703 1490 744 oratio.

149 762 263 804 Nam
294 766 342 803 ut
372 763 417 803 in
450 762 716 817 simplicibus
748 763 890 803 verbis
923 763 1036 816 quod
1066 776 1154 803 non
1186 765 1251 802 est
1275 761 1491 815 Latinum,

151 821 210 862 sic
242 821 287 861 in
319 821 557 862 coniunctis
591 822 703 874 quod
734 835 821 861 non
852 824 917 862 est
955 835 1218 874 consequens
1250 819 1491 874 vituperan-

150 879 250 920 dum
277 883 352 921 est.
409 878 663 920 Communia
689 883 831 920 autem
858 879 1117 933 simplicium
1149 878 1491 920 coniunctorum-

150 952 230 991 que
261 938 366 979 haec
399 941 499 978 sunt
531 938 717 992 quinque
749 938 871 991 quasi
901 937 1076 989 lumina,
1107 937 1339 978 dilucidum
1365 937 1490 977 breve

95 1013 128 1038 15
148 996 370 1050 probabile
396 996 576 1037 inlustre
597 1011 735 1037 suave.
785 996 1031 1036 Dilucidum
1056 996 1131 1036 fiet
1150 995 1323 1036 usitatis
1349 994 1490 1036 verbis

147 1054 332 1108 propriis
366 1054 598 1108 dispositis,
633 1056 741 1106 [aut]
771 1054 1164 1108 circumscriptione
1191 1053 1391 1095 conclusa
1417 1056 1491 1094 aut

147 1113 464 1154 intermissione
486 1116 560 1153 aut
575 1112 817 1154 concisione
831 1113 1076 1167 verborum3
1097 1112 1326 1153 obscurum
1347 1115 1489 1152 autem

148 1174 223 1212 aut
258 1171 526 1226 longitudine
565 1174 638 1211 aut
677 1171 969 1212 contractione
1009 1170 1214 1211 orationis
1255 1173 1328 1210 aut
1360 1170 1511 1215 ambi<

149 1229 314 1283 gnitate
359 1232 432 1270 aut
476 1229 704 1270 inflexione
751 1232 878 1283 atque
922 1228 1206 1269 inmutatione
1250 1228 1489 1269 verborum.

95 1305 130 1329 20
149 1287 345 1328 Brevitas
391 1290 534 1328 autem
578 1287 803 1328 conficitur
848 1287 1112 1340 simplicibus
1155 1287 1314 1340 verbis,
1360 1287 1490 1327 semel

149 1360 234 1386 una
267 1360 432 1399 quaque
465 1360 508 1386 re
542 1345 728 1394 dicenda,
760 1345 869 1386 nulli
894 1345 955 1386 rei
980 1345 1064 1386 nisi
1090 1348 1139 1385 ut
1158 1345 1346 1386 vdilucide
1373 1345 1489 1386 dicas

150 1403 381 1445 serviendo.
442 1403 671 1444 Probabile
716 1406 858 1444 autem
903 1418 1036 1458 genus
1078 1406 1143 1444 est
1185 1403 1411 1457 orationis,
1454 1403 1489 1443 si

147 1476 235 1502 non
265 1462 393 1502 nimis
426 1464 491 1502 est
517 1465 735 1516 comptum
762 1465 888 1516 atque
916 1461 1164 1516 expolitum,
1196 1461 1232 1502 si
1257 1464 1322 1502 est
1348 1464 1490 1502 aucto-

148 1520 254 1561 ritas
287 1535 334 1561 ac
367 1521 531 1574 pondus
563 1520 608 1560 in
639 1520 792 1574 verbis,
824 1520 860 1560 si
893 1520 1129 1561 sententiae
1155 1520 1221 1561 vel
1247 1534 1397 1574 graves
1423 1519 1490 1560 vel

95 1596 128 1621 25
149 1582 273 1632 aptae
306 1578 578 1632 opinionibus
610 1578 833 1619 hominum
863 1593 911 1620 ac
943 1579 1146 1619 moribus.
1195 1578 1397 1618 Inlustris
1425 1581 1489 1618 est

148 1640 292 1678 autem
324 1637 480 1691 oratio,
518 1637 554 1677 si
587 1640 629 1678 et
659 1637 788 1678 verba
827 1637 1037 1692 gravitate
1076 1636 1240 1677 delecta
1272 1639 1491 1690 ponuntur

149 1698 191 1736 et
222 1695 431 1736 translata
463 1698 505 1736 et
538 1696 755 1749 supralata
787 1699 829 1736 et
855 1695 907 1736 ad
938 1709 1094 1736 nomen
1127 1695 1326 1735 adiuncta
1352 1698 1395 1735 et
1420 1695 1491 1735 du-

148 1752 308 1806 plicata
351 1756 394 1794 et
435 1753 548 1794 idem
592 1753 881 1808 significantia
926 1756 1051 1806 atque
1093 1754 1146 1794 ab
1187 1753 1282 1807 ipsa
1323 1753 1489 1794 actione

150 1813 276 1864 atque
316 1811 558 1852 imitatione
598 1826 739 1853 rerum
780 1826 867 1853 non
907 1811 1194 1853 abhorrentia.
1255 1811 1336 1851 Est
1377 1811 1489 1852 enim

95 1886 130 1911 30
148 1868 253 1910 haec
284 1883 381 1923 pars
415 1869 640 1924 orationis,
681 1884 786 1923 quae
823 1884 914 1910 rem
952 1870 1187 1910 constituat
1225 1883 1358 1922 paene
1391 1872 1490 1910 ante

151 1927 315 1981 oculos3
345 1927 382 1967 is
409 1927 522 1968 enim
548 1927 730 1968 maxime
757 1942 905 1968 sensus
932 1928 1174 1982 attingitur,
1199 1927 1271 1968 sed
1298 1930 1341 1968 et
1360 1927 1490 1968 ceteri

149 1988 293 2025 tamen
325 1988 367 2025 et
398 1986 580 2026 maxime
613 2000 731 2026 mens
760 1986 855 2040 ipsa
880 1986 1042 2026 moveri
1066 1988 1222 2039 potest.
1274 1984 1356 2026 Sed
1383 2000 1489 2038 quae

149 2042 263 2084 dicta
302 2046 401 2083 sunt
438 2044 488 2084 de
530 2044 721 2085 oratione
763 2044 965 2097 dilucida,
1009 2044 1165 2085 cadunt
1201 2044 1247 2084 in
1282 2043 1393 2085 hanc
1430 2043 1490 2083 in-

148 2101 329 2141 lustrem
356 2101 508 2142 omnia.
558 2102 640 2142 Est
659 2102 772 2143 enim
797 2102 892 2156 plus
917 2102 1135 2156 aliquanto
1160 2102 1341 2142 inlustre
1363 2116 1490 2155 quam

95 2177 128 2201 35
148 2158 254 2199 illud
286 2159 527 2200 dilucidum.
588 2159 738 2201 Altero
769 2161 819 2200 fit
849 2163 899 2201 ut
928 2160 1243 2215 intellegamus,
1275 2160 1408 2200 altero
1442 2162 1490 2199 ut

149 2217 290 2258 videre
322 2216 550 2257 videamur.
613 2216 749 2258 Suave
776 2222 919 2259 autem
947 2233 1079 2273 genus
1109 2219 1190 2259 erit
1216 2217 1381 2258 dicendi
1407 2216 1490 2270 pri-

149 2290 266 2316 mum
298 2274 512 2329 elegantia
543 2278 585 2315 et
614 2275 877 2316 iocunditate
908 2277 1137 2317 verborum
1169 2274 1414 2316 sonant-ium
1446 2276 1488 2315 et

1518 387 1574 427 6.

1520 455 1562 486 18

1519 888 1560 918 19

1516 1587 1560 1618 20

1516 2226 1556 2257 '21
