1643 2526
181 91 267 133 354
758 90 952 125 ORATOR

177 189 347 242 praeter
383 200 456 227 eos
495 186 586 241 qui,
625 188 673 227 ut
710 200 881 227 versum
919 185 1127 241 facerent,
1168 201 1291 241 saepe
1327 186 1521 242 hiabant,

179 248 227 286 ut
255 244 461 286 Naevius:

238 326 352 380 Vos,
385 325 468 380 qui
501 325 735 367 accolitis
762 326 998 367 Histrum
1029 325 1245 367 fluvium
1276 329 1427 425 ,aisque
1454 327 1522 368 al-

1239 398 1287 439 gl
1331 400 1404 426 am

181 446 224 484 et
254 443 435 484 ibidem:
1557 461 1573 485 5
1618 457 1624 459 ⁴

241 523 393 572 Quam
423 538 693 578 numquam
726 523 872 564 vobis
907 522 1027 564 Grai
1061 527 1211 578 atque
1243 524 1462 565 barbari.

182 605 241 646 At
273 605 437 646 Ennius
472 620 597 659 saepe

243 686 415 741 Scipio
446 686 660 741 invicte,

183 772 225 810 et
258 768 387 809 semel
422 767 591 822 quidem
621 782 717 808 nos:

241 850 348 891 Hoc
380 852 518 890 motu
550 848 803 889 radiantis
837 849 1028 890 etesiae
1060 849 1111 889 in
1142 850 1268 891 vada
1299 849 1457 904 ponti.
1543 867 1576 892 10

114 943 276 984 153Hoc
312 942 426 984 idem
462 943 600 983 nostri
639 942 807 996 saepius
845 956 933 983 non
968 943 1188 997 tulissent,
1226 943 1339 996 quod
1371 942 1522 984 Graeci

181 1001 353 1043 laudare
398 1000 528 1042 etiam
573 1001 722 1042 solent.
792 998 873 1041 Sed
917 1001 1018 1054 quid
1061 1015 1140 1056 ego
1182 1001 1371 1043 vocalis?
1422 1001 1522 1042 Sine

182 1059 402 1101 vocalibus
440 1074 564 1113 saepe
596 1058 821 1100 brevitatis
854 1073 982 1100 causa
1014 1059 1343 1113 contrahebant,
1382 1062 1431 1100 ut
1460 1060 1523 1106 ita

183 1118 386 1159 dicerent:
437 1117 600 1158 multi’
651 1116 831 1171 modis,
874 1117 976 1158 vas'
1021 1118 1300 1172 argenteis,
1348 1117 1521 1171 palmi'

184 1176 432 1229 crinibus,
463 1175 608 1216 tecti'
635 1175 828 1217 fractis,
891 1174 1000 1223 Quid
1025 1190 1125 1216 vero
1150 1175 1361 1230 licentius,
1394 1190 1520 1229 quam
1543 1193 1575 1217 15

184 1234 297 1288 quod
321 1233 545 1274 hominum
571 1234 701 1274 etiam
725 1233 899 1274 nomina
921 1233 1244 1287 contrahebant,
1270 1248 1354 1287 quo
1381 1237 1524 1275 essent

184 1292 380 1346 aptiora?
424 1306 524 1333 nam
554 1295 603 1332 ut
634 1292 856 1332 duellum
889 1291 1060 1345 bellum,
1095 1293 1174 1343 [et]
1209 1292 1319 1332 duis
1352 1292 1432 1345 bis,
1463 1292 1523 1333 sic

183 1350 443 1391 Duellium
481 1364 578 1390 eum
617 1349 689 1404 qui
726 1349 892 1390 Poenos
935 1350 1069 1391 classe
1111 1349 1266 1391 devicit
1304 1350 1523 1391 Bellium

182 1408 522 1462 nominaverunt,
553 1423 650 1449 cum
677 1408 915 1462 superiores
948 1408 1151 1462 appellati
1183 1411 1325 1449 essent
1358 1423 1524 1463 semper

183 1466 366 1508 Duelli.
429 1465 541 1515 Quin
585 1466 715 1507 etiam
755 1466 884 1507 verba
924 1481 1050 1520 saepe
1091 1466 1401 1508 contrahuntur
1436 1481 1524 1507 non
1544 1485 1577 1508 πο

184 1539 286 1565 usus
307 1539 436 1565 causa
461 1525 533 1565 sed
559 1525 737 1565 aurium.
783 1523 874 1572 Quo
901 1525 1027 1565 modo
1054 1524 1166 1565 enim
1192 1527 1332 1566 vester
1351 1524 1524 1566 Axilla

184 1582 279 1623 Ala
322 1582 461 1624 factus
506 1586 571 1623 est
613 1583 696 1623 nisi
746 1582 850 1637 fuga
898 1583 1068 1624 litterae
1117 1583 1346 1624 vastioris?
1397 1598 1525 1637 quam
1558 1590 1563 1593 '

182 1640 373 1681 litteram
401 1641 531 1681 etiam
564 1655 585 1681 e
618 1640 843 1681 maxillis
877 1644 918 1681 et
950 1641 1151 1681 taxillis
1185 1643 1227 1681 et
1257 1641 1449 1694 paxillo
1482 1644 1526 1682 et

183 1698 372 1739 vexillo
415 1698 678 1739 consuetudo
721 1698 892 1753 elegans
929 1698 1074 1739 Latini
1118 1699 1324 1739 sermonis
1369 1699 1524 1740 evellit.

117 1756 401 1797 154Lubenter
434 1756 563 1797 etiam
595 1756 832 1810 copulando
859 1756 988 1797 verba
1018 1757 1267 1811 iungebant,
1297 1760 1346 1797 ut
1377 1757 1523 1798 sodes
1544 1774 1576 1799 25

184 1828 261 1868 pro
301 1814 342 1855 si
381 1814 552 1868 audes,
589 1814 658 1855 sis
696 1828 772 1868 pro
806 1814 848 1855 si
880 1814 965 1855 vis.
1027 1814 1119 1855 Iam
1157 1814 1202 1854 in
1239 1829 1323 1856 uno
1356 1815 1525 1870 capsis

184 1872 268 1913 tria
299 1873 429 1913 verba
461 1875 570 1914 sunt.
632 1872 729 1913 Ain
765 1886 842 1926 pro
881 1872 1038 1926 aisne,
1075 1873 1284 1926 nequire
1316 1887 1394 1927 pro
1425 1888 1525 1915 non

186 1931 347 1984 quire,
374 1930 523 1971 malle
542 1945 620 1985 pro
641 1931 802 1985 magis
823 1931 972 1983 velle,
997 1931 1133 1971 nolle
1160 1945 1238 1985 pro
1257 1945 1356 1972 non
1374 1932 1525 1985 velle,

186 1988 300 2029 dein
332 1988 461 2029 etiam
493 2003 618 2043 saepe
648 1992 690 2030 et
723 1989 836 2029 exin
866 2003 943 2042 pro
971 1989 1148 2030 deinde
1175 1992 1217 2030 et
1241 2004 1319 2043 pro
1347 1990 1524 2031 exinde

186 2046 376 2087 dicimus.
437 2046 565 2100 Quid,
601 2047 706 2087 illud
736 2061 823 2087 non
855 2047 941 2088 olet
971 2048 1080 2088 unde
1114 2047 1187 2102 sit,
1225 2048 1338 2102 quod
1369 2048 1525 2089 dicitur
1544 2066 1577 2090 30

187 2104 447 2157 cumillis,
476 2119 583 2145 cum
609 2108 752 2146 autem
778 2105 925 2145 nobis
951 2119 1037 2146 non
1064 2105 1231 2159 dicitur,
1257 2105 1329 2146 sed
1354 2106 1525 2148 nobis-

187 2162 322 2203 cum‘?
367 2162 467 2215 quia
505 2162 541 2203 si
571 2163 632 2203 ita
670 2163 898 2216 diceretur,
937 2163 1188 2205 obscaenius
1227 2167 1526 2205 concurrerent

186 2220 373 2274 litterae,
411 2223 460 2260 ut
497 2220 626 2261 etiam
651 2221 808 2274 'modo,
847 2221 931 2262 nisi
964 2225 1130 2262 autem
1160 2222 1526 2276 interposuissem,

187 2278 512 2319 concurrissent.
563 2279 628 2319 Ex
649 2292 698 2319 eo
719 2282 784 2319 est
810 2294 997 2320 mecum
1025 2283 1067 2320 et
1093 2283 1276 2335 tecum,
1305 2294 1393 2320 non
1419 2295 1526 2321 cum
