<?xml version="1.0" encoding="UTF-8"?>
<!DOCTYPE html PUBLIC "-//W3C//DTD XHTML 1.0 Transitional//EN"
    "http://www.w3.org/TR/xhtml1/DTD/xhtml1-transitional.dtd">
<html xmlns="http://www.w3.org/1999/xhtml" xml:lang="en" lang="en">
 <head>
  <title>
</title>
<meta http-equiv="Content-Type" content="text/html;charset=utf-8" />
  <meta name='ocr-system' content='tesseract 3.04.00' />
  <meta name='ocr-capabilities' content='ocr_page ocr_carea ocr_par ocr_line ocrx_word'/>
</head>
<body>
  <div class='ocr_page' id='page_1' title='image "./p2scriptaquaemanse01ciceuoft_0220.png"; bbox 0 0 1643 2526; ppageno 0'>
   <div class='ocr_carea' id='block_1_1' title="bbox 178 134 1001 176">
    <p class='ocr_par' dir='ltr' id='par_1_1' title="bbox 178 134 1001 176">
     <span class='ocr_line' id='line_1_1' title="bbox 178 134 1001 176; baseline -0.009 0"><span class='ocrx_word' id='word_1_1' title='bbox 178 135 259 176; x_wconf 85' lang='lat'>118</span> <span class='ocrx_word' id='word_1_2' title='bbox 685 134 748 168; x_wconf 91' lang='lat' dir='ltr'>DE</span> <span class='ocrx_word' id='word_1_3' title='bbox 776 134 1001 170; x_wconf 85' lang='lat' dir='ltr'><strong>ORATORE</strong></span> 
     </span>
    </p>
   </div>
   <div class='ocr_carea' id='block_1_2' title="bbox 101 229 1569 2379">
    <p class='ocr_par' dir='ltr' id='par_1_2' title="bbox 101 229 1569 2379">
     <span class='ocr_line' id='line_1_2' title="bbox 176 229 1516 285; baseline 0 -15"><span class='ocrx_word' id='word_1_4' title='bbox 176 229 322 285; x_wconf 81' lang='lat' dir='ltr'>generi</span> <span class='ocrx_word' id='word_1_5' title='bbox 363 229 570 270; x_wconf 88' lang='lat' dir='ltr'>orationis</span> <span class='ocrx_word' id='word_1_6' title='bbox 610 229 851 271; x_wconf 78' lang='lat' dir='ltr'>vehementi</span> <span class='ocrx_word' id='word_1_7' title='bbox 893 232 1021 283; x_wconf 87' lang='lat' dir='ltr'>atque</span> <span class='ocrx_word' id='word_1_8' title='bbox 1064 229 1198 271; x_wconf 86' lang='lat' dir='ltr'>atroci</span> <span class='ocrx_word' id='word_1_9' title='bbox 1236 243 1369 284; x_wconf 84' lang='lat' dir='ltr'>genus</span> <span class='ocrx_word' id='word_1_10' title='bbox 1409 229 1516 271; x_wconf 92' lang='lat' dir='ltr'>illud</span> 
     </span>
     <span class='ocr_line' id='line_1_3' title="bbox 176 287 1516 342; baseline 0.001 -14"><span class='ocrx_word' id='word_1_11' title='bbox 176 288 371 342; x_wconf 90' lang='lat' dir='ltr'>alterum,</span> <span class='ocrx_word' id='word_1_12' title='bbox 403 288 452 328; x_wconf 89' lang='lat' dir='ltr'>de</span> <span class='ocrx_word' id='word_1_13' title='bbox 479 302 562 341; x_wconf 90' lang='lat' dir='ltr'>quo</span> <span class='ocrx_word' id='word_1_14' title='bbox 590 291 688 328; x_wconf 88' lang='lat' dir='ltr'>ante</span> <span class='ocrx_word' id='word_1_15' title='bbox 720 287 947 342; x_wconf 78' lang='lat' dir='ltr'>disputavi,</span> <span class='ocrx_word' id='word_1_16' title='bbox 977 288 1168 329; x_wconf 75' lang='lat' dir='ltr'>lenitatis</span> <span class='ocrx_word' id='word_1_17' title='bbox 1201 291 1243 329; x_wconf 84' lang='lat' dir='ltr'>et</span> <span class='ocrx_word' id='word_1_18' title='bbox 1273 291 1516 329; x_wconf 86' lang='lat' dir='ltr'>mansuetu-</span> 
     </span>
     <span class='ocr_line' id='line_1_4' title="bbox 176 345 1516 401; baseline 0 -14"><span class='ocrx_word' id='word_1_19' title='bbox 176 346 286 387; x_wconf 87' lang='lat' dir='ltr'>dinis</span> <span class='ocrx_word' id='word_1_20' title='bbox 319 346 455 400; x_wconf 88' lang='lat' dir='ltr'>coepi:</span> <span class='ocrx_word' id='word_1_21' title='bbox 499 360 566 387; x_wconf 91' lang='lat' dir='ltr'>me</span> <span class='ocrx_word' id='word_1_22' title='bbox 597 360 675 400; x_wconf 90' lang='lat' dir='ltr'>pro</span> <span class='ocrx_word' id='word_1_23' title='bbox 707 360 802 387; x_wconf 92' lang='lat' dir='ltr'>meo</span> <span class='ocrx_word' id='word_1_24' title='bbox 836 346 984 401; x_wconf 84' lang='lat' dir='ltr'>sodali,</span> <span class='ocrx_word' id='word_1_25' title='bbox 1016 346 1089 400; x_wconf 91' lang='lat' dir='ltr'>qui</span> <span class='ocrx_word' id='word_1_26' title='bbox 1121 345 1226 387; x_wconf 88' lang='lat' dir='ltr'>mihi</span> <span class='ocrx_word' id='word_1_27' title='bbox 1256 346 1303 387; x_wconf 88' lang='lat' dir='ltr'>in</span> <span class='ocrx_word' id='word_1_28' title='bbox 1332 345 1516 388; x_wconf 88' lang='lat' dir='ltr'>liberum</span> 
     </span>
     <span class='ocr_line' id='line_1_5' title="bbox 174 404 1515 459; baseline 0.001 -15"><span class='ocrx_word' id='word_1_29' title='bbox 174 404 318 445; x_wconf 89' lang='lat' dir='ltr'>locum</span> <span class='ocrx_word' id='word_1_30' title='bbox 349 419 467 445; x_wconf 88' lang='lat' dir='ltr'>more</span> <span class='ocrx_word' id='word_1_31' title='bbox 499 404 709 445; x_wconf 88' lang='lat' dir='ltr'>maiorum</span> <span class='ocrx_word' id='word_1_32' title='bbox 741 419 832 445; x_wconf 92' lang='lat' dir='ltr'>esse</span> <span class='ocrx_word' id='word_1_33' title='bbox 865 405 1054 459; x_wconf 77' lang='lat' dir='ltr'>deberet,</span> <span class='ocrx_word' id='word_1_34' title='bbox 1092 407 1134 445; x_wconf 89' lang='lat' dir='ltr'>et</span> <span class='ocrx_word' id='word_1_35' title='bbox 1164 418 1242 458; x_wconf 87' lang='lat' dir='ltr'>pro</span> <span class='ocrx_word' id='word_1_36' title='bbox 1274 419 1369 446; x_wconf 92' lang='lat' dir='ltr'>mea</span> <span class='ocrx_word' id='word_1_37' title='bbox 1400 405 1515 446; x_wconf 93' lang='lat' dir='ltr'>omni</span> 
     </span>
     <span class='ocr_line' id='line_1_6' title="bbox 175 462 1551 518; baseline 0.001 -15"><span class='ocrx_word' id='word_1_38' title='bbox 175 462 291 503; x_wconf 81' lang='lat' dir='ltr'>fama</span> <span class='ocrx_word' id='word_1_39' title='bbox 314 476 447 516; x_wconf 83' lang='lat' dir='ltr'>prope</span> <span class='ocrx_word' id='word_1_40' title='bbox 471 462 740 516; x_wconf 83' lang='lat' dir='ltr'>fortunisque</span> <span class='ocrx_word' id='word_1_41' title='bbox 767 463 1001 518; x_wconf 74' lang='lat' dir='ltr'>decernere,</span> <span class='ocrx_word' id='word_1_42' title='bbox 1031 463 1139 504; x_wconf 84' lang='lat' dir='ltr'>nihil</span> <span class='ocrx_word' id='word_1_43' title='bbox 1165 462 1271 503; x_wconf 87' lang='lat' dir='ltr'>mihi</span> <span class='ocrx_word' id='word_1_44' title='bbox 1297 463 1349 504; x_wconf 87' lang='lat' dir='ltr'>ad</span> <span class='ocrx_word' id='word_1_45' title='bbox 1374 463 1516 504; x_wconf 79' lang='lat' dir='ltr'>existi·</span> <span class='ocrx_word' id='word_1_46' title='bbox 1534 479 1551 505; x_wconf 89' lang='lat'>5</span> 
     </span>
     <span class='ocr_line' id='line_1_7' title="bbox 176 521 1516 576; baseline 0.001 -15"><span class='ocrx_word' id='word_1_47' title='bbox 176 521 409 562; x_wconf 87' lang='lat' dir='ltr'>mationem</span> <span class='ocrx_word' id='word_1_48' title='bbox 440 521 621 576; x_wconf 77' lang='lat' dir='ltr'>turpius,</span> <span class='ocrx_word' id='word_1_49' title='bbox 657 521 766 562; x_wconf 83' lang='lat' dir='ltr'>nihil</span> <span class='ocrx_word' id='word_1_50' title='bbox 797 521 850 562; x_wconf 89' lang='lat' dir='ltr'>ad</span> <span class='ocrx_word' id='word_1_51' title='bbox 881 521 1071 562; x_wconf 90' lang='lat' dir='ltr'>dolorem</span> <span class='ocrx_word' id='word_1_52' title='bbox 1103 521 1294 562; x_wconf 83' lang='lat' dir='ltr'>acerbius</span> <span class='ocrx_word' id='word_1_53' title='bbox 1328 521 1516 563; x_wconf 88' lang='lat' dir='ltr'>accidere</span> 
     </span>
     <span class='ocr_line' id='line_1_8' title="bbox 175 579 1516 634; baseline 0 -14"><span class='ocrx_word' id='word_1_54' title='bbox 175 593 301 633; x_wconf 88' lang='lat' dir='ltr'>posse</span> <span class='ocrx_word' id='word_1_55' title='bbox 329 594 456 633; x_wconf 88' lang='lat' dir='ltr'>quam</span> <span class='ocrx_word' id='word_1_56' title='bbox 482 579 530 633; x_wconf 89' lang='lat' dir='ltr'>si,</span> <span class='ocrx_word' id='word_1_57' title='bbox 554 579 591 620; x_wconf 88' lang='lat' dir='ltr'>is</span> <span class='ocrx_word' id='word_1_58' title='bbox 619 579 691 633; x_wconf 88' lang='lat' dir='ltr'>qui</span> <span class='ocrx_word' id='word_1_59' title='bbox 717 594 842 634; x_wconf 87' lang='lat' dir='ltr'>saepe</span> <span class='ocrx_word' id='word_1_60' title='bbox 870 579 1140 621; x_wconf 81' lang='lat' dir='ltr'>alienissimis</span> <span class='ocrx_word' id='word_1_61' title='bbox 1168 595 1192 621; x_wconf 88' lang='lat' dir='ltr'>a</span> <span class='ocrx_word' id='word_1_62' title='bbox 1219 594 1285 620; x_wconf 90' lang='lat' dir='ltr'>me</span> <span class='ocrx_word' id='word_1_63' title='bbox 1312 580 1384 620; x_wconf 90' lang='lat' dir='ltr'>sed</span> <span class='ocrx_word' id='word_1_64' title='bbox 1410 579 1516 621; x_wconf 89' lang='lat' dir='ltr'>meis</span> 
     </span>
     <span class='ocr_line' id='line_1_9' title="bbox 176 637 1515 693; baseline 0.001 -15"><span class='ocrx_word' id='word_1_65' title='bbox 176 641 320 678; x_wconf 88' lang='lat' dir='ltr'>tamen</span> <span class='ocrx_word' id='word_1_66' title='bbox 361 637 525 679; x_wconf 79' lang='lat' dir='ltr'>civibus</span> <span class='ocrx_word' id='word_1_67' title='bbox 570 637 699 678; x_wconf 85' lang='lat' dir='ltr'>saluti</span> <span class='ocrx_word' id='word_1_68' title='bbox 744 638 1011 679; x_wconf 79' lang='lat' dir='ltr'>existimarer</span> <span class='ocrx_word' id='word_1_69' title='bbox 1050 638 1201 693; x_wconf 86' lang='lat' dir='ltr'>fuisse,</span> <span class='ocrx_word' id='word_1_70' title='bbox 1244 638 1378 678; x_wconf 87' lang='lat' dir='ltr'>sodali</span> <span class='ocrx_word' id='word_1_71' title='bbox 1420 652 1515 679; x_wconf 91' lang='lat' dir='ltr'>meo</span> 
     </span>
     <span class='ocr_line' id='line_1_10' title="bbox 107 695 1517 750; baseline -0.001 -13"><span class='ocrx_word' id='word_1_72' title='bbox 107 695 385 737; x_wconf 83' lang='lat' dir='ltr'>201auxilium</span> <span class='ocrx_word' id='word_1_73' title='bbox 421 695 530 736; x_wconf 68' lang='lat' dir='ltr'>ferre</span> <span class='ocrx_word' id='word_1_74' title='bbox 570 710 657 736; x_wconf 88' lang='lat' dir='ltr'>non</span> <span class='ocrx_word' id='word_1_75' title='bbox 693 696 941 750; x_wconf 86' lang='lat' dir='ltr'>potuissem.</span> <span class='ocrx_word' id='word_1_76' title='bbox 1002 695 1207 737; x_wconf 81' lang='lat' dir='ltr'>Petebam</span> <span class='ocrx_word' id='word_1_77' title='bbox 1239 711 1263 737; x_wconf 88' lang='lat' dir='ltr'>a</span> <span class='ocrx_word' id='word_1_78' title='bbox 1292 695 1517 750; x_wconf 89' lang='lat' dir='ltr'>iudicibus,</span> 
     </span>
     <span class='ocr_line' id='line_1_11' title="bbox 177 754 1569 809; baseline 0.001 -15"><span class='ocrx_word' id='word_1_79' title='bbox 177 757 225 794; x_wconf 87' lang='lat' dir='ltr'>ut</span> <span class='ocrx_word' id='word_1_80' title='bbox 262 754 367 794; x_wconf 87' lang='lat' dir='ltr'>illud</span> <span class='ocrx_word' id='word_1_81' title='bbox 407 754 538 794; x_wconf 84' lang='lat' dir='ltr'>aetati</span> <span class='ocrx_word' id='word_1_82' title='bbox 576 768 713 808; x_wconf 87' lang='lat' dir='ltr'>meae,</span> <span class='ocrx_word' id='word_1_83' title='bbox 752 758 801 795; x_wconf 89' lang='lat' dir='ltr'>ut</span> <span class='ocrx_word' id='word_1_84' title='bbox 836 754 1091 809; x_wconf 88' lang='lat' dir='ltr'>honoribus,</span> <span class='ocrx_word' id='word_1_85' title='bbox 1133 758 1182 795; x_wconf 89' lang='lat' dir='ltr'>ut</span> <span class='ocrx_word' id='word_1_86' title='bbox 1217 754 1343 795; x_wconf 91' lang='lat' dir='ltr'>rebus</span> <span class='ocrx_word' id='word_1_87' title='bbox 1383 754 1515 809; x_wconf 87' lang='lat' dir='ltr'>gest-is</span> <span class='ocrx_word' id='word_1_88' title='bbox 1535 770 1569 795; x_wconf 77' lang='grc' dir='ltr'>ιο</span> 
     </span>
     <span class='ocr_line' id='line_1_12' title="bbox 177 812 1514 866; baseline 0.001 -14"><span class='ocrx_word' id='word_1_89' title='bbox 177 812 467 866; x_wconf 61' lang='lat' dir='ltr'>concederent,</span> <span class='ocrx_word' id='word_1_90' title='bbox 499 812 534 852; x_wconf 90' lang='lat' dir='ltr'>si</span> <span class='ocrx_word' id='word_1_91' title='bbox 564 812 692 866; x_wconf 86' lang='lat' dir='ltr'>iusto,</span> <span class='ocrx_word' id='word_1_92' title='bbox 731 813 766 853; x_wconf 87' lang='lat' dir='ltr'>si</span> <span class='ocrx_word' id='word_1_93' title='bbox 797 813 868 866; x_wconf 91' lang='lat' dir='ltr'>pio</span> <span class='ocrx_word' id='word_1_94' title='bbox 902 813 1046 854; x_wconf 83' lang='lat' dir='ltr'>dolore</span> <span class='ocrx_word' id='word_1_95' title='bbox 1078 827 1145 853; x_wconf 91' lang='lat' dir='ltr'>me</span> <span class='ocrx_word' id='word_1_96' title='bbox 1177 827 1268 853; x_wconf 83' lang='lat' dir='ltr'>esse</span> <span class='ocrx_word' id='word_1_97' title='bbox 1301 812 1514 854; x_wconf 84' lang='lat' dir='ltr'>adfectum</span> 
     </span>
     <span class='ocr_line' id='line_1_13' title="bbox 175 870 1516 924; baseline 0.001 -14"><span class='ocrx_word' id='word_1_98' title='bbox 175 870 385 924; x_wconf 66' lang='lat' dir='ltr'>viderent,</span> <span class='ocrx_word' id='word_1_99' title='bbox 433 871 685 924; x_wconf 89' lang='lat' dir='ltr'>praesertim</span> <span class='ocrx_word' id='word_1_100' title='bbox 727 870 763 911; x_wconf 86' lang='lat' dir='ltr'>si</span> <span class='ocrx_word' id='word_1_101' title='bbox 802 871 848 910; x_wconf 92' lang='lat' dir='ltr'>in</span> <span class='ocrx_word' id='word_1_102' title='bbox 888 870 982 911; x_wconf 89' lang='lat' dir='ltr'>aliis</span> <span class='ocrx_word' id='word_1_103' title='bbox 1024 871 1162 911; x_wconf 88' lang='lat' dir='ltr'>causis</span> <span class='ocrx_word' id='word_1_104' title='bbox 1204 870 1516 912; x_wconf 82' lang='lat' dir='ltr'>intellexissent</span> 
     </span>
     <span class='ocr_line' id='line_1_14' title="bbox 177 928 1515 983; baseline 0.001 -15"><span class='ocrx_word' id='word_1_105' title='bbox 177 928 319 969; x_wconf 90' lang='lat' dir='ltr'>omnia</span> <span class='ocrx_word' id='word_1_106' title='bbox 356 943 422 968; x_wconf 91' lang='lat' dir='ltr'>me</span> <span class='ocrx_word' id='word_1_107' title='bbox 462 943 627 982; x_wconf 84' lang='lat' dir='ltr'>semper</span> <span class='ocrx_word' id='word_1_108' title='bbox 657 943 734 982; x_wconf 89' lang='lat' dir='ltr'>pro</span> <span class='ocrx_word' id='word_1_109' title='bbox 768 928 1003 970; x_wconf 89' lang='lat' dir='ltr'>amicorum</span> <span class='ocrx_word' id='word_1_110' title='bbox 1033 929 1251 983; x_wconf 87' lang='lat' dir='ltr'>periculis,</span> <span class='ocrx_word' id='word_1_111' title='bbox 1286 928 1396 969; x_wconf 89' lang='lat' dir='ltr'>nihil</span> <span class='ocrx_word' id='word_1_112' title='bbox 1426 944 1515 969; x_wconf 93' lang='lat' dir='ltr'>um-</span> 
     </span>
     <span class='ocr_line' id='line_1_15' title="bbox 177 986 1515 1041; baseline 0.001 -15"><span class='ocrx_word' id='word_1_113' title='bbox 177 1001 304 1040; x_wconf 90' lang='lat' dir='ltr'>quam</span> <span class='ocrx_word' id='word_1_114' title='bbox 334 1000 412 1040; x_wconf 89' lang='lat' dir='ltr'>pro</span> <span class='ocrx_word' id='word_1_115' title='bbox 444 1001 511 1027; x_wconf 89' lang='lat' dir='ltr'>me</span> <span class='ocrx_word' id='word_1_116' title='bbox 543 986 636 1040; x_wconf 86' lang='lat' dir='ltr'>ipso</span> <span class='ocrx_word' id='word_1_117' title='bbox 669 987 952 1041; x_wconf 85' lang='lat' dir='ltr'>deprecatum.</span> <span class='ocrx_word' id='word_1_118' title='bbox 1015 986 1085 1028; x_wconf 80' lang='lat' dir='ltr'>Sic</span> <span class='ocrx_word' id='word_1_119' title='bbox 1121 987 1166 1027; x_wconf 89' lang='lat' dir='ltr'>in</span> <span class='ocrx_word' id='word_1_120' title='bbox 1195 987 1270 1028; x_wconf 89' lang='lat' dir='ltr'>illa</span> <span class='ocrx_word' id='word_1_121' title='bbox 1302 987 1418 1028; x_wconf 89' lang='lat' dir='ltr'>omni</span> <span class='ocrx_word' id='word_1_122' title='bbox 1449 987 1515 1028; x_wconf 88' lang='lat' dir='ltr'>de-</span> 
     </span>
     <span class='ocr_line' id='line_1_16' title="bbox 175 1044 1568 1099; baseline 0.001 -15"><span class='ocrx_word' id='word_1_123' title='bbox 175 1044 367 1085; x_wconf 83' lang='lat' dir='ltr'>fensione</span> <span class='ocrx_word' id='word_1_124' title='bbox 400 1048 526 1098; x_wconf 88' lang='lat' dir='ltr'>atque</span> <span class='ocrx_word' id='word_1_125' title='bbox 559 1060 685 1086; x_wconf 85' lang='lat' dir='ltr'>causa</span> <span class='ocrx_word' id='word_1_126' title='bbox 719 1045 831 1098; x_wconf 89' lang='lat' dir='ltr'>quod</span> <span class='ocrx_word' id='word_1_127' title='bbox 863 1060 954 1086; x_wconf 87' lang='lat' dir='ltr'>esse</span> <span class='ocrx_word' id='word_1_128' title='bbox 985 1045 1031 1085; x_wconf 89' lang='lat' dir='ltr'>in</span> <span class='ocrx_word' id='word_1_129' title='bbox 1063 1049 1152 1087; x_wconf 84' lang='lat' dir='ltr'>arte</span> <span class='ocrx_word' id='word_1_130' title='bbox 1183 1045 1373 1099; x_wconf 84' lang='lat' dir='ltr'>positum</span> <span class='ocrx_word' id='word_1_131' title='bbox 1403 1045 1515 1086; x_wconf 86' lang='lat' dir='ltr'>vide-</span> <span class='ocrx_word' id='word_1_132' title='bbox 1535 1059 1568 1086; x_wconf 86' lang='lat'>15</span> 
     </span>
     <span class='ocr_line' id='line_1_17' title="bbox 175 1103 1515 1158; baseline 0.001 -15"><span class='ocrx_word' id='word_1_133' title='bbox 175 1103 321 1157; x_wconf 83' lang='lat' dir='ltr'>batur,</span> <span class='ocrx_word' id='word_1_134' title='bbox 363 1106 412 1143; x_wconf 88' lang='lat' dir='ltr'>ut</span> <span class='ocrx_word' id='word_1_135' title='bbox 455 1104 504 1143; x_wconf 90' lang='lat' dir='ltr'>de</span> <span class='ocrx_word' id='word_1_136' title='bbox 548 1103 641 1158; x_wconf 81' lang='lat' dir='ltr'>lege</span> <span class='ocrx_word' id='word_1_137' title='bbox 672 1103 885 1157; x_wconf 86' lang='lat' dir='ltr'>Appuleia</span> <span class='ocrx_word' id='word_1_138' title='bbox 928 1103 1128 1157; x_wconf 78' lang='lat' dir='ltr'>dicerem,</span> <span class='ocrx_word' id='word_1_139' title='bbox 1172 1106 1220 1144; x_wconf 84' lang='lat' dir='ltr'>ut</span> <span class='ocrx_word' id='word_1_140' title='bbox 1262 1103 1362 1157; x_wconf 90' lang='lat' dir='ltr'>quid</span> <span class='ocrx_word' id='word_1_141' title='bbox 1402 1106 1515 1145; x_wconf 88' lang='lat' dir='ltr'>esset</span> 
     </span>
     <span class='ocr_line' id='line_1_18' title="bbox 175 1161 1516 1216; baseline 0.001 -15"><span class='ocrx_word' id='word_1_142' title='bbox 175 1161 364 1202; x_wconf 87' lang='lat' dir='ltr'>minuere</span> <span class='ocrx_word' id='word_1_143' title='bbox 391 1161 660 1202; x_wconf 84' lang='lat' dir='ltr'>maiestatem</span> <span class='ocrx_word' id='word_1_144' title='bbox 687 1162 953 1215; x_wconf 78' lang='lat' dir='ltr'>explicarem,</span> <span class='ocrx_word' id='word_1_145' title='bbox 985 1176 1188 1216; x_wconf 85' lang='lat' dir='ltr'>perquam</span> <span class='ocrx_word' id='word_1_146' title='bbox 1214 1162 1400 1202; x_wconf 84' lang='lat' dir='ltr'>breviter</span> <span class='ocrx_word' id='word_1_147' title='bbox 1424 1176 1516 1215; x_wconf 90' lang='lat' dir='ltr'>per-</span> 
     </span>
     <span class='ocr_line' id='line_1_19' title="bbox 176 1219 1516 1275; baseline 0.001 -16"><span class='ocrx_word' id='word_1_148' title='bbox 176 1219 329 1260; x_wconf 79' lang='lat' dir='ltr'>strinxi</span> <span class='ocrx_word' id='word_1_149' title='bbox 370 1222 496 1273; x_wconf 84' lang='lat' dir='ltr'>atque</span> <span class='ocrx_word' id='word_1_150' title='bbox 540 1219 683 1274; x_wconf 76' lang='lat' dir='ltr'>attigi3</span> <span class='ocrx_word' id='word_1_151' title='bbox 732 1219 799 1260; x_wconf 92' lang='lat' dir='ltr'>his</span> <span class='ocrx_word' id='word_1_152' title='bbox 840 1220 1004 1260; x_wconf 87' lang='lat' dir='ltr'>duabus</span> <span class='ocrx_word' id='word_1_153' title='bbox 1046 1220 1241 1274; x_wconf 81' lang='lat' dir='ltr'>partibus</span> <span class='ocrx_word' id='word_1_154' title='bbox 1296 1220 1516 1275; x_wconf 85' lang='lat' dir='ltr'>orationis,</span> 
     </span>
     <span class='ocr_line' id='line_1_20' title="bbox 176 1277 1514 1330; baseline 0.001 -13"><span class='ocrx_word' id='word_1_155' title='bbox 176 1291 356 1330; x_wconf 87' lang='lat' dir='ltr'>quarum</span> <span class='ocrx_word' id='word_1_156' title='bbox 390 1277 523 1318; x_wconf 85' lang='lat' dir='ltr'>altera</span> <span class='ocrx_word' id='word_1_157' title='bbox 556 1278 969 1319; x_wconf 81' lang='lat' dir='ltr'>commendationem</span> <span class='ocrx_word' id='word_1_158' title='bbox 1004 1278 1135 1319; x_wconf 83' lang='lat' dir='ltr'>habet</span> <span class='ocrx_word' id='word_1_159' title='bbox 1167 1278 1300 1319; x_wconf 84' lang='lat' dir='ltr'>altera</span> <span class='ocrx_word' id='word_1_160' title='bbox 1332 1278 1514 1319; x_wconf 87' lang='lat' dir='ltr'>concita-</span> 
     </span>
     <span class='ocr_line' id='line_1_21' title="bbox 175 1336 1567 1390; baseline 0.001 -14"><span class='ocrx_word' id='word_1_161' title='bbox 175 1336 357 1390; x_wconf 86' lang='lat' dir='ltr'>tionem,</span> <span class='ocrx_word' id='word_1_162' title='bbox 408 1350 513 1389; x_wconf 86' lang='lat' dir='ltr'>quae</span> <span class='ocrx_word' id='word_1_163' title='bbox 554 1336 728 1377; x_wconf 90' lang='lat' dir='ltr'>minime</span> <span class='ocrx_word' id='word_1_164' title='bbox 777 1336 1015 1390; x_wconf 79' lang='lat' dir='ltr'>praeceptis</span> <span class='ocrx_word' id='word_1_165' title='bbox 1066 1336 1223 1377; x_wconf 84' lang='lat' dir='ltr'>artium</span> <span class='ocrx_word' id='word_1_166' title='bbox 1273 1339 1374 1377; x_wconf 76' lang='lat' dir='ltr'>sunt</span> <span class='ocrx_word' id='word_1_167' title='bbox 1422 1351 1514 1390; x_wconf 86' lang='lat' dir='ltr'>per·</span> <span class='ocrx_word' id='word_1_168' title='bbox 1533 1353 1567 1378; x_wconf 79' lang='lat'>20</span> 
     </span>
     <span class='ocr_line' id='line_1_22' title="bbox 176 1394 1516 1448; baseline 0.001 -14"><span class='ocrx_word' id='word_1_169' title='bbox 176 1394 353 1448; x_wconf 86' lang='lat' dir='ltr'>politae,</span> <span class='ocrx_word' id='word_1_170' title='bbox 397 1394 534 1434; x_wconf 90' lang='lat' dir='ltr'>omnis</span> <span class='ocrx_word' id='word_1_171' title='bbox 573 1398 638 1435; x_wconf 90' lang='lat' dir='ltr'>est</span> <span class='ocrx_word' id='word_1_172' title='bbox 674 1398 819 1435; x_wconf 83' lang='lat' dir='ltr'>tamen</span> <span class='ocrx_word' id='word_1_173' title='bbox 858 1395 932 1435; x_wconf 82' lang='lat' dir='ltr'>illa</span> <span class='ocrx_word' id='word_1_174' title='bbox 975 1409 1103 1436; x_wconf 88' lang='lat' dir='ltr'>causa</span> <span class='ocrx_word' id='word_1_175' title='bbox 1142 1397 1344 1448; x_wconf 85' lang='lat' dir='ltr'>tractata,</span> <span class='ocrx_word' id='word_1_176' title='bbox 1386 1397 1435 1435; x_wconf 81' lang='lat' dir='ltr'>ut</span> <span class='ocrx_word' id='word_1_177' title='bbox 1472 1397 1516 1436; x_wconf 84' lang='lat' dir='ltr'>et</span> 
     </span>
     <span class='ocr_line' id='line_1_23' title="bbox 175 1452 1514 1507; baseline 0.001 -15"><span class='ocrx_word' id='word_1_178' title='bbox 175 1467 419 1493; x_wconf 85' lang='lat' dir='ltr'>acerrumus</span> <span class='ocrx_word' id='word_1_179' title='bbox 450 1452 495 1492; x_wconf 91' lang='lat' dir='ltr'>in</span> <span class='ocrx_word' id='word_1_180' title='bbox 527 1452 754 1507; x_wconf 80' lang='lat' dir='ltr'>Caepionis</span> <span class='ocrx_word' id='word_1_181' title='bbox 795 1453 956 1494; x_wconf 76' lang='lat' dir='ltr'>invidia</span> <span class='ocrx_word' id='word_1_182' title='bbox 986 1453 1228 1494; x_wconf 83' lang='lat' dir='ltr'>renovanda</span> <span class='ocrx_word' id='word_1_183' title='bbox 1259 1456 1302 1493; x_wconf 88' lang='lat' dir='ltr'>et</span> <span class='ocrx_word' id='word_1_184' title='bbox 1331 1452 1378 1493; x_wconf 86' lang='lat' dir='ltr'>in</span> <span class='ocrx_word' id='word_1_185' title='bbox 1408 1452 1514 1494; x_wconf 87' lang='lat' dir='ltr'>meis</span> 
     </span>
     <span class='ocr_line' id='line_1_24' title="bbox 174 1510 1514 1565; baseline 0 -14"><span class='ocrx_word' id='word_1_186' title='bbox 174 1510 366 1551; x_wconf 90' lang='lat' dir='ltr'>moribus</span> <span class='ocrx_word' id='word_1_187' title='bbox 410 1525 512 1565; x_wconf 84' lang='lat' dir='ltr'>erga</span> <span class='ocrx_word' id='word_1_188' title='bbox 555 1525 672 1552; x_wconf 91' lang='lat' dir='ltr'>meos</span> <span class='ocrx_word' id='word_1_189' title='bbox 715 1511 976 1552; x_wconf 87' lang='lat' dir='ltr'>necessarios</span> <span class='ocrx_word' id='word_1_190' title='bbox 1021 1510 1282 1552; x_wconf 80' lang='lat' dir='ltr'>declarandis</span> <span class='ocrx_word' id='word_1_191' title='bbox 1323 1525 1514 1552; x_wconf 89' lang='lat' dir='ltr'>mansue-</span> 
     </span>
     <span class='ocr_line' id='line_1_25' title="bbox 173 1568 1513 1624; baseline -0.001 -15"><span class='ocrx_word' id='word_1_192' title='bbox 173 1568 366 1610; x_wconf 87' lang='lat' dir='ltr'>tissimus</span> <span class='ocrx_word' id='word_1_193' title='bbox 403 1569 578 1610; x_wconf 82' lang='lat' dir='ltr'>viderer.</span> <span class='ocrx_word' id='word_1_194' title='bbox 640 1569 707 1609; x_wconf 89' lang='lat' dir='ltr'>Ita</span> <span class='ocrx_word' id='word_1_195' title='bbox 745 1569 883 1624; x_wconf 78' lang='lat' dir='ltr'>magis</span> <span class='ocrx_word' id='word_1_196' title='bbox 921 1569 1097 1610; x_wconf 72' lang='lat' dir='ltr'>adfectis</span> <span class='ocrx_word' id='word_1_197' title='bbox 1135 1568 1287 1610; x_wconf 86' lang='lat' dir='ltr'>animis</span> <span class='ocrx_word' id='word_1_198' title='bbox 1325 1568 1513 1609; x_wconf 90' lang='lat' dir='ltr'>iudicum</span> 
     </span>
     <span class='ocr_line' id='line_1_26' title="bbox 175 1626 1565 1681; baseline 0.001 -14"><span class='ocrx_word' id='word_1_199' title='bbox 175 1642 302 1680; x_wconf 90' lang='lat' dir='ltr'>quam</span> <span class='ocrx_word' id='word_1_200' title='bbox 340 1627 476 1668; x_wconf 89' lang='lat' dir='ltr'>doctis</span> <span class='ocrx_word' id='word_1_201' title='bbox 516 1630 608 1681; x_wconf 88' lang='lat' dir='ltr'>tua,</span> <span class='ocrx_word' id='word_1_202' title='bbox 647 1626 826 1681; x_wconf 79' lang='lat' dir='ltr'>Sulpici,</span> <span class='ocrx_word' id='word_1_203' title='bbox 864 1630 928 1667; x_wconf 89' lang='lat' dir='ltr'>est</span> <span class='ocrx_word' id='word_1_204' title='bbox 961 1642 985 1667; x_wconf 91' lang='lat' dir='ltr'>a</span> <span class='ocrx_word' id='word_1_205' title='bbox 1015 1627 1150 1679; x_wconf 32' lang='lat' dir='ltr'>nobis·</span> <span class='ocrx_word' id='word_1_206' title='bbox 1171 1630 1265 1667; x_wconf 87' lang='lat' dir='ltr'>tum</span> <span class='ocrx_word' id='word_1_207' title='bbox 1297 1627 1511 1667; x_wconf 84' lang='lat' dir='ltr'>accusatio</span> <span class='ocrx_word' id='word_1_208' title='bbox 1532 1643 1565 1669; x_wconf 82' lang='lat'>25</span> 
     </span>
     <span class='ocr_line' id='line_1_27' title="bbox 104 1662 1514 1738; baseline 0 -13"><span class='ocrx_word' id='word_1_209' title='bbox 104 1662 161 1703; x_wconf 73' lang='lat'>50</span> <span class='ocrx_word' id='word_1_210' title='bbox 174 1684 297 1726; x_wconf 84' lang='lat' dir='ltr'>victa.</span> <span class='ocrx_word' id='word_1_211' title='bbox 347 1684 430 1726; x_wconf 93' lang='lat' dir='ltr'>Hic</span> <span class='ocrx_word' id='word_1_212' title='bbox 458 1683 687 1738; x_wconf 81' lang='lat' dir='ltr'>Sulpicius:</span> <span class='ocrx_word' id='word_1_213' title='bbox 722 1685 832 1725; x_wconf 89' lang='lat' dir='ltr'>Vere</span> <span class='ocrx_word' id='word_1_214' title='bbox 856 1685 1010 1738; x_wconf 86' lang='lat' dir='ltr'>hercle,</span> <span class='ocrx_word' id='word_1_215' title='bbox 1039 1684 1193 1738; x_wconf 84' lang='lat' dir='ltr'>inquit,</span> <span class='ocrx_word' id='word_1_216' title='bbox 1223 1684 1399 1738; x_wconf 88' lang='lat' dir='ltr'>Antoni,</span> <span class='ocrx_word' id='word_1_217' title='bbox 1428 1685 1514 1726; x_wconf 87' lang='lat' dir='ltr'>ista</span> 
     </span>
     <span class='ocr_line' id='line_1_28' title="bbox 175 1742 1514 1798; baseline 0 -15"><span class='ocrx_word' id='word_1_218' title='bbox 175 1757 494 1784; x_wconf 90' lang='lat' dir='ltr'>commemoras.</span> <span class='ocrx_word' id='word_1_219' title='bbox 555 1743 667 1783; x_wconf 86' lang='lat' dir='ltr'>Nam</span> <span class='ocrx_word' id='word_1_220' title='bbox 699 1757 778 1798; x_wconf 83' lang='lat' dir='ltr'>ego</span> <span class='ocrx_word' id='word_1_221' title='bbox 808 1743 915 1783; x_wconf 86' lang='lat' dir='ltr'>nihil</span> <span class='ocrx_word' id='word_1_222' title='bbox 947 1757 1149 1796; x_wconf 90' lang='lat' dir='ltr'>umquam</span> <span class='ocrx_word' id='word_1_223' title='bbox 1174 1742 1260 1783; x_wconf 83' lang='lat' dir='ltr'>vidi</span> <span class='ocrx_word' id='word_1_224' title='bbox 1286 1743 1399 1796; x_wconf 84' lang='lat' dir='ltr'>quod</span> <span class='ocrx_word' id='word_1_225' title='bbox 1424 1746 1514 1784; x_wconf 86' lang='lat' dir='ltr'>tam</span> 
     </span>
     <span class='ocr_line' id='line_1_29' title="bbox 173 1801 1514 1855; baseline 0.001 -14"><span class='ocrx_word' id='word_1_226' title='bbox 173 1815 195 1841; x_wconf 92' lang='lat' dir='ltr'>e</span> <span class='ocrx_word' id='word_1_227' title='bbox 226 1801 423 1842; x_wconf 84' lang='lat' dir='ltr'>manibus</span> <span class='ocrx_word' id='word_1_228' title='bbox 457 1801 706 1855; x_wconf 86' lang='lat' dir='ltr'>elaberetur,</span> <span class='ocrx_word' id='word_1_229' title='bbox 744 1815 872 1854; x_wconf 89' lang='lat' dir='ltr'>quam</span> <span class='ocrx_word' id='word_1_230' title='bbox 903 1801 1008 1841; x_wconf 89' lang='lat' dir='ltr'>mihi</span> <span class='ocrx_word' id='word_1_231' title='bbox 1041 1804 1134 1841; x_wconf 89' lang='lat' dir='ltr'>tum</span> <span class='ocrx_word' id='word_1_232' title='bbox 1167 1803 1231 1841; x_wconf 86' lang='lat' dir='ltr'>est</span> <span class='ocrx_word' id='word_1_233' title='bbox 1264 1801 1408 1855; x_wconf 88' lang='lat' dir='ltr'>elapsa</span> <span class='ocrx_word' id='word_1_234' title='bbox 1437 1801 1514 1842; x_wconf 87' lang='lat' dir='ltr'>illa</span> 
     </span>
     <span class='ocr_line' id='line_1_30' title="bbox 172 1858 1512 1913; baseline 0 -14"><span class='ocrx_word' id='word_1_235' title='bbox 172 1859 267 1913; x_wconf 84' lang='lat' dir='ltr'>ipsa</span> <span class='ocrx_word' id='word_1_236' title='bbox 299 1874 436 1900; x_wconf 86' lang='lat' dir='ltr'>causa.</span> <span class='ocrx_word' id='word_1_237' title='bbox 488 1858 625 1907; x_wconf 85' lang='lat' dir='ltr'>Quom</span> <span class='ocrx_word' id='word_1_238' title='bbox 657 1859 782 1913; x_wconf 87' lang='lat' dir='ltr'>enim,</span> <span class='ocrx_word' id='word_1_239' title='bbox 814 1873 939 1913; x_wconf 87' lang='lat' dir='ltr'>quem</span> <span class='ocrx_word' id='word_1_240' title='bbox 966 1859 1017 1899; x_wconf 91' lang='lat' dir='ltr'>ad</span> <span class='ocrx_word' id='word_1_241' title='bbox 1043 1859 1216 1899; x_wconf 89' lang='lat' dir='ltr'>modum</span> <span class='ocrx_word' id='word_1_242' title='bbox 1242 1859 1401 1913; x_wconf 85' lang='lat' dir='ltr'>dixisti,</span> <span class='ocrx_word' id='word_1_243' title='bbox 1430 1859 1512 1900; x_wconf 89' lang='lat' dir='ltr'>tibi</span> 
     </span>
     <span class='ocr_line' id='line_1_31' title="bbox 173 1917 1565 1972; baseline 0.001 -14"><span class='ocrx_word' id='word_1_244' title='bbox 173 1931 253 1972; x_wconf 81' lang='lat' dir='ltr'>ego</span> <span class='ocrx_word' id='word_1_245' title='bbox 296 1931 383 1958; x_wconf 89' lang='lat' dir='ltr'>non</span> <span class='ocrx_word' id='word_1_246' title='bbox 424 1917 629 1958; x_wconf 88' lang='lat' dir='ltr'>iudicium</span> <span class='ocrx_word' id='word_1_247' title='bbox 672 1918 745 1958; x_wconf 89' lang='lat' dir='ltr'>sed</span> <span class='ocrx_word' id='word_1_248' title='bbox 783 1917 1025 1958; x_wconf 89' lang='lat' dir='ltr'>incendium</span> <span class='ocrx_word' id='word_1_249' title='bbox 1066 1917 1354 1972; x_wconf 85' lang='lat' dir='ltr'>tradidissem,</span> <span class='ocrx_word' id='word_1_250' title='bbox 1398 1917 1512 1971; x_wconf 88' lang='lat' dir='ltr'>quod</span> <span class='ocrx_word' id='word_1_251' title='bbox 1531 1934 1565 1959; x_wconf 89' lang='lat'>30</span> 
     </span>
     <span class='ocr_line' id='line_1_32' title="bbox 172 1975 1511 2030; baseline 0.001 -15"><span class='ocrx_word' id='word_1_252' title='bbox 172 1979 293 2016; x_wconf 90' lang='lat' dir='ltr'>tuum</span> <span class='ocrx_word' id='word_1_253' title='bbox 319 1975 588 2030; x_wconf 89' lang='lat' dir='ltr'>principium,</span> <span class='ocrx_word' id='word_1_254' title='bbox 619 1975 661 2016; x_wconf 89' lang='lat' dir='ltr'>di</span> <span class='ocrx_word' id='word_1_255' title='bbox 686 1975 962 2029; x_wconf 71' lang='lat' dir='ltr'>immortales,</span> <span class='ocrx_word' id='word_1_256' title='bbox 992 1975 1094 2016; x_wconf 83' lang='lat' dir='ltr'>fuit!</span> <span class='ocrx_word' id='word_1_257' title='bbox 1129 1976 1200 2030; x_wconf 90' lang='lat' dir='ltr'>qui</span> <span class='ocrx_word' id='word_1_258' title='bbox 1226 1975 1371 2016; x_wconf 80' lang='lat' dir='ltr'>timor!</span> <span class='ocrx_word' id='word_1_259' title='bbox 1405 1990 1511 2029; x_wconf 88' lang='lat' dir='ltr'>quae</span> 
     </span>
     <span class='ocr_line' id='line_1_33' title="bbox 173 2032 1512 2088; baseline 0 -14"><span class='ocrx_word' id='word_1_260' title='bbox 173 2034 385 2074; x_wconf 86' lang='lat' dir='ltr'>dubitatio</span> <span class='ocrx_word' id='word_1_261' title='bbox 420 2034 597 2087; x_wconf 77' lang='lat' dir='ltr'>[quanta</span> <span class='ocrx_word' id='word_1_262' title='bbox 622 2034 869 2084; x_wconf 87' lang='lat' dir='ltr'>haesitatio]</span> <span class='ocrx_word' id='word_1_263' title='bbox 902 2036 1149 2088; x_wconf 85' lang='lat' dir='ltr'>tractusque</span> <span class='ocrx_word' id='word_1_264' title='bbox 1175 2034 1419 2074; x_wconf 84' lang='lat' dir='ltr'>verborum!</span> <span class='ocrx_word' id='word_1_265' title='bbox 1451 2032 1512 2075; x_wconf 78' lang='lat' dir='ltr'>Ut</span> 
     </span>
     <span class='ocr_line' id='line_1_34' title="bbox 172 2091 1513 2147; baseline 0 -16"><span class='ocrx_word' id='word_1_266' title='bbox 172 2094 221 2132; x_wconf 91' lang='lat' dir='ltr'>tu</span> <span class='ocrx_word' id='word_1_267' title='bbox 251 2091 357 2132; x_wconf 88' lang='lat' dir='ltr'>illud</span> <span class='ocrx_word' id='word_1_268' title='bbox 386 2091 530 2146; x_wconf 87' lang='lat' dir='ltr'>initio,</span> <span class='ocrx_word' id='word_1_269' title='bbox 571 2092 684 2146; x_wconf 90' lang='lat' dir='ltr'>quod</span> <span class='ocrx_word' id='word_1_270' title='bbox 720 2092 800 2133; x_wconf 87' lang='lat' dir='ltr'>tibi</span> <span class='ocrx_word' id='word_1_271' title='bbox 837 2106 969 2132; x_wconf 89' lang='lat' dir='ltr'>unum</span> <span class='ocrx_word' id='word_1_272' title='bbox 1007 2092 1060 2132; x_wconf 90' lang='lat' dir='ltr'>ad</span> <span class='ocrx_word' id='word_1_273' title='bbox 1095 2091 1402 2147; x_wconf 83' lang='lat' dir='ltr'>ignoscendum</span> <span class='ocrx_word' id='word_1_274' title='bbox 1440 2092 1513 2132; x_wconf 90' lang='lat' dir='ltr'>ho-</span> 
     </span>
     <span class='ocr_line' id='line_1_35' title="bbox 171 2149 1510 2204; baseline 0 -14"><span class='ocrx_word' id='word_1_275' title='bbox 171 2150 307 2191; x_wconf 90' lang='lat' dir='ltr'>mines</span> <span class='ocrx_word' id='word_1_276' title='bbox 346 2150 523 2204; x_wconf 87' lang='lat' dir='ltr'>dabant,</span> <span class='ocrx_word' id='word_1_277' title='bbox 560 2150 756 2191; x_wconf 85' lang='lat' dir='ltr'>tenuisti:</span> <span class='ocrx_word' id='word_1_278' title='bbox 800 2153 842 2190; x_wconf 89' lang='lat' dir='ltr'>te</span> <span class='ocrx_word' id='word_1_279' title='bbox 872 2164 950 2203; x_wconf 92' lang='lat' dir='ltr'>pro</span> <span class='ocrx_word' id='word_1_280' title='bbox 985 2149 1157 2191; x_wconf 89' lang='lat' dir='ltr'>homine</span> <span class='ocrx_word' id='word_1_281' title='bbox 1194 2149 1510 2204; x_wconf 87' lang='lat' dir='ltr'>pernecessario</span> 
     </span>
     <span class='ocr_line' id='line_1_36' title="bbox 173 2207 1565 2263; baseline 0.001 -15"><span class='ocrx_word' id='word_1_282' title='bbox 173 2211 396 2262; x_wconf 90' lang='lat' dir='ltr'>quaestore</span> <span class='ocrx_word' id='word_1_283' title='bbox 429 2211 504 2249; x_wconf 85' lang='lat' dir='ltr'>tuo</span> <span class='ocrx_word' id='word_1_284' title='bbox 539 2207 730 2263; x_wconf 79' lang='lat' dir='ltr'>[dicere]!</span> <span class='ocrx_word' id='word_1_285' title='bbox 764 2222 889 2262; x_wconf 87' lang='lat' dir='ltr'>quam</span> <span class='ocrx_word' id='word_1_286' title='bbox 922 2207 1003 2248; x_wconf 87' lang='lat' dir='ltr'>tibi</span> <span class='ocrx_word' id='word_1_287' title='bbox 1034 2208 1220 2262; x_wconf 88' lang='lat' dir='ltr'>primum</span> <span class='ocrx_word' id='word_1_288' title='bbox 1251 2207 1427 2248; x_wconf 82' lang='lat' dir='ltr'>munisti</span> <span class='ocrx_word' id='word_1_289' title='bbox 1459 2207 1511 2248; x_wconf 87' lang='lat' dir='ltr'>ad</span> <span class='ocrx_word' id='word_1_290' title='bbox 1530 2222 1565 2249; x_wconf 79' lang='lat'>35</span> 
     </span>
     <span class='ocr_line' id='line_1_37' title="bbox 101 2264 1511 2320; baseline -0.002 -12"><span class='ocrx_word' id='word_1_291' title='bbox 101 2269 213 2308; x_wconf 81' lang='lat' dir='ltr'>203te</span> <span class='ocrx_word' id='word_1_292' title='bbox 259 2266 511 2307; x_wconf 86' lang='lat' dir='ltr'>audiendum</span> <span class='ocrx_word' id='word_1_293' title='bbox 555 2266 687 2308; x_wconf 83' lang='lat' dir='ltr'>viam!</span> <span class='ocrx_word' id='word_1_294' title='bbox 749 2266 862 2307; x_wconf 88' lang='lat' dir='ltr'>Ecce</span> <span class='ocrx_word' id='word_1_295' title='bbox 900 2269 1060 2320; x_wconf 79' lang='lat' dir='ltr'>autem,</span> <span class='ocrx_word' id='word_1_296' title='bbox 1105 2281 1233 2320; x_wconf 90' lang='lat' dir='ltr'>quom</span> <span class='ocrx_word' id='word_1_297' title='bbox 1279 2267 1357 2317; x_wconf 89' lang='lat' dir='ltr'>[te]</span> <span class='ocrx_word' id='word_1_298' title='bbox 1402 2264 1511 2305; x_wconf 86' lang='lat' dir='ltr'>nihil</span> 
     </span>
     <span class='ocr_line' id='line_1_38' title="bbox 172 2322 1513 2379; baseline -0.001 -14"><span class='ocrx_word' id='word_1_299' title='bbox 172 2325 287 2366; x_wconf 83' lang='lat' dir='ltr'>aliud</span> <span class='ocrx_word' id='word_1_300' title='bbox 317 2324 548 2379; x_wconf 85' lang='lat' dir='ltr'>profecisse</span> <span class='ocrx_word' id='word_1_301' title='bbox 582 2325 813 2366; x_wconf 87' lang='lat' dir='ltr'>arbitrarer</span> <span class='ocrx_word' id='word_1_302' title='bbox 843 2324 927 2365; x_wconf 87' lang='lat' dir='ltr'>nisi</span> <span class='ocrx_word' id='word_1_303' title='bbox 958 2327 1007 2365; x_wconf 91' lang='lat' dir='ltr'>ut</span> <span class='ocrx_word' id='word_1_304' title='bbox 1036 2324 1232 2365; x_wconf 86' lang='lat' dir='ltr'>homines</span> <span class='ocrx_word' id='word_1_305' title='bbox 1263 2323 1346 2365; x_wconf 89' lang='lat' dir='ltr'>tibi</span> <span class='ocrx_word' id='word_1_306' title='bbox 1377 2322 1513 2365; x_wconf 84' lang='lat' dir='ltr'>civem</span> 
     </span>
    </p>
   </div>
   <div class='ocr_carea' id='block_1_3' title="bbox 103 1731 171 1762">
    <p class='ocr_par' dir='ltr' id='par_1_3' title="bbox 103 1731 171 1762">
     <span class='ocr_line' id='line_1_39' title="bbox 103 1731 171 1762; baseline 0 -1"><span class='ocrx_word' id='word_1_307' title='bbox 103 1731 171 1762; x_wconf 80' lang='lat'>202</span> 
     </span>
    </p>
   </div>
  </div>
 </body>
</html>
