1643 2526
584 86 683 121 CAP.
712 89 765 121 15.
805 90 824 128 ς
850 88 999 120 54—60.
1374 83 1458 129 237

124 183 218 225 fuit.
281 181 414 231 Quem
452 196 552 223 vero
594 184 710 222 extet
749 183 791 221 et
823 181 872 221 de
906 195 989 234 quo
1023 180 1080 222 sit
1111 179 1342 221 memoriae
1374 178 1537 233 pro-15

126 241 264 283 ditum
295 241 564 296 eloquentem
596 239 728 281 fuisse
761 242 804 280 et
835 239 898 280 ita
929 253 1020 280 esse
1052 238 1268 293 habitum,
1304 237 1467 291 primus

126 303 192 341 est
217 299 272 340 M.
294 297 517 340 Cornelius
538 297 767 353 Cethegus,
793 297 912 341 cuius
940 297 1208 351 eloquentiae
1234 299 1300 337 est
1319 298 1469 338 auctor

127 362 170 399 et
211 358 390 398 idoneus
435 357 603 410 quidem
650 371 744 398 mea
787 356 1000 398 sententia
1045 355 1090 404 Q.
1122 354 1310 408 Ennius,
1351 368 1470 408 prae-

74 433 91 457 5
127 416 276 458 sertim
309 430 404 457 cum
436 419 478 456 et
509 415 600 470 ipse
633 430 729 456 eum
762 414 970 455 audiverit
1007 417 1050 455 et
1086 413 1246 455 scribat
1278 413 1328 453 de
1360 426 1470 454 mor-

127 478 219 516 tuo:
264 489 314 515 ex
356 488 440 529 quo
478 474 597 515 nulla
636 473 821 527 suspicio
861 476 926 514 est
965 472 1179 516 amicitiae
1219 486 1346 513 causa
1377 485 1469 512 esse

127 532 365 574 mentitum.
427 532 509 573 Est
541 532 675 587 igitur
702 531 761 573 810
789 532 899 585 apud
930 531 1052 572 illum
1084 530 1128 571 in
1159 544 1273 570 nono
1305 532 1354 570 ut
1383 529 1471 583 opi·
1496 538 1539 568 58

126 605 205 632 nor
236 591 396 632 annali:
1283 610 1286 611 ν

186 673 406 714 Additur
439 675 613 712 orator
646 670 916 712 Cornelius
950 669 1338 724 suaviloquenti

77 748 109 772 ιο
187 730 281 772 Ore
315 730 570 784 Cethegus
603 729 802 771 Marcus
834 729 1078 784 conlegae
1110 728 1364 769 Tuditano

186 789 344 830 Marci
375 788 521 829 filius
555 812 609 818 —

130 874 171 912 et
205 874 418 912 oratorem
451 869 638 925 appellat
671 872 713 910 et
746 868 1134 922 suaviloquentiam
1167 867 1332 921 tribuit,
1365 881 1472 921 quae

128 944 241 970 1111110
274 928 444 983 quidem
481 942 567 968 non
605 931 693 968 tam
729 930 794 968 est
825 927 870 967 in
900 926 1114 982 plerisque
1148 926 1328 978 (latrant
1359 925 1472 966 enim

129 988 215 1029 iam
248 987 419 1042 quidam
447 990 650 1041 oratores,
680 999 768 1026 non
798 983 1066 1040 loquuntur),
1097 984 1171 1025 sed
1203 987 1268 1024 est
1301 998 1349 1024 ea
1379 984 1472 1024 laus

79 1062 111 1088 15
131 1045 398 1100 eloquentiae
432 1047 544 1085 certe
577 1059 777 1085 maxuma
812 1068 860 1073 —

413 1126 453 1167 is
487 1125 681 1167 dictust
714 1125 833 1166 ollis
866 1123 1208 1179 popularibus
1241 1123 1381 1177 olim,

190 1186 282 1235 Qui
314 1188 419 1225 tum
449 1183 692 1227 vivebant
723 1183 953 1225 homines
987 1185 1138 1235 atque
1171 1181 1507 1280 ateazuanqssagiv

1377 1273 1386 1293 7

190 1302 309 1343 Flos
343 1300 602 1341 delibatus
634 1300 811 1354 populi
844 1324 898 1328 —

82 1402 114 1426 20
132 1383 265 1438 probe
297 1396 414 1436 vero3
458 1385 507 1422 ut
539 1381 651 1422 enim
682 1380 868 1421 hominis
902 1380 1028 1421 decus
1059 1379 1293 1434 ingenium,
1325 1379 1385 1420 810
1416 1378 1477 1419 111-
1502 1389 1544 1420 59

134 1442 231 1497 geni
271 1440 406 1495 ipsius
447 1439 592 1481 lumen
633 1442 697 1480 est
738 1438 1000 1492 eloquentia,
1045 1452 1129 1491 qua
1165 1437 1305 1478 virum
1344 1436 1476 1477 excel-

132 1501 291 1541 lentem
321 1498 538 1552 praeclare
575 1501 668 1539 tum
699 1497 763 1537 illi
794 1496 989 1537 homines
1022 1496 1171 1537 florem
1203 1495 1351 1549 populi
1384 1509 1474 1535 esse

133 1559 331 1599 dixerunt
359 1581 415 1586 —

768 1613 1064 1668 Suadaeque
1096 1611 1328 1653 medulla.

82 1715 114 1740 25
136 1697 289 1739 Πειθὼ
322 1711 450 1752 quam
481 1699 636 1737 vocant
670 1695 833 1749 Graeci,
865 1695 984 1736 cuius
1018 1694 1192 1734 effector
1223 1696 1289 1733 est
1321 1695 1478 1746 orator,

134 1756 244 1798 hanc
264 1754 479 1796 Suadam
506 1754 736 1809 appellavit
755 1753 921 1795 Ennius
945 1752 1052 1804 [eius
1074 1755 1217 1793 autem
1239 1749 1477 1805 Cethegum

135 1813 405 1855 medullam
430 1813 562 1854 fuisse
582 1813 706 1867 vult],
725 1815 786 1867 ut,
812 1827 939 1866 quam
960 1811 1081 1851 deam
1106 1810 1152 1851 in
1170 1809 1326 1850 Pericli
1344 1809 1477 1849 labris

137 1871 309 1926 scripsit
339 1871 519 1925 Eupolis
560 1871 843 1925 sessitavisse,
879 1869 1007 1910 huius
1045 1868 1114 1909 hic
1146 1867 1375 1908 medullam
1406 1880 1479 1907 no-

138 1933 275 1971 strum
302 1931 515 1970 oratorem
539 1929 672 1971 fuisse
699 1929 862 1970 dixerit.
908 1928 967 1969 At
992 1927 1062 1968 hic
1086 1925 1302 1981 Cethegus
1329 1925 1477 1966 consul
1504 1936 1547 1966 60

85 2006 119 2030 30
139 2003 234 2029 cum
260 1987 305 2028 P.
326 1986 538 2028 Tuditano
566 1987 647 2028 fuit
672 1987 784 2029 bello
804 1986 966 2027 Punico
988 1985 1172 2026 secundo
1193 1987 1477 2038 quaestorque

136 2046 204 2088 his
244 2045 489 2087 consulibus
524 2044 580 2086 M.
608 2044 714 2087 Cato
753 2045 879 2086 modo
917 2044 1041 2099 plane
1081 2042 1202 2084 annis
1235 2040 1346 2083 CXL
1380 2044 1477 2082 ante

138 2119 204 2145 me
232 2103 469 2157 consulem3
501 2106 543 2143 et
568 2103 611 2144 id
638 2104 780 2158 ipsum
810 2103 894 2144 nisi
926 2102 1052 2144 unius
1077 2104 1190 2142 esset
1215 2100 1330 2141 Enni
1361 2099 1478 2140 testi—

138 2162 283 2204 monio
335 2161 572 2216 cognitum,
622 2161 735 2203 hunc
784 2164 994 2214 vetustas,
1042 2162 1090 2200 ut
1140 2159 1246 2200 alios
1295 2158 1478 2199 fortasse

139 2221 317 2275 multos,
358 2219 570 2261 oblivione
604 2220 828 2261 obruisset.
890 2219 1011 2260 Illius
1044 2221 1188 2259 autem
1220 2216 1373 2257 aetatis
1406 2214 1478 2268 qui

86 2295 119 2321 35
140 2293 277 2320 sermo
321 2278 451 2320 fuerit
498 2292 547 2318 ex
590 2276 820 2319 Naevianis
866 2276 1036 2331 scriptis
1086 2275 1280 2329 intellegi
1323 2275 1477 2328 potest.
