1643 2526
361 115 504 150 LIBER
528 115 574 152 Π.
623 114 723 150 ΟΑΡ.
750 116 901 148 87—89.
939 116 957 155 ξ
985 115 1182 148 355-362.
1361 110 1444 152 159

105 215 190 266 est3
231 215 274 253 et
314 211 428 253 enim
470 225 623 265 corpus
663 209 857 263 intellegi
898 208 988 249 sine
1028 207 1123 249 loco
1163 221 1251 249 non
1290 209 1445 261 potest.

107 271 245 320 Quare
276 285 329 311 ne
360 270 406 310 in
437 284 482 311 re
513 272 617 310 nota
650 271 691 310 et
715 267 969 322 pervulgata
994 267 1155 307 multus
1183 269 1225 307 et
1256 265 1444 306 insolens

108 330 207 383 sim,
246 328 352 370 locis
395 331 460 369 est
501 327 706 368 utendum
745 325 892 367 multis
923 325 1178 366 inlustribus
1211 323 1447 378 explicatis,

108 387 286 429 modicis
305 386 556 440 intervallis,
580 385 842 440 imaginibus
864 387 1007 425 autem
1028 383 1254 439 agentibus
1276 382 1446 423 acribus

65 454 86 486 5
107 445 325 501 insignitis
347 460 454 498 quae
475 458 694 486 occurrere
715 443 991 496 celeriterque
1011 445 1231 496 percutere
1259 440 1449 482 animum

108 504 287 560 possint.
338 503 475 552 Quam
500 503 750 544 facultatem
777 504 819 543 et
850 500 1099 542 exercitatio
1132 500 1264 554 dabit,
1290 514 1340 540 ex
1366 513 1449 552 qua

110 562 373 605 consuetudo
407 562 618 617 gignitur,
656 563 698 602 et
737 559 942 601 similium
979 559 1207 600 verborum
1245 571 1450 599 conversa

111 625 152 663 et
189 621 402 662 inmutata
440 620 609 662 casibus
647 622 721 660 aut
758 619 955 659 traducta
992 632 1042 658 ex
1071 620 1193 672 parte
1231 617 1284 658 ad
1316 630 1449 671 genus

110 679 276 720 notatio
316 682 358 720 et
395 678 521 719 unius
558 677 677 720 verbi
713 677 900 732 imagine
937 676 1070 717 totius
1113 674 1349 716 sententiae
1389 674 1450 714 in-

59 756 91 780 10
110 738 312 779 formatio
352 737 531 792 pictoris
573 736 793 778 cuiusdam
834 735 989 776 summi
1030 734 1195 775 ratione
1237 736 1279 775 et
1322 732 1448 774 modo
1465 754 1519 796 88

110 797 346 838 formarum
376 795 583 837 varietate
608 795 726 836 locos
754 793 1069 848 distinguentis,
1115 791 1198 834 Sed
1223 791 1519 854 verborum359

111 854 336 909 memoria,
380 868 486 907 quae
530 853 671 894 minus
715 855 781 893 est
823 852 948 893 nobis
992 851 1250 905 necessaria,
1290 849 1450 891 maiore

111 913 350 968 imaginum
392 912 600 953 varietate
644 910 936 965 distinguitur.
1009 909 1148 950 Multa
1192 908 1306 950 enim
1350 910 1450 949 sunt

112 972 253 1025 verba,
280 985 387 1024 quae
414 970 535 1024 quasi
562 969 731 1010 articuli
759 971 988 1010 conectunt
1014 968 1205 1009 membra
1232 966 1453 1021 orationis,

62 1047 94 1073 15
115 1045 221 1084 quae
235 1029 411 1070 formari
427 1028 704 1069 similitudine
718 1027 837 1068 nulla
849 1029 1048 1081 possunt3
1069 1040 1216 1067 eorum
1228 1024 1452 1079 fingendae

115 1091 214 1130 sunt
244 1087 369 1128 nobis
400 1087 627 1141 imagines,
665 1086 819 1140 quibus
853 1099 1018 1139 semper
1048 1087 1231 1125 utamur.
1292 1083 1453 1124 Rerum

113 1147 321 1188 memoria
356 1145 531 1199 propria
568 1148 633 1186 est
671 1144 872 1198 oratoris3
909 1158 1003 1184 eam
1041 1142 1221 1197 singulis
1258 1141 1453 1196 personis
1487 1158 1494 1161 ·

114 1206 220 1246 bene
246 1204 399 1259 positis
424 1206 576 1244 notare
602 1203 830 1257 possimus,
859 1204 908 1243 ut
933 1201 1167 1243 sententias
1192 1200 1454 1255 imaginibus

116 1263 307 1305 ordinem
348 1262 454 1303 locis
499 1261 918 1315 comprehendamus.
992 1259 1142 1313 Neque
1186 1273 1334 1300 verum
1378 1260 1525 1312 est,360

62 1339 96 1364 20
117 1322 230 1376 quod
251 1322 303 1362 ab
323 1320 534 1361 inertibus
555 1320 722 1373 dicitur,
743 1319 927 1373 opprimi
946 1318 1197 1359 memoriam
1216 1316 1455 1372 imaginum

115 1380 299 1434 pondere
341 1382 384 1420 et
427 1378 646 1420 obscurari
687 1378 815 1418 etiam
855 1377 916 1427 id,
958 1376 1071 1430 quod
1106 1391 1182 1430 per
1220 1390 1264 1416 se
1301 1378 1456 1416 natura

116 1442 260 1479 tenere
292 1436 515 1492 potuisset.
570 1435 671 1477 Vidi
704 1435 816 1476 enim
849 1449 928 1489 ego
962 1448 1152 1475 summos
1183 1433 1379 1474 homines
1412 1435 1455 1473 et

117 1496 260 1537 divina
289 1509 421 1550 prope
459 1494 666 1535 memoria
696 1493 879 1534 Athenis
919 1491 1221 1546 Charmadam,
1257 1491 1302 1532 in
1339 1490 1457 1544 Asia,

117 1569 243 1608 quem
256 1554 397 1595 vivere
416 1553 542 1594 hodie
563 1553 695 1604 aiunt,
716 1550 936 1606 Scepsium
950 1551 1255 1603 Metrodorum,
1275 1563 1457 1603 quorum

64 1630 98 1656 25
117 1616 295 1666 uterque
328 1614 532 1665 tanquam
563 1610 719 1651 litteris
750 1610 796 1650 in
828 1624 936 1664 cera,
967 1609 1027 1650 sic
1060 1623 1104 1649 se
1136 1608 1279 1649 aiebat
1309 1606 1458 1661 imagi-

116 1671 243 1712 nibus
269 1671 313 1711 in
337 1670 391 1710 iis
417 1669 538 1721 locis,
572 1684 678 1723 quos
703 1668 893 1722 haberet,
925 1682 1031 1721 quae
1057 1666 1302 1708 meminisse
1328 1665 1458 1706 vellet

116 1729 391 1784 perscribere.
470 1727 608 1776 Quare
656 1727 737 1768 hac
787 1726 1089 1767 exercitatione
1138 1739 1226 1765 non
1274 1724 1459 1765 eruenda

119 1787 326 1829 memoria
357 1788 434 1841 est,
466 1786 502 1827 si
534 1789 599 1827 est
624 1785 744 1826 nulla
767 1784 988 1839 naturalis,
1020 1784 1093 1825 sed
1120 1786 1246 1837 certe,
1278 1782 1314 1823 si
1339 1782 1459 1836 latet,

119 1846 387 1888 evocandast.

67 1922 101 1948 30
236 1902 418 1944 Habetis
452 1917 691 1943 sermonem
721 1902 829 1942 bene
859 1901 1038 1955 longum
1062 1898 1263 1952 hominis,
1293 1897 1528 1939 utinam361

118 1976 207 2003 non
237 1960 498 2015 inpudentis!
536 1961 643 2001 illud
681 1960 851 2013 quidem
890 1961 1020 2012 certe,
1056 1971 1144 1998 non
1180 1956 1309 1997 nimis
1346 1970 1460 1997 vere-

121 2020 264 2074 cundi,
291 2019 363 2072 qui
384 2018 552 2072 quidem
574 2033 703 2072 quom
722 2021 777 2072 te,
797 2017 960 2070 Catule,
979 2019 1072 2057 tum
1092 2015 1222 2056 etiam
1241 2014 1288 2055 L.
1305 2013 1459 2055 Crasso

121 2078 317 2120 audiente
351 2077 400 2117 de
433 2076 597 2117 dicendi
628 2076 794 2117 ratione
826 2078 916 2116 tam
954 2074 1090 2115 multa
1127 2073 1323 2127 dixerim3
1360 2087 1460 2113 nam

119 2136 303 2178 istorum
335 2138 451 2176 aetas
484 2134 623 2175 minus
655 2149 722 2175 me
754 2133 937 2175 fortasse
970 2146 1138 2173 movere
1172 2131 1331 2172 debuit.
1378 2129 1460 2171 Sed

68 2211 100 2237 35
121 2194 227 2236 mihi
252 2192 484 2249 ignoscetis
510 2192 716 2247 profecto,
748 2192 783 2233 si
815 2191 941 2232 modo
969 2205 1076 2244 quae
1102 2204 1231 2232 causa
1256 2204 1322 2230 me
1348 2201 1460 2228 nunc

122 2253 174 2294 ad
216 2253 326 2293 hanc
369 2251 589 2292 insolitam
633 2250 739 2292 mihi
781 2249 1087 2304 loquacitatem
1134 2246 1353 2302 impulerit
1397 2259 1461 2285 ac-

123 2310 333 2366 ceperitis.
396 2309 487 2351 Nos
519 2323 638 2364 vero,
674 2308 816 2362 inquit
853 2306 1031 2349 Catulus
1064 2331 1116 2337 —
1152 2309 1194 2347 et
1233 2305 1345 2346 enim
1382 2316 1529 2358 P1‘0362
