1643 2526
377 78 521 113 LIBER
546 79 589 114 ΙΙ.
641 78 741 115 ΟΑΡ.
769 83 917 115 68-69.
957 83 976 122 ξ
1002 84 1199 117 273-280.
1376 81 1458 123 139

115 174 234 215 illam
265 173 426 215 domini
456 173 578 215 iussu
609 174 764 216 dixisse
797 177 839 216 et
863 174 987 216 illum
1012 175 1128 216 intus
1155 190 1257 217 esse.
1302 175 1456 218 Paucis

116 235 215 287 post
247 232 394 274 diebus
428 247 524 273 cum
557 233 609 273 ad
640 233 843 274 Nasicam
874 234 1060 275 venisset
1092 234 1258 275 Ennius
1291 237 1333 275 et
1359 249 1456 276 eum

117 291 169 332 ad
199 291 371 332 ianuam
405 294 636 345 quaereret,
668 292 877 333 exclamat
902 291 1061 333 Nasica
1087 293 1201 334 domi
1233 308 1321 334 non
1353 308 1455 334 esse.

116 349 226 390 Tum
256 350 421 390 Ennius
455 350 510 390 ei:
550 349 695 404 Quid,
733 364 823 405 ego
855 364 958 391 non
996 365 1251 406 cognosco
1283 366 1455 393 vocem

84 408 286 450 5tuam‘?
347 408 430 449 Hic
474 407 649 449 Nasica:
698 408 858 450 Homo
903 423 952 449 es
1002 409 1278 463 impudens.
1346 411 1454 465 Ego

117 480 264 520 quom
308 469 357 507 te
402 481 713 521 quaererem,
755 467 972 509 ancillae
1014 471 1130 508 tuae
1173 468 1365 509 credidi
1407 472 1454 510 te

116 525 248 566 domi
280 540 378 566 non
410 539 536 579 esse,
568 529 622 565 tu
654 525 776 566 mihi
807 540 906 567 non
938 526 1103 567 credis
1137 527 1267 581 ipsi?

233 583 314 624 Est
355 584 515 624 bellum
551 584 658 624 illud
699 598 886 639 quoque,
923 599 974 625 ex
1013 599 1096 638 quo
1135 585 1192 639 is,
1231 586 1303 640 qui
1335 585 1525 640 dixit,277

115 641 325 683 inridetur
361 642 406 682 in
447 657 495 683 eo
533 642 626 696 ipso
667 656 838 697 genere,
875 657 958 696 quo
998 643 1122 698 dixit3
1160 647 1208 684 ut
1246 658 1375 698 quom
1408 643 1454 692 Q.

64 718 97 742 10
117 699 310 754 Opimius
343 701 597 754 consularis,
630 701 701 754 qui
733 701 1076 743 adulescentulus
1109 702 1219 743 male
1252 702 1454 757 audisset,

114 759 269 799 festivo
302 759 465 799 homini
496 759 660 813 Egilio,
698 759 770 813 qui
801 760 1016 800 videretur
1053 775 1143 801 esse
1176 761 1348 801 mollior
1377 775 1455 802 nec

116 820 246 871 esset,
278 817 472 858 dixisset:
513 817 643 866 Quid
680 821 751 872 tu,
782 818 956 873 Egilia
987 819 1122 859 mea‘?
1163 820 1364 872 quando
1397 819 1455 860 ad

115 890 188 916 me
238 875 378 916 venis
429 890 537 916 cum
585 878 675 916 tua
725 876 834 917 colo
885 880 932 917 et
981 876 1126 917 lana‘?
1188 876 1300 918 Non
1348 877 1455 932 pol,

114 934 267 987 inquit,
299 934 467 974 audeo.
511 933 635 974 Nam
661 949 733 975 me
761 935 819 976 ad
850 934 1072 976 famosas
1100 935 1268 976 vetuit
1295 939 1455 976 mater

64 1009 96 1035 15
117 993 367 1033 accedere.
1469 1019 1523 1060 69

234 1049 355 1091 Salsa
387 1053 487 1091 sunt
518 1051 665 1105 etiam,
703 1065 810 1104 quae
841 1051 1003 1092 habent
1036 1052 1325 1106 suspicionem
1357 1053 1523 1118 ridi-978

115 1109 198 1151 culi
231 1109 538 1163 absconditam,
576 1123 660 1162 quo
691 1109 736 1149 in
769 1123 921 1164 genere
954 1112 1019 1150 est
1054 1109 1188 1151 Siculi
1219 1111 1345 1166 illud3
1385 1108 1492 1164 cui*⁶

115 1181 245 1221 quom
264 1167 487 1208 familiaris
509 1167 681 1221 quidam
702 1171 950 1221 quereretur
965 1169 1077 1222 quod
1098 1169 1256 1210 diceret
1276 1184 1453 1211 uxorem

116 1241 236 1266 suam
268 1226 537 1280 suspendisse
570 1241 613 1266 se
647 1226 696 1267 de
728 1226 829 1281 ficu,
867 1227 1058 1268 Amabo
1097 1230 1164 1281 te,
1201 1227 1361 1282 inquit,
1393 1229 1453 1269 da

63 1301 96 1326 20
116 1284 238 1325 mihi
283 1299 338 1325 ex
383 1299 437 1325 ea
481 1284 660 1325 arbore
705 1299 828 1338 quos
880 1300 1042 1326 seram
1086 1286 1334 1327 surculos.
1402 1286 1454 1327 In

116 1343 264 1383 eodem
297 1357 449 1397 genere
482 1345 567 1397 est,
599 1343 711 1396 quod
743 1341 919 1384 Catulus
952 1344 1059 1384 dixit
1091 1344 1259 1386 cuidam
1292 1345 1453 1387 oratori

116 1401 247 1455 malo,
285 1401 357 1455 qui
395 1415 491 1441 cum
527 1401 573 1441 in
610 1401 780 1455 epilogo
818 1401 1156 1443 misericordiam
1191 1404 1376 1444 movisse
1409 1418 1452 1444 se

115 1462 303 1514 putaret,
340 1462 569 1513 postquam
606 1459 782 1513 assedit,
819 1460 989 1515 rogavit
1028 1460 1142 1502 hunc
1183 1461 1450 1502 videreturne

116 1517 451 1558 misericordiam
472 1517 672 1558 movisse:
699 1518 769 1559 Ac
796 1533 1026 1573 magnam
1053 1519 1271 1573 quidem,
1295 1520 1453 1574 inquit,

63 1593 96 1619 25
115 1576 367 1617 hominem
406 1576 536 1617 enim
573 1577 771 1617 nullum
810 1580 934 1630 puto
973 1592 1081 1618 esse
1120 1581 1220 1618 tam
1259 1578 1453 1632 durum,

117 1635 197 1676 cui
227 1649 327 1675 non
359 1635 526 1675 oratio
559 1638 646 1675 tua
676 1635 1034 1676 misericordia
1060 1635 1213 1691 digna
1239 1636 1347 1677 visa
1374 1637 1452 1677 sit.

116 1692 184 1734 Me
210 1696 355 1734 tamen
379 1692 551 1734 hercule
578 1693 708 1734 etiam
733 1694 808 1734 illa
833 1694 953 1735 valde
980 1698 1153 1735 movent
1181 1695 1522 1737 stomachosa279

117 1754 159 1792 et
191 1751 312 1804 quasi
345 1751 597 1792 submorosa
627 1751 824 1807 ridicula,
855 1767 954 1793 nam
981 1767 1110 1806 quom
1143 1768 1167 1793 a
1192 1767 1363 1794 moroso
1397 1753 1455 1794 di-

118 1813 280 1863 cantur,
311 1812 403 1850 tum
435 1810 524 1850 eius
556 1824 643 1850 non
675 1810 738 1851 sal
771 1811 843 1851 sed
873 1814 1028 1852 natura
1058 1811 1232 1852 ridetur.
1276 1811 1327 1852 In
1359 1826 1455 1866 quo,

63 1885 99 1911 30
117 1871 166 1908 ut
197 1867 303 1908 mihi
334 1868 512 1922 videtur,
543 1868 781 1922 persalsum
811 1869 917 1910 illud
949 1872 1014 1910 est
1047 1870 1158 1923 apud
1189 1868 1395 1911 Novium:

459 1955 588 2003 Quid
618 1957 809 2011 ploras,
839 1956 1013 2010 pater?
1051 1981 1098 1985 —

176 2012 357 2054 Mirum
387 2013 438 2053 ni
471 2014 695 2055 cantem?
740 2014 1113 2056 Condemnatus
1147 2030 1264 2056 sum.

118 2100 230 2141 Huic
270 2100 414 2155 generi
452 2101 573 2153 quasi
612 2102 873 2143 contrarium
912 2104 976 2142 est
1012 2102 1181 2143 ridiculi
1220 2117 1352 2157 genus
1384 2118 1456 2157 pa-

118 2159 265 2200 tientis
299 2173 346 2199 ac
376 2159 503 2213 lenis,
535 2162 582 2200 ut
614 2174 741 2213 quom
775 2159 882 2201 Cato
913 2174 1139 2214 percussus
1172 2164 1284 2202 esset
1317 2162 1369 2202 ab
1404 2175 1453 2201 eo

65 2233 100 2259 35
120 2217 192 2271 qui
211 2231 353 2258 arcam
373 2216 549 2271 ferebat,
574 2232 702 2271 quom
721 2219 792 2259 ille
812 2221 963 2272 postea
982 2219 1140 2260 diceret
1161 2217 1307 2273 Cave,
1333 2233 1455 2273 roga-

119 2275 182 2316 vit
211 2289 326 2316 num
358 2275 475 2329 quid
507 2275 644 2316 aliud
669 2276 827 2318 ferret
859 2276 960 2317 nisi
992 2292 1168 2318 arcam.
1216 2277 1298 2318 Est
1324 2277 1524 2318 etiam280
