1643 2526
197 106 278 147 lOO
701 106 764 140 DE
792 105 1017 141 ORATORE

191 202 305 255 quod
344 216 499 243 nomen
538 201 714 256 habeat3
758 215 842 254 quo
882 203 1107 255 perspecto
1149 199 1297 241 statim
1342 200 1528 242 occurrit

189 260 376 301 naturali
420 260 603 313 quadam
652 259 897 314 prudentia,
945 273 1033 300 non
1074 258 1127 299 iis
1173 258 1529 300 subductionibus

192 333 297 372 quas
323 318 398 359 isti
418 319 582 373 docent,
609 318 710 371 quid
734 317 865 359 faciat
891 332 1075 372 causam,
1098 317 1144 358 id
1163 320 1228 358 est
1248 331 1331 371 quo
1359 317 1529 358 sublato

192 377 483 417 controversia
514 379 628 417 stare
664 390 752 417 non
787 376 943 430 possit3
982 375 1130 417 deinde
1168 375 1270 429 quid
1305 375 1449 416 veniat
1484 375 1531 416 in

190 434 414 489 iudicium,
464 435 577 488 quod
618 434 693 475 isti
738 434 798 476 sic
841 434 992 475 iubent
1042 448 1259 489 quaerere:
1308 433 1566 476 Interfecitf,

193 491 387 546 Opimius
433 492 684 534 Gracchum.
758 492 868 541 Quid
910 492 1015 533 facit
1059 492 1261 534 causam?
1312 492 1426 546 quod
1468 492 1530 533 rei

191 550 387 605 publicae
426 566 571 606 causa,
611 565 741 605 quom
779 565 830 592 ex
867 554 1039 592 senatus
1082 551 1278 593 consulto
1320 551 1372 591 ad
1412 565 1531 591 arma

193 612 398 650 vocasset.
460 609 555 651 Hoc
587 609 708 663 tolle,
741 624 868 651 causa
897 623 985 650 non
1016 609 1109 650 erit.
1170 609 1231 651 At
1276 609 1354 661 [id]
1387 608 1530 663 ipsum

191 670 323 722 negat
355 670 504 709 contra
539 668 655 723 leges
692 667 864 709 licuisse
903 667 1071 709 Decius.
1133 666 1290 708 Veniet
1319 667 1454 722 igitur
1484 667 1531 708 in

191 726 412 767 iudicium:
444 726 688 767 Licueritne
715 740 766 767 ex
792 729 964 767 senatus
992 725 1186 767 consulto
1214 726 1443 767 servandae
1468 726 1530 766 rei
1552 743 1585 768 ιο

192 784 387 838 publicae
429 785 584 826 causa?
634 784 865 838 Perspicua
906 787 1006 825 sunt
1045 785 1149 825 haec
1191 784 1362 838 quidem
1403 787 1446 825 et
1485 784 1531 824 in

193 842 360 897 vulgari
390 843 617 897 prudentia
648 843 748 897 sita3
780 843 853 884 sed
883 843 958 883 illa
983 843 1234 897 quaerenda,
1265 857 1372 896 quae
1404 845 1447 883 et
1478 843 1531 883 ab

123 923 177 963 31
195 904 441 942 accusatore
480 904 522 942 et
559 917 584 942 a
621 901 841 942 defensore
879 904 1131 956 argumenta
1168 901 1221 941 ad
1256 901 1300 941 id
1338 901 1452 954 quod
1487 900 1533 941 in

125 958 398 1021 133iudicium
434 959 551 1000 venit
590 959 828 1013 spectantia
867 959 1022 1000 debent
1060 959 1226 1000 adferri.
1287 958 1431 1013 Atque
1462 958 1532 1000 hic

194 1017 301 1058 illud
331 1018 558 1058 videndum
590 1021 667 1073 est,
698 1018 744 1058 in
775 1032 858 1072 quo
892 1032 1083 1059 summus
1116 1020 1181 1059 est
1206 1031 1325 1058 error
1349 1017 1532 1058 istorum
1552 1034 1585 1060 15
1636 1031 1638 1044 ¹

196 1075 519 1130 magistrorum,
557 1076 609 1116 ad
641 1090 747 1129 quos
784 1076 942 1117 liberos
974 1079 1145 1117 nostros
1177 1075 1409 1129 mittimus,
1445 1089 1533 1116 non
1636 1073 1638 1096 ;

196 1148 280 1187 quo
320 1133 402 1174 hoc
441 1134 611 1187 quidem
651 1134 703 1175 ad
744 1134 969 1175 dicendum
1009 1148 1267 1189 magnopere
1307 1133 1532 1188 pertineat,

196 1192 269 1232 sed
300 1195 444 1232 tamen
475 1195 523 1232 ut
548 1192 740 1246 videatis,
773 1192 896 1246 quale
924 1192 980 1233 sit
1006 1207 1138 1247 genus
1165 1192 1247 1234 hoc
1273 1206 1432 1247 eorum,
1457 1192 1531 1246 qui

196 1249 278 1290 sibi
316 1250 470 1290 eruditi
507 1250 715 1291 videntur.
782 1250 926 1291 Hebes
965 1253 1092 1304 atque
1132 1250 1395 1305 impolitum3
1436 1265 1532 1292 con-

195 1308 381 1349 stituunt
430 1308 542 1349 enim
591 1308 636 1350 in
683 1308 916 1363 partiendis
968 1309 1211 1350 orationum
1260 1308 1397 1350 modis
1447 1308 1530 1350 duo
1550 1327 1585 1352 20
1638 1332 1639 1336 =

195 1380 351 1420 genera
371 1381 613 1408 causarum:
639 1382 771 1408 unum
792 1367 1022 1421 appellant,
1045 1367 1091 1408 in
1110 1381 1194 1421 quo
1221 1367 1311 1408 sine
1336 1367 1530 1421 personis

195 1427 322 1478 atque
342 1425 607 1479 temporibus
622 1425 671 1466 de
692 1425 889 1467 universo
911 1440 1062 1480 genere
1077 1428 1319 1480 quaeratur,
1338 1425 1532 1482 alterum,

194 1483 308 1536 quod
338 1483 532 1537 personis
566 1484 692 1524 certis
726 1487 768 1525 et
805 1484 1070 1538 temporibus
1109 1483 1354 1538 definiatur,
1389 1484 1530 1539 ignari

195 1541 332 1581 omnis
354 1542 666 1583 controversias
687 1542 739 1583 ad
759 1542 944 1583 universi
973 1542 1139 1597 generis
1160 1542 1247 1583 vim
1266 1545 1309 1583 et
1332 1545 1530 1583 naturam

126 1598 354 1640 134referri.
415 1598 529 1640 Nam
559 1600 604 1640 in
636 1614 686 1640 ea
715 1600 810 1653 ipsa
842 1615 981 1654 causa,
1012 1601 1062 1641 de
1096 1615 1180 1654 qua
1211 1602 1309 1641 ante
1341 1600 1447 1654 dixi,
1476 1615 1528 1641 ne
1550 1617 1583 1643 25
1642 1644 1643 1648 ,

192 1657 405 1710 pertineat
426 1657 478 1698 ad
499 1657 681 1698 oratoris
702 1658 818 1699 locos
842 1657 1001 1711 Opimii
1021 1672 1204 1712 persona
1226 1658 1351 1709 [nihil
1376 1658 1529 1712 Decii]‚

194 1714 243 1754 de
283 1714 377 1768 ipso
418 1715 616 1756 universo
659 1729 811 1770 genere
851 1715 1020 1757 infinita
1064 1716 1257 1770 quaestio
1301 1719 1385 1770 est,
1426 1731 1529 1757 num

192 1786 330 1826 poena
360 1772 554 1813 videatur
585 1787 676 1814 esse
709 1773 967 1815 adficiendus
994 1774 1072 1827 'qui
1105 1774 1239 1815 civem
1271 1788 1321 1814 ex
1354 1777 1526 1815 senatus

193 1830 390 1871 consulto
415 1831 580 1885 patriae
607 1832 918 1873 conservandae
945 1846 1073 1873 causa
1097 1832 1372 1885 interemerit,
1399 1846 1529 1886 quom

191 1888 235 1929 id
265 1904 340 1942 per
370 1889 487 1944 leges
518 1903 606 1930 non
636 1890 793 1931 liceret.
843 1889 974 1930 Nulla
1005 1890 1184 1944 denique
1217 1893 1282 1931 est
1313 1904 1454 1945 causa,
1482 1890 1529 1931 in
1547 1908 1582 1934 30
1640 1915 1642 1919 ⁷

193 1961 278 1999 qua
317 1947 360 1987 id
398 1947 511 2001 quod
550 1948 596 1989 in
634 1947 839 1990 iudicium
877 1948 995 1989 venit
1035 1963 1205 1989 reorum
1243 1948 1438 2003 personis
1479 1963 1528 1990 ac

191 2018 279 2045 non
311 2019 514 2060 generum
543 2005 736 2060 ipsorum
768 2006 964 2047 universa
991 2007 1258 2048 dubitatione
1286 2009 1527 2061 quaeratur.

124 2061 305 2111 135Quin
324 2063 454 2104 etiam
472 2064 519 2104 in
536 2064 590 2105 iis
610 2064 728 2119 ipsis,
747 2064 822 2105 ubi
842 2065 891 2105 de
912 2064 1026 2106 facto
1048 2065 1295 2120 ambigitur,
1314 2065 1527 2120 ceperitne

189 2120 391 2175 pecunias
424 2125 573 2163 contra
604 2123 720 2178 leges
754 2122 835 2175 [P.]
869 2122 1045 2177 Decius,
1083 2127 1336 2178 argumenta
1372 2126 1415 2164 et
1452 2123 1528 2164 cri·
1642 2157 1643 2164 ,

191 2179 355 2220 minum
387 2182 429 2220 et
460 2180 717 2222 defensionis
749 2184 1001 2222 revocentur
1033 2185 1204 2236 oportet
1235 2182 1287 2223 ad
1319 2195 1452 2237 genus
1485 2184 1527 2222 et
1547 2198 1581 2224 35
1641 2179 1643 2225 A

193 2237 280 2289 [ad]
307 2240 506 2279 naturam
531 2238 790 2295 universam3
816 2239 931 2294 quod
957 2243 1245 2295 sumptuosus,
1270 2240 1320 2281 de
1344 2239 1528 2292 luxurie3

191 2295 306 2349 quod
334 2296 460 2338 aliem'
494 2300 711 2353 appetens,
742 2298 792 2338 de
825 2297 1024 2353 avaritia3
1061 2299 1175 2353 quod
1207 2298 1446 2352 seditiosus,
1477 2297 1527 2338 de
