1643 2526
415 83 560 118 LIBER
581 83 610 119 Ι.
660 82 760 120 ΟΑΡ.
787 88 842 120 57.
894 88 912 126 ἓ
939 87 1134 120 238-243.
1386 84 1442 126 59

106 193 198 220 esse
234 193 372 233 posse.
436 178 573 219 Galba
613 181 757 220 autem
799 179 990 221 alludens
1031 180 1146 221 varie
1188 182 1231 221 et
1271 179 1442 234 copiose

106 237 263 278 multas
306 236 605 278 similitudines
647 237 794 278 afferre
846 237 1064 292 multaque
1104 252 1182 292 pro
1227 238 1442 291 aequitate

107 295 339 337 contraius
361 296 517 350 dicere3
543 298 670 349 atque
695 295 830 349 illum,
856 310 953 336 cum
979 297 1222 337 disserendo
1248 311 1326 351 par
1351 310 1443 337 esse

107 368 194 395 non
236 357 383 408 posset
426 379 483 383 —
527 368 784 407 quamquam
827 353 911 394 fuit
955 354 1133 396 Crassus
1176 355 1222 395 in
1264 368 1441 395 numero

71 428 87 454 5
107 412 376 466 disertorum,
403 413 475 453 sed
500 427 577 466 par
604 411 764 453 Galbae
788 412 907 453 nullo
928 413 1054 453 modo
1080 437 1144 467 —-,
1170 413 1222 454 ad
1248 416 1442 454 auctores

107 470 349 525 confugisse
388 474 430 511 et
466 471 528 524 id,
566 470 679 524 quod
715 471 806 525 ipse
846 471 1022 524 diceret,
1063 474 1106 512 et
1145 471 1191 512 in
1226 470 1272 512 P.
1311 471 1444 512 Mucii

105 529 250 570 fratris
272 529 338 569 sui
357 529 479 570 libris
500 532 542 569 et
567 529 612 569 in
639 528 731 569 Sex.
751 528 864 569 Aelii
891 530 1208 570 commentariis
1236 530 1443 584 scriptum

105 587 334 641 protulisse
367 602 415 628 ac
447 590 590 628 tamen
622 587 881 628 concessisse
915 587 1075 628 Galbae
1109 588 1444 642 disputationem

106 645 190 686 sibi
219 645 487 700 probabilem
519 648 562 686 et
592 660 724 700 prope
756 660 900 687 veram
931 646 1074 686 videri.

54 720 87 744 10
221 703 286 745 Ac
307 707 451 744 tamen
471 718 577 757 quae
598 718 749 745 causae
777 707 876 744 sunt
903 704 1122 759 eiusmodi,
1146 707 1196 745 ut
1222 705 1271 746 de
1298 693 1512 745 0311111157

106 761 198 802 iure
231 762 407 803 dubium
439 776 529 803 esse
561 776 648 803 non
678 762 829 816 possit,
861 763 1034 803 omnino
1066 763 1112 803 in
1142 762 1348 803 iudicium
1374 777 1443 804 vo-
1430 762 1511 791 ‘2-41

107 820 193 862 cari
223 835 311 861 non
343 820 493 861 solent.
535 819 652 861 Num
686 821 778 874 quis
805 835 855 861 eo
881 824 1154 875 testamento,
1185 821 1298 874 quod
1323 824 1445 875 pater

105 879 291 920 familias
330 881 426 919 ante
464 879 583 932 fecit,
621 893 749 932 quam
781 879 819 919 ei
856 879 969 920 filius
1001 882 1128 920 natus
1161 882 1292 933 esset,
1328 879 1445 920 liere-

107 937 287 978 ditatem
311 937 449 991 petit?
493 936 651 991 Nemo,
683 937 781 990 quia
808 940 977 978 constat
1003 938 1271 992 agnascendo
1303 937 1444 991 rumpi

54 1012 88 1036 15
106 998 423 1036 testamentum.
479 995 597 1050 Ergo
628 995 674 1035 in
704 995 785 1036 hoc
819 1010 970 1050 genere
1001 995 1107 1036 iuris
1138 995 1296 1037 iudicia
1326 996 1445 1036 nulla

108 1057 218 1094 sunt.
262 1053 382 1095 Licet
401 1053 536 1108 igitur
560 1053 734 1107 impune
762 1054 922 1094 oratori
949 1068 1118 1095 omnem
1143 1054 1252 1095 hanc
1277 1057 1444 1108 partem

105 1112 209 1153 iuris
242 1112 332 1153 sine
365 1112 665 1153 controversiis
697 1112 908 1167 ignorare,
940 1126 1046 1165 quae
1071 1127 1170 1166 pars
1198 1112 1287 1153 sine
1314 1112 1443 1152 dubio
1485 1160 1493 1163 f

106 1170 242 1211 multo
274 1171 459 1211 maxima
491 1173 574 1223 est,
604 1170 651 1210 in
682 1184 731 1211 eo
765 1173 909 1211 autem
934 1171 1038 1225 iure,
1069 1170 1182 1223 quod
1208 1170 1513 1225 ambigitur-242

105 1229 218 1269 inter
248 1228 546 1282 peritissimos,
575 1242 663 1268 non
694 1232 759 1269 est
786 1229 958 1270 difficile
986 1229 1147 1270 oratori
1180 1229 1269 1269 eius
1294 1229 1442 1283 partis,

55 1303 88 1328 20
109 1301 418 1340 quamcumque
469 1286 685 1341 defendet,
735 1290 953 1328 auctorem
1003 1287 1188 1340 aliquem
1236 1287 1444 1341 invenire,

109 1359 133 1385 a
165 1359 247 1398 quo
282 1360 378 1385 cum
410 1347 648 1385 amenta-tas
681 1344 828 1385 hastas
862 1345 1090 1399 acceperit,
1126 1345 1218 1399 ipse
1251 1360 1321 1386 eas
1355 1360 1444 1386 013-

107 1403 214 1444 toris
240 1403 410 1444 lacertis
436 1402 682 1456 viribusque
713 1403 942 1456 torquebit.
1000 1402 1097 1444 Nisi
1122 1417 1222 1444 vero
1254 1428 1301 1432 -—
1330 1404 1443 1444 bona

107 1462 230 1502 venia
254 1460 380 1501 huius
408 1460 559 1514 optimi
584 1461 664 1501 viri
685 1461 863 1501 dixerim
887 1486 935 1490 —
961 1460 1186 1502 Scaevolae
1212 1464 1260 1501 tu
1286 1461 1442 1502 libellis

108 1522 182 1560 aut
212 1519 449 1573 praeceptis
482 1519 617 1560 soceri
648 1519 713 1559 tui
745 1534 916 1561 causam
954 1519 1021 1560 Μ’.
1055 1519 1172 1561 Curii
1205 1519 1444 1574 defendisti,

55 1594 89 1619 25
107 1592 194 1618 non
231 1577 450 1631 arripuisti
486 1577 773 1631 patrocinium
806 1578 1034 1632 aequitatis
1073 1581 1115 1618 et
1154 1577 1443 1618 defensionem

108 1638 464 1676 testamentorum
514 1650 562 1677 ac
611 1635 844 1676 voluntatis
890 1636 1307 1677 111011110111111.Αο
1350 1647 1512 1678 mea243

109 1694 279 1748 quidem
319 1693 532 1734 sententia
572 1718 621 1722 —
661 1693 858 1748 frequens
901 1694 1013 1735 enim
1052 1698 1093 1735 te
1135 1694 1276 1735 audivi
1317 1697 1444 1748 atque

108 1752 210 1793 affui
245 1776 294 1781 -
328 1752 465 1792 multo
497 1752 701 1793 maiorem
726 1755 893 1806 partem
920 1752 1229 1794 sententiarum
1255 1753 1343 1794 sale
1369 1756 1443 1793 tuo

109 1813 152 1851 et
175 1810 319 1864 lepore
345 1813 388 1850 et
412 1810 682 1864 politissimis
708 1810 874 1851 facetiis
896 1811 1122 1876 pellexisti,
1149 1826 1244 1852 cum
1272 1814 1314 1851 et
1339 1811 1445 1851 illud

55 1884 89 1909 30
107 1868 287 1909 nimium
313 1883 491 1909 acumen
515 1868 713 1909 illuderes
740 1872 782 1909 et
809 1869 1093 1910 admirarere
1082 1869 1304 1924 ingenium
1325 1867 1445 1910 Scae-

107 1925 241 1979 volae,
261 1926 331 1979 qui
347 1927 633 1981 excogitasset
651 1927 769 1968 nasci
789 1928 906 1981 prius
929 1904 1156 1981 oportereC>
1146 1941 1273 1981 quam
1294 1928 1444 1981 0111011·

109 1998 287 2037 cumque
318 1963 478 2025 multa&
487 1984 708 2039 colligeres
742 1988 783 2026 et
816 2000 866 2026 ex
896 1985 1064 2040 legibus
1104 1988 1146 2026 et
1183 2000 1234 2026 ex
1271 1989 1443 2026 senatus

109 2042 315 2083 consultis
353 2044 396 2082 et
433 2056 484 2082 ex
514 2043 603 2083 vita
636 2057 683 2084 ac
722 2057 914 2084 sermone
948 2043 1163 2084 communi
1199 2058 1286 2084 non
1316 2044 1443 2084 modo

109 2103 231 2140 acute
264 2100 337 2140 sed
368 2100 497 2140 etiam
528 2100 703 2141 ridicule
736 2105 778 2142 et
809 2102 963 2155 facete,
998 2102 1074 2142 ubi
1107 2102 1142 2143 si
1173 2102 1322 2155 verba,
1357 2115 1444 2142 non

55 2173 89 2199 35
108 2172 199 2198 rem
225 2172 508 2212 sequeremur,
534 2159 685 2200 confici
703 2159 812 2199 nihil
831 2162 989 2213 posset.
1031 2159 1183 2213 Itaque
1209 2160 1442 2200 hilaritatis

107 2215 280 2269 plenum
317 2216 521 2257 iudicium
558 2231 605 2257 ac
642 2217 833 2258 laetitiae
873 2217 974 2272 fuit3
1013 2218 1059 2258 in
1097 2232 1179 2271 quo
1221 2218 1323 2271 quid
1363 2217 1443 2257 tibi

107 2273 212 2314 iuris
234 2274 372 2315 civilis
394 2275 644 2315 exercitatio
664 2275 887 2330 profuerit,
911 2290 999 2316 non
1023 2276 1246 2331 intelleg03
1278 2274 1444 2316 dicendi
