1643 2526
130 111 230 145 LXX
554 111 831 147 ADNOTATIO
858 110 1057 147 CRITJCA.

131 218 183 251 sic
207 227 241 251 se
268 215 296 250 O
334 237 378 241 -
419 220 471 251 18.
514 218 700 260 composite
725 221 757 252 et
782 227 852 251 om.
878 217 911 250 A
947 237 992 242 —
1030 220 1084 252 20.
1122 221 1242 252 tamen
1273 227 1342 251 om.
1368 215 1402 250 A
1427 237 1470 241 —

133 267 187 298 26.
225 264 379 307 spectari
404 262 437 296 A
469 268 653 308 expectare
677 263 704 297 L
737 265 919 309 eoepectari
949 264 968 297 f
977 263 1006 297 E
1046 284 1088 288 —
1126 265 1255 298 audire
1280 263 1393 298 FPO
1427 284 1470 288 -—

134 314 188 344 32.
214 311 274 344 secl
293 310 381 343 mihi
406 309 434 342 L
462 330 503 334 —
530 312 585 344 35.
605 312 804 345 nouissima
828 310 856 344 L
886 331 923 336 —-
952 315 1007 345 37.
1035 311 1142 355 diriy.
1166 310 1193 343 L
1219 331 1263 335 -
1290 309 1327 343 P.
1344 313 1421 345 382.
1437 314 1470 345 2.

133 361 250 391 tamen
274 356 306 389 A
331 367 410 390 cum
434 356 462 388 F
488 359 527 390 ta
552 355 570 389 f
592 361 667 391 tum
692 356 721 390 E
749 368 820 392 om.
845 357 874 391 P
888 357 916 391 0
945 378 986 382 -—-
1015 361 1044 391 7.
1070 358 1353 401 imprudentiam
1376 356 1414 390 L.

227 402 287 436 De
314 401 482 447 optimo
509 413 673 447 genere
700 405 929 438 oratorum
959 403 1203 448 praefationis
1237 403 1383 438 codices
1413 413 1472 437 ex-

134 448 233 483 cussi
257 449 325 483 VI:
366 448 648 493 Sangallensem
673 454 740 485 818
767 450 831 494 ((1),
863 450 982 485 Vatic.
1008 449 1140 494 Regin.
1169 454 1256 485 1841
1284 452 1340 494 (r),
1368 449 1472 484 Otto-

134 495 314 530 bonianos
342 499 431 530 1449
452 498 501 540 (0)
528 499 618 531 2057
646 496 705 540 (O)
734 501 834 540 1996,
855 496 1162 540 Vitebergensem
1188 497 1246 541 (f),
1273 508 1429 539 quorum
1449 496 1473 529 d

136 542 297 586 optimus
324 542 433 577 saecl.
460 542 511 576 XI
537 543 776 586 adscribitur,
810 546 827 577 f
849 555 907 578 an.
936 548 1024 578 1432
1052 543 1253 587 eodemque
1278 543 1355 577 fere
1380 545 1472 577 tem-

135 600 222 634 pore
250 590 315 623 3111,
346 589 457 633 paulo
484 590 570 623 ante
596 591 662 624 aut
686 592 771 634 post
798 590 911 624 ceteri
938 590 1067 634 scripti
1093 592 1187 624 sunt.
1238 589 1329 624 Cum
1353 601 1371 623 1·
1396 592 1435 624 et
1460 589 1478 622 f

137 636 183 669 ad
208 636 361 670 verbum
387 646 504 680 paene
532 637 775 680 consentiant,
802 639 843 671 ut
868 637 928 671 hic
954 637 1000 670 ab
1026 637 1091 670 1110
1118 636 1299 681 originem
1324 636 1473 671 duxisse

135 682 320 726 videatur,
360 684 397 716 eb
429 682 608 717 ambobus
641 683 772 717 adfinis
799 683 922 719 Ottob.
951 687 1040 718 1996
1068 683 1220 718 inferior
1245 683 1311 724 sit,
1343 684 1475 717 horum

134 741 153 762 r
187 729 305 763 solum
342 730 471 763 notare
511 729 601 763 satis
641 730 721 765 erit.
771 730 1059 765 Recentissimus
1091 731 1203 773 atque
1233 730 1475 774 neglegenter

137 775 295 819 scriptus
332 777 389 810 est
422 775 461 810 0.
518 775 625 810 Hune
658 776 827 810 libellum
860 788 943 810 cum
974 777 1141 819 Oratore,
1174 777 1306 820 Bruto,
1338 776 1474 821 topicis

137 822 252 857 Orelli
277 822 360 856 Tur.
383 825 474 856 1830
501 822 629 866 edidit,
658 823 696 858 O.
717 823 814 857 Jahn
834 823 981 858 Oratori
1006 835 1072 857 suo
1098 823 1238 867 adfixit,
1265 824 1474 867 nuperrime

135 869 202 904 Ed.
234 869 400 903 Hedicke
431 880 549 912 prgm.
583 869 706 904 Sorav.
733 870 856 905 Lusat.
890 872 1009 915 (1889)
1041 869 1243 912 recensuit,
1276 881 1368 913 quas
1400 872 1475 904 tres

137 915 316 950 editiones
342 915 539 959 praecipue
568 915 818 951 adhibuimus.

229 962 440 997 INCIPIT
470 963 551 997 DE
584 962 785 998 OPTIMO
822 963 1056 999 GFNFRF
1092 963 1317 1007 0(RATOR
1326 963 1407 998 VM
1437 963 1477 997 in

136 1009 262 1053 litura)
289 1009 312 1042 d
339 1010 387 1043 M
402 1028 409 1035 ·
434 1009 467 1043 T
485 1029 491 1035 ·
514 1009 819 1045 CICERONIS·
842 1011 921 1045 DE
938 1029 946 1036 ·
970 1010 1169 1045 OPTIMO
1190 1029 1197 1036 ·
1221 1010 1475 1045 GENEREss

136 1060 358 1103 DJGEDJ-
379 1058 573 1102 ῘΟΙΡΙΤ-
605 1067 629 1102 f.
684 1067 928 1112 Inscriptione
960 1069 1060 1102 caret
1090 1067 1115 1102 o
1155 1089 1197 1093 -
1236 1073 1267 1103 3.
1307 1079 1375 1112 quo
1408 1068 1474 1102 do

137 1116 232 1159 quod
257 1114 282 1148 C
318 1135 361 1139 —
400 1118 431 1148 4.
470 1127 493 1148 a
525 1115 652 1149 latinis
682 1114 818 1149 inclusi
856 1136 898 1139 —
936 1126 1040 1149 suum
1073 1126 1141 1159 quo
1168 1116 1225 1150 ius
1257 1114 1323 1149 dO
1354 1126 1475 1150 suum-

138 1173 202 1206 que
227 1162 286 1196 ius
310 1174 327 1194 r
351 1172 456 1195 suum
481 1162 635 1205 quoduz's
661 1172 681 1195 o
705 1172 810 1196 suum
841 1163 1012 1206 cuiusque
1042 1161 1182 1195 Manut.
1216 1181 1259 1186 —
1292 1165 1324 1196 7.
1355 1163 1476 1197 cuius—

138 1220 203 1253 que
242 1207 305 1242 Oo
343 1228 390 1232 —
426 1213 542 1242 certus
573 1218 642 1241 om.
668 1208 729 1242 ΥΟ
769 1229 811 1233 —
853 1212 905 1242 11.
946 1210 987 1242 cle
1013 1219 1082 1243 om.
1110 1208 1164 1242 dr
1199 1228 1243 1233 —-
1280 1209 1435 1243 hominis
1458 1220 1477 1241 1·

140 1276 181 1280 ——
217 1259 269 1289 12.
304 1255 412 1289 deicit
443 1255 498 1287 dr
531 1255 658 1289 deiecit
687 1254 706 1287 f
733 1256 826 1290 (licet
857 1254 882 1289 C
914 1255 1004 1289 dicit
1035 1254 1145 1288 O1ell.
1184 1275 1227 1280 —
1265 1255 1360 1300 quod
1391 1255 1476 1289 <1¹0

139 1321 182 1327 —
221 1306 405 1346 optumam
439 1300 480 1334 d¹
517 1301 585 1345 (sic
615 1301 832 1345 plerumque
865 1301 902 1345 (1)
939 1302 1113 1346 optimum
1144 1301 1169 1336 C
1208 1322 1251 1326 —
1291 1305 1345 1336 13.
1383 1303 1476 1337 clrei-

138 1353 200 1384 tur
234 1349 257 1381 d
296 1369 337 1373 -—
377 1348 415 1381 P.
442 1350 520 1382 384.
548 1351 579 1381 2.
617 1349 821 1393 eloquentia
853 1348 875 1382 d
914 1368 957 1373 —
995 1353 1027 1383 et
1058 1359 1100 1382 cx
1132 1348 1160 1382 0
1199 1368 1244 1373 -—
1281 1353 1313 1383 et
1343 1359 1387 1383 em
1417 1348 1477 1382 do

138 1400 171 1430 et
195 1394 220 1429 C
251 1415 298 1420 ——
330 1399 359 1430 7.
392 1396 596 1429 uerecunda
622 1394 664 1427 d²
690 1415 734 1420 —
762 1399 815 1429 11.
849 1396 1029 1429 lenitatem
1053 1394 1149 1428 roO
1185 1415 1227 1419 —-
1263 1398 1315 1429 12.
1347 1396 1478 1430 habent

139 1447 171 1476 ct
196 1442 322 1476 Lamb.
359 1462 397 1468 ·—
435 1445 487 1476 14.
518 1446 560 1475 ut
585 1442 832 1485 aedificiorum
863 1441 934 1476 del.
961 1452 1057 1475 cens.
1083 1441 1209 1475 Lamb.
1237 1461 1280 1466 ——
1312 1445 1365 1475 15.
1392 1453 1476 1486 quo-

139 1501 219 1523 rum
239 1501 256 1522 r
282 1509 325 1513 —-
351 1499 489 1523 summa
509 1489 577 1523 erit
597 1488 651 1521 dr
675 1499 813 1523 summa
832 1492 938 1523 erunt
963 1499 982 1522 ο
1008 1499 1148 1522 summa
1167 1492 1271 1522 erunt
1290 1489 1357 1523 crit
1377 1488 1405 1522 O
1432 1509 1476 1513 —

142 1540 194 1570 16.
217 1536 460 1581 peritissimus
485 1534 587 1569 (100
622 1555 662 1560 —
699 1539 752 1570 17.
784 1536 845 1570 sed
870 1546 953 1579 app.
979 1534 1076 1568 Jahn
1109 1555 1150 1559 —
1184 1537 1238 1568 20.
1265 1545 1300 1569 se
1327 1545 1395 1568 om.
1423 1534 1479 1568 dr

141 1603 184 1608 ——
212 1588 266 1617 24.
292 1583 473 1617 tolerabili
498 1594 524 1615 ω
558 1602 600 1605 -
632 1585 686 1615 27.
719 1582 879 1625 equidem
904 1580 999 1615 roO
1035 1601 1073 1606 -
1109 1584 1163 1615 29.
1194 1583 1263 1625 quo
1291 1580 1319 1615 0
1345 1592 1425 1616 cum
1450 1580 1476 1616 C

139 1650 185 1654 -
209 1628 247 1663 P.
274 1632 352 1663 385.
382 1633 410 1662 1.
437 1632 629 1662 numerant
653 1632 718 1662 aut
742 1629 868 1662 dicant
893 1627 914 1660 d
951 1648 989 1652 —-
1017 1631 1192 1672 quatenus
1218 1627 1320 1661 (100
1347 1631 1478 1672 quatu-s

139 1687 157 1709 r
182 1677 245 1720 qui
264 1680 409 1710 eatenus
429 1673 647 1708 Gu1ielmius
674 1695 715 1698 —
743 1679 774 1709 4.
802 1685 882 1709 cum
907 1673 964 1708 do
991 1676 1047 1718 qffi
1072 1673 1100 1708 Ο
1128 1684 1198 1708 0111.
1218 1685 1235 1706 r
1259 1695 1306 1699 —
1331 1679 1478 1709 careant

141 1722 199 1756 (10
219 1726 341 1757 carent
361 1721 388 1755 O
409 1722 517 1756 etiam
536 1732 553 1753 r
571 1741 616 1746 —-
637 1725 667 1755 5.
688 1722 761 1756 sint
781 1720 804 1754 d
819 1721 847 1755 O
869 1741 910 1746 -—
934 1726 964 1755 6.
979 1724 1155 1765 quaerant
1175 1720 1198 1753 d
1213 1731 1233 1754 0
1248 1725 1377 1765 petant
1395 1732 1413 1754 r
1433 1741 1475 1746 —

142 1773 195 1803 10.
217 1780 296 1803 cum
316 1768 339 1801 d
354 1779 374 1802 o
398 1770 453 1812 qffi
472 1779 490 1800 r
503 1767 532 1802 0
553 1767 620 1810 (sie
641 1767 802 1811 saepius)
822 1787 867 1793 —
890 1771 942 1802 15.
963 1768 1108 1802 aazias
1127 1772 1159 1802 et
1178 1766 1201 1800 d
1215 1779 1232 1800 1·
1247 1777 1266 1801 o
1287 1772 1320 1802 et
1339 1768 1434 1802 alias
1447 1768 1476 1802 Ο

140 1816 226 1850 aliis
239 1820 271 1850 et
285 1828 328 1856 ως
349 1819 381 1850 et
395 1815 480 1849 aliis
492 1818 547 1849 et?
568 1813 677 1849 Orell.
695 1835 738 1839 —-
756 1819 808 1849 16.
823 1816 900 1859 ipso
921 1813 944 1847 d
963 1835 1008 1839 —
1031 1817 1083 1848 18.
1098 1818 1139 1848 ut
1159 1824 1229 1848 om.
1250 1813 1340 1848 doO
1362 1834 1406 1839 -
1421 1818 1476 1849 28.

139 1866 297 1897 uestrum
317 1861 341 1894 d
356 1860 383 1895 0
404 1865 606 1896 nostrorum
625 1861 643 1894 f
658 1882 701 1886 —
723 1865 778 1896 32.
798 1862 927 1896 nolunt
947 1860 975 1895 O
999 1882 1038 1886 —
1061 1865 1115 1895 33.
1131 1862 1249 1895 teretis
1268 1859 1291 1893 d
1307 1860 1335 1895 0
1355 1864 1476 1896 tenues

139 1911 172 1943 is
192 1920 211 1943 o
239 1920 308 1943 om.
330 1921 346 1942 1·
372 1929 415 1932 -
442 1912 496 1942 35.
524 1909 764 1943 adhibeantur
783 1908 923 1942 Manut.
946 1928 987 1933 —
1008 1907 1046 1941 P.
1063 1911 1141 1942 386.
1157 1911 1187 1941 2.
1208 1908 1363 1942 subutile
1382 1907 1407 1941 d
1433 1927 1475 1932 —

141 1960 172 1990 4.
198 1956 238 1990 id
263 1960 312 1990 est
338 1954 363 1988 C
390 1955 480 1989 Item
505 1954 671 1989 Hedicke
703 1975 746 1980 —-
781 1959 834 1989 11.
859 1955 1009 1998 fuerzint
1033 1965 1084 1988 ro
1100 1953 1128 1988 0
1161 1974 1204 1979 -
1238 1958 1292 1988 13.
1323 1958 1429 1989 utrus
1453 1954 1477 1987 (1

117 2004 120 2007 ’
146 2003 279 2037 Verum
303 2013 320 2034 r
352 2001 398 2036 Vt
424 2012 444 2035 ο
460 2001 488 2035 O
513 2006 555 2036 ut
579 2003 625 2036 iis
651 2001 685 2035 N
722 2023 767 2027 —
805 2005 860 2036 20.
899 2006 931 2036 et
957 2012 1025 2036 om.
1053 2000 1111 2035 do
1143 2021 1188 2026 -———
1213 2001 1476 2035 Demosthenis-

141 2060 206 2094 que
233 2059 252 2082 o
280 2069 321 2073 ——
349 2052 404 2082 21.
432 2052 614 2093 tamquam
634 2047 659 2082 C
685 2053 789 2093 atque
806 2047 972 2082 Hedicke
998 2068 1040 2073 —
1067 2051 1122 2082 24.
1149 2048 1308 2082 omnium
1328 2045 1353 2080 C
1378 2058 1478 2082 omne

140 2095 386 2139 Hieronymus
420 2116 460 2119 —
494 2100 549 2129 26.
583 2097 786 2140 assequitur
811 2095 836 2129 C
862 2098 1066 2139 assequetur
1092 2093 1120 2128 O
1153 2114 1196 2119 --
1229 2097 1283 2128 29.
1316 2096 1478 2128 emoritur

142 2154 162 2177 o
178 2142 206 2177 O
235 2163 278 2167 —
305 2145 359 2176 30.
387 2142 592 2176 admiratur
618 2142 641 2174 d
666 2163 711 2167 —-
737 2147 792 2177 33.
818 2142 1005 2177 narrando
1030 2152 1048 2173 r
1071 2141 1282 2176 narratione
1303 2150 1323 2174 0
1348 2160 1395 2165 ——
1420 2144 1476 2174 34.

141 2190 321 2225 concitare
341 2199 361 2222 0
388 2209 431 2213 -
459 2191 514 2223 35.
535 2190 689 2223 oratoris
708 2188 732 2222 d
758 2209 801 2214 —-
828 2192 882 2223 36.
909 2188 1144 2232 eoeplicantem
1164 2186 1188 2219 d
1213 2187 1412 2230 explicanti
1431 2185 1476 2227 03

142 2247 206 2270 an:
232 2237 470 2280 emplicantem
575 2246 699 2280 yenere
723 2236 780 2270 uti
805 2238 911 2280 apto?
942 2255 988 2258 —
1018 2233 1057 2268 P.
1084 2236 1164 2268 387.
1190 2237 1223 2267 3.
1249 2244 1338 2277 quae
1363 2232 1389 2267 C
1414 2234 1478 2277 qui

142 2294 162 2318 ο
189 2284 283 2328 quod
302 2282 386 2317 Ern.
412 2302 458 2307 —
483 2285 515 2316 4.
541 2282 591 2315 In
616 2283 637 2315 d
664 2286 697 2317 et
716 2283 778 2327 qui
797 2294 814 2315 1·
842 2281 913 2326 Qui
933 2280 996 2315 00
1022 2281 1081 2315 sin
1100 2279 1209 2314 Orell.
1236 2299 1279 2304 -
1306 2280 1479 2314 laudauit

144 2330 169 2365 C
198 2341 266 2365 om.
295 2329 322 2364 O
351 2329 517 2364 laudabit
542 2327 712 2363 Gulielm.
743 2348 790 2354 -—
822 2331 852 2363 8.
880 2328 1122 2363 doctissimum
1147 2326 1200 2360 dr
1225 2327 1478 2362 doctiesumum
