1643 2526
58 741 90 766 10

60 1034 91 1058 15

61 1325 95 1350 20

64 1616 96 1641 25

65 1908 99 1932 30

65 2198 100 2223 35

379 100 523 135 11131111
547 99 575 135 1.
627 98 726 135 CAP.
754 101 904 134 59-60.
931 102 950 141 ξ
976 101 1172 134 251-256.
1389 83 1444 137 63

104 200 248 238 tamen
267 210 356 237 non
380 195 563 251 fugisset
583 194 664 236 hoc
691 193 877 236 Graecos
902 193 1112 247 homines,
1138 192 1173 234 si
1193 192 1255 234 ita
1273 207 1445 234 necesse

107 270 197 296 esse
231 254 430 296 arbitrati
463 256 605 294 essent
644 256 858 294 oratorem
894 252 1037 306 ipsum
1075 251 1240 293 erudire
1278 251 1324 292 in
1354 251 1445 292 iure

107 313 234 368 civili,
258 327 346 354 non
372 313 410 353 ei
435 312 749 367 pragmaticum
775 311 1013 352 adiutorem
1040 311 1149 351 dare.
1193 309 1306 351 Nam
1334 309 1446 363 quod

1461 286 1517 327 60

1413 368 1420 375 ·
1451 354 1517 385 254

107 372 212 413 dicis
257 374 522 413 senectutem
569 386 593 411 a
640 369 869 411 solitudine
910 369 1117 410 vindicari
1161 368 1268 410 iuris
1310 368 1446 410 civihs

109 430 305 484 scientia,
344 430 529 470 fortasse
576 429 706 470 etiam
748 428 952 483 pecuniae
996 427 1302 482 magnitudine.
1366 425 1448 468 Sed

108 503 186 530 nos
218 503 306 530 non
344 488 445 542 quid
474 487 600 528 nobis
632 487 756 541 utile,
791 501 938 528 verum
977 486 1078 540 quid
1117 486 1277 526 oratori
1307 500 1449 526 neces-

110 547 269 589 sarium
302 547 358 588 sit
385 546 638 600 quaerimus.
689 545 969 599 Quamquam,
1001 544 1204 598 quoniam
1235 544 1370 584 multa
1397 544 1449 584 ad

110 605 293 647 oratoris
327 605 649 646 similitudinem
682 604 734 644 ab
766 618 850 644 uno
884 603 1046 644 artifice
1080 602 1307 656 sumimus,
1339 602 1449 643 solet

108 665 221 706 idem
246 663 429 705 Roscius
455 664 592 704 dicere
620 677 676 717 se,
702 676 786 716 quo
806 662 902 716 plus
930 662 1011 703 sibi
1039 661 1193 702 aetatis
1220 661 1450 715 accederet,

110 737 159 764 eo
191 722 399 764 tardiores
432 721 621 763 tibicinis
647 721 796 762 modos
823 723 865 761 et
892 723 1041 762 cantus
1067 720 1331 761 remissiores
1358 733 1450 760 esse

110 782 336 823 facturum.
398 779 520 828 Quod
553 780 589 821 si
619 780 690 820 ille
723 779 924 820 astrictus
952 782 1068 820 certa
1094 779 1276 832 quadam
1306 792 1451 818 nume-

109 855 255 881 rorum
274 839 564 880 moderatione
592 843 633 879 et
657 839 812 892 pedum
832 841 977 879 tamen
997 837 1157 891 aliquid
1183 837 1236 877 ad
1260 837 1450 890 requiem

112 898 343 939 senectutis
382 898 618 952 excogitat,
659 899 818 950 quanto
860 895 1028 937 facilius
1066 909 1145 936 nos
1182 909 1270 936 non
1307 895 1450 935 laxare

111 957 260 998 modos
293 956 366 997 sed
397 959 513 996 totos
546 958 710 996 mutare
743 954 999 1008 possumus?
1049 953 1197 1007 Neque
1231 953 1343 994 enim
1368 953 1520 995 hoc255

112 1019 173 1069 te,
217 1013 386 1069 Crasse,
428 1014 559 1067 fallit,
603 1028 730 1067 quam
774 1013 911 1053 multa
955 1012 1041 1053 sint
1087 1015 1128 1053 et
1167 1026 1294 1066 quam
1333 1011 1453 1052 varia

114 1088 268 1128 genera
313 1073 495 1126 dicendi,
537 1072 582 1112 id
626 1072 738 1125 quod
780 1071 894 1112 haud
938 1071 1071 1112 sciam
1110 1086 1163 1111 an
1201 1073 1247 1111 tu
1287 1069 1451 1124 primus

115 1131 363 1185 ostenderis,
391 1131 462 1184 qui
489 1131 575 1171 iam
609 1131 681 1171 diu
706 1129 842 1171 multo
871 1129 974 1171 dicis
1001 1128 1220 1170 remissius
1249 1131 1291 1169 et
1314 1128 1452 1169 lenius
1487 1157 1494 1160 »

114 1205 242 1244 quam
269 1190 454 1243 solebas3
479 1204 615 1242 neque
641 1188 783 1229 minus
808 1189 914 1229 haec
939 1191 1084 1228 tamen
1109 1191 1183 1228 tua
1210 1186 1453 1242 gravissimi

115 1248 321 1290 sermonis
362 1248 516 1289 lenitas
559 1262 687 1301 quam
725 1247 801 1287 illa
842 1261 1009 1287 summa
1048 1245 1112 1287 vis
1152 1249 1194 1286 et
1233 1244 1451 1286 contentio

113 1307 338 1361 probatur3
359 1306 566 1359 multique
589 1308 780 1346 oratores
799 1305 984 1358 fuerunt,
1004 1307 1052 1345 ut
1071 1304 1193 1345 illum
1209 1302 1453 1357 Scipionem

116 1365 310 1406 audimus
349 1368 391 1405 et
423 1364 633 1417 Laelium,
672 1363 744 1416 qui
783 1363 925 1404 onmia
964 1377 1157 1404 sermone
1196 1362 1454 1403 conficerent

114 1424 242 1478 paulo
280 1423 530 1476 intentiore,
565 1437 802 1476 nunquam,
838 1425 886 1462 ut
926 1420 1011 1462 Ser.
1052 1420 1207 1473 Galba,
1245 1420 1453 1460 lateribus

116 1485 190 1522 aut
232 1481 416 1522 clamore
457 1481 772 1522 contenderent.
836 1479 958 1528 Quod
999 1479 1035 1520 si
1071 1479 1157 1520 iam
1195 1478 1277 1519 hoc
1315 1478 1454 1519 facere

115 1555 203 1581 non
232 1540 394 1594 poteris
428 1542 501 1580 aut
531 1539 669 1593 noles,
706 1538 863 1579 vereris
900 1552 953 1578 ne
991 1540 1066 1578 tua
1098 1537 1248 1577 domus
1280 1536 1379 1577 talis
1412 1539 1455 1576 et

117 1598 197 1639 viri
230 1602 272 1639 et
304 1598 427 1652 civis,
459 1598 494 1638 si
527 1612 551 1638 a
582 1597 785 1652 litigiosis
818 1596 1064 1637 hominibus
1096 1610 1184 1636 non
1216 1594 1400 1647 colatur,
1432 1609 1456 1635 a

120 1656 271 1698 ceteris
313 1656 562 1697 deseratur?
624 1655 836 1709 Equidem
875 1657 1044 1695 tantum
1087 1654 1238 1695 absum
1279 1653 1331 1694 ab
1371 1653 1458 1693 ista

118 1715 347 1768 sententia,
387 1718 435 1755 ut
475 1729 562 1755 non
603 1714 728 1754 modo
769 1728 856 1754 non
897 1713 1079 1753 arbitrer
1118 1711 1355 1753 subsidium
1397 1725 1458 1751 se-

117 1773 303 1814 nectutis
334 1773 380 1813 in
406 1788 565 1826 eorum,
598 1772 669 1826 qui
695 1772 940 1813 consultum
965 1771 1150 1824 Veniant,
1182 1769 1456 1810 multitudine

118 1846 208 1872 esse
228 1832 485 1885 ponendum,
511 1831 584 1872 sed
603 1834 805 1884 tanquam
826 1833 999 1883 portum
1026 1829 1212 1882 aliquem
1238 1831 1458 1881 expectem

118 1890 265 1943 istam,
297 1904 423 1943 quam
456 1893 503 1930 tu
535 1889 679 1943 times,
711 1889 996 1929 solitudinem.
1060 1886 1307 1927 Subsidium
1345 1886 1459 1926 enim

118 1948 402 1988 bellissimum
433 1947 629 1988 existimo
663 1961 753 1987 esse
787 1945 995 1987 senectuti
1029 1946 1175 1985 otium.

236 2005 419 2059 Reliqua
445 2020 544 2047 vero
572 2005 701 2046 etiam
734 2005 770 2045 si
797 2004 1012 2057 adiuvant,
1042 2002 1270 2044 historiam
1296 2002 1390 2043 dico
1418 2004 1528 2042 ‹et-256

119 2064 390 2118 prudentiam
420 2064 526 2104 iuris
552 2063 715 2128 publici
741 2066 783 2103 et
811 2062 1082 2115 antiquitatis
1112 2061 1211 2126 [iter
1237 2062 1295 2111 et]
1325 2075 1460 2101 exem-

119 2123 288 2176 plorum
321 2122 505 2176 copiam,
544 2122 579 2162 si
617 2121 785 2175 quando
820 2135 924 2174 opus
964 2120 1064 2173 erit,
1102 2134 1126 2160 a
1162 2119 1254 2160 viro
1296 2119 1459 2172 optimo

121 2184 163 2221 et
205 2181 302 2221 istis
352 2181 479 2221 rebus
528 2179 863 2221 instructissimo
913 2177 1115 2218 familiari
1165 2191 1259 2218 meo
1311 2175 1459 2229 Congo

120 2235 391 2279 mutuabor!
405 2237 554 2292 Neque
573 2238 835 2292 repugnabo,
856 2251 938 2290 quo
960 2236 1113 2288 minus,
1131 2235 1175 2276 id
1202 2234 1313 2299 quod
1334 2234 1459 2274 modo

119 2297 317 2338 hortatus
362 2311 425 2351 es,
469 2296 611 2337 omnia
647 2296 811 2350 legant,
850 2294 993 2336 omnia
1032 2270 1224 2346 audiant,
1261 2292 1307 2332 in
1345 2290 1461 2332 omni
