1643 2526
158 79 243 120 248
734 77 922 113 BRUTUS

159 173 348 215 adiuncti
380 174 464 215 duo
497 171 541 214 G.
567 172 705 214 Fanni
731 171 775 214 G.
801 172 858 213 M.
884 172 963 213 filii
989 172 1180 227 fuerunt3
1211 186 1392 226 quorum
1419 172 1498 214 Gai

158 232 291 286 filius,
323 232 395 286 qui
427 231 576 273 consul
608 246 704 273 cum
735 230 929 272 Domitio
961 230 1062 283 fuit,
1100 245 1230 271 unam
1261 232 1499 272 orationem

159 291 209 331 de
243 290 369 332 sociis
403 293 445 331 et
476 289 648 331 nomine
680 289 837 330 Latino
871 292 1021 330 contra
1053 288 1293 330 Gracchum
1324 289 1498 343 reliquit

160 363 261 390 sane
294 352 336 390 et
367 349 526 389 bonam
557 351 600 389 et
630 347 830 389 nobilem.
874 346 983 388 Tum
1008 347 1198 388 Atticus:
1231 346 1341 395 Quid
1367 348 1498 403 ergo?

159 410 278 449 estne
309 407 395 448 ista
421 406 587 448 Fanni?
618 421 717 447 nam
743 406 862 447 varia
894 405 1038 460 opinio
1070 406 1213 459 pueris
1244 406 1368 446 nobis
1396 409 1497 447 erat.

159 465 247 506 Alii
273 480 298 506 a
318 464 362 507 C.
382 464 529 506 Persio
554 465 746 506 litterato
766 464 939 505 homine
969 464 1172 518 scriptam
1198 478 1289 505 esse
1316 464 1500 518 aiebant,

159 525 234 565 illo
268 538 394 577 quem
429 523 644 578 significat
675 523 796 564 valde
835 523 1008 564 doctum
1046 537 1137 563 esse
1176 521 1386 573 Lucilius3
1426 522 1498 564 alii

160 583 319 623 multos
351 582 537 636 nobilis,
569 581 681 635 quod
713 581 891 635 quisque
922 580 1152 635 potuisset,
1183 581 1228 621 in
1258 581 1377 622 illam
1410 595 1500 622 ora-

94 641 325 684 100tionem
366 640 610 682 contulisse.
680 639 789 680 Tum
830 653 927 694 ego:
968 638 1126 680 Audivi
1168 639 1364 693 equidem
1403 639 1500 693 ista,

161 699 355 753 inquam,
392 699 441 739 de
480 698 714 739 maioribus
752 700 875 752 natu,
919 697 992 738 sed
1028 711 1262 751 numquam
1299 712 1393 738 sum
1431 698 1499 739 ad-

160 757 312 798 ductus
339 759 387 797 ut
414 757 644 810 crederem3
676 770 852 809 eamque
879 756 1165 810 suspicionem
1190 759 1365 810 propter
1388 756 1498 797 hanc

161 830 332 857 causam
377 815 500 856 credo
545 814 695 868 fuisse,
739 814 852 868 quod
893 813 1082 855 Fannius
1125 814 1171 855 in
1214 814 1499 855 mediocribus

163 873 405 915 oratoribus
426 873 599 913 habitus
627 875 752 926 esset,
777 872 914 913 oratio
942 876 1084 914 autem
1103 873 1170 913 vel
1198 873 1361 927 optima
1387 876 1500 914 esset

160 932 236 973 illo
281 931 452 985 quidem
496 934 688 985 tempore
733 931 976 971 orationum
1022 931 1222 972 omnium.
1297 929 1380 972 Sed
1421 945 1498 972 nec

161 990 369 1031 eiusmodi
401 993 479 1044 est,
508 992 557 1031 ut
589 1004 613 1030 a
644 989 837 1043 pluribus
871 989 1048 1030 confusa
1079 989 1273 1030 videatur
1307 1013 1355 1019 -
1390 1003 1498 1030 unus

161 1049 275 1090 enim
306 1063 436 1089 sonus
463 1050 529 1088 est
554 1047 689 1089 totius
722 1047 928 1088 orationis
960 1051 1003 1088 et
1033 1047 1145 1089 idem
1172 1048 1297 1089 stilus
1328 1072 1392 1102 —‚
1422 1062 1499 1089 nec

164 1107 214 1148 de
255 1106 402 1147 Persio
444 1106 687 1147 reticuisset
727 1105 966 1160 Gracchus,
1006 1120 1102 1147 cum
1144 1105 1181 1146 ei
1218 1106 1407 1146 Fannius
1449 1106 1499 1147 de

160 1164 355 1206 Menelao
376 1164 627 1205 Maratheno
656 1167 697 1204 et
724 1164 773 1204 de
800 1164 951 1205 ceteris
979 1164 1222 1217 obiecisset3
1247 1164 1499 1218 praesertim

163 1238 260 1264 cum
291 1223 480 1264 Fannius
512 1237 732 1276 nunquam
765 1222 821 1263 sit
852 1222 1026 1263 habitus
1060 1222 1255 1277 elinguis.
1311 1221 1424 1263 Nam
1457 1226 1499 1263 et

162 1296 311 1323 causas
327 1281 600 1322 defensitavit
620 1284 662 1321 et
681 1280 925 1321 tribunatus
946 1281 1035 1321 eius
1057 1281 1236 1321 arbitrio
1257 1283 1299 1321 et
1319 1280 1500 1322 auctori-

164 1343 253 1380 tate
273 1339 318 1380 P.
339 1339 533 1380 Africani
555 1342 701 1394 gestus
727 1353 814 1379 non
841 1339 1045 1380 obscurus
1072 1338 1165 1379 fuit.
1216 1338 1338 1380 Alter
1358 1343 1500 1380 autem

162 1397 207 1439 G.
240 1398 429 1438 Fannius
462 1397 517 1438 M.
556 1397 688 1451 filius,
725 1395 770 1438 C.
808 1396 927 1438 Laeli
966 1411 1112 1452 gener,
1150 1400 1192 1438 et
1229 1397 1419 1438 moribus
1458 1400 1500 1438 et

94 1456 256 1511 101ipso
285 1471 436 1511 genere
470 1456 635 1497 dicendi
668 1455 823 1496 durior.
874 1455 916 1496 Is
950 1456 1084 1497 soceri
1115 1455 1331 1509 instituto,
1363 1470 1502 1510 quem,

163 1515 262 1568 quia
295 1517 521 1569 cooptatus
553 1514 599 1555 in
630 1528 844 1569 augurum
874 1514 1114 1568 conlegium
1145 1528 1232 1555 non
1269 1517 1377 1568 erat,
1413 1528 1501 1554 non

162 1573 390 1614 admodum
416 1572 635 1627 diligebat,
664 1571 917 1626 praesertim
948 1586 1043 1613 cum
1074 1571 1145 1612 ille
1178 1571 1224 1620 Q.
1252 1570 1499 1613 Scaevolam

163 1631 245 1672 sibi
277 1631 485 1671 minorem
516 1633 621 1671 natu
654 1644 856 1685 generum
882 1630 1154 1684 praetulisset
1180 1654 1234 1659 —-
1262 1630 1330 1671 cui
1356 1633 1500 1671 tamen

161 1689 334 1730 Laelius
368 1703 411 1729 se
444 1702 648 1729 excusans
681 1702 768 1728 non
800 1702 955 1743 genero
982 1687 1136 1728 minori
1169 1687 1275 1728 (lixit
1308 1702 1350 1729 se
1382 1688 1501 1743 illud,

163 1748 236 1788 sed
267 1747 420 1788 maiori
445 1747 558 1787 filiae
584 1746 786 1787 detulisse
811 1770 880 1800 ——‚
911 1745 947 1786 is
981 1748 1124 1787 tamen
1154 1746 1354 1787 instituto
1380 1746 1499 1788 Laeli

161 1805 415 1847 Panaetium
447 1805 678 1845 audiverat.
723 1804 829 1845 Eius
863 1804 999 1845 omnis
1031 1804 1077 1844 in
1109 1804 1284 1845 dicendo
1316 1804 1498 1846 facultas

164 1864 348 1904 historia
378 1863 514 1918 ipsius
545 1877 633 1904 non
662 1862 926 1917 ineleganter
952 1862 1111 1916 scripta
1136 1863 1320 1917 perspici
1344 1866 1500 1918 potest,

163 1937 269 1975 quae
306 1936 442 1976 neque
481 1921 608 1962 nimis
649 1924 714 1962 est
752 1920 893 1961 infans
933 1934 1069 1974 neque
1106 1921 1294 1975 perfecte
1331 1922 1499 1963 diserta.

94 1979 329 2023 10=2Mucius
371 1982 516 2021 autem
557 1993 710 2034 augur,
751 1979 864 2033 quod
902 1993 979 2033 pro
1022 1993 1065 2020 se
1110 1993 1216 2033 opus
1258 1983 1367 2033 erat,
1409 1981 1499 2034 ipse

163 2039 349 2093 dicebat,
403 2041 452 2079 ut
502 2038 551 2079 de
600 2037 791 2092 pecuniis
840 2037 1085 2091 repetundis
1136 2041 1286 2079 contra
1334 2037 1378 2078 T.
1428 2038 1501 2078 Al—

161 2096 346 2138 bucium.
426 2096 469 2137 Is
520 2099 738 2137 oratorum
786 2095 832 2136 in
878 2109 1055 2136 numero
1103 2110 1190 2137 non
1239 2096 1345 2151 fuit,
1393 2095 1499 2137 iuris

163 2155 300 2197 civilis
354 2154 651 2209 intellegentia
697 2157 825 2207 atque
873 2153 989 2194 omni
1040 2154 1290 2208 prudentiae
1347 2168 1498 2209 genere

161 2213 391 2268 praestitit.
477 2212 524 2253 L.
581 2211 749 2254 Caelius
804 2211 1033 2266 Antipater
1089 2212 1297 2267 scriptor,
1359 2227 1500 2266 quem-

163 2272 391 2313 admodum
422 2270 595 2326 videtis,
632 2270 714 2312 fuit
745 2273 794 2311 ut
825 2271 1091 2324 temporibus
1123 2271 1209 2312 illis
1246 2270 1501 2325 luculentus,

1520 716 1552 740 10

1521 1005 1553 1031 15

1519 1297 1553 1323 20

1519 1589 1553 1614 25

1519 1880 1553 1906 30

1519 2171 1551 2196 35
