1643 2526
148 348 167 378 9

194 125 280 166 316
767 125 962 160 ORATOR

192 220 345 274 Itaque
389 223 432 261 et
473 220 650 262 Phidiae
695 220 953 274 simulacris,
1002 220 1156 274 quibus
1204 221 1312 262 nihil
1361 221 1407 262 in
1453 221 1528 262 illo

196 294 347 334 genere
368 278 598 333 peifectius
617 279 821 333 videmus,
847 282 889 320 et
914 279 967 319 iis
987 279 1166 333 picturis
1188 293 1292 333 quas
1311 279 1529 321 nominavi

195 338 384 392 cogitare
434 340 580 378 tamen
627 352 854 392 possumus
904 337 1134 392 pulcriora3
1182 352 1260 379 nec
1309 353 1408 380 vero
1457 338 1530 379 ille

196 396 349 436 artifex
382 410 478 437 cum
508 395 669 437 faceret
699 396 813 437 Iovis
845 395 1029 436 formam
1062 398 1135 436 aut
1165 395 1399 451 Minervae,
1436 410 1531 438 con-

195 454 486 508 templabatur
512 454 708 508 aliquem,
734 469 755 494 e
782 468 865 507 quo
893 453 1215 495 similitudinem
1242 455 1426 509 duceret,
1457 455 1530 496 sed

194 512 329 567 ipsius
360 512 406 552 in
436 515 577 553 mente
608 513 821 553 insidebat
853 512 1014 566 species
1045 512 1344 566 pulcritudinis
1377 512 1532 554 eximia

197 571 422 625 quaedam,
469 586 597 625 quam
638 571 808 611 intuens
851 571 897 611 in
940 585 1072 624 eaque
1116 571 1277 612 defixus
1322 571 1374 612 ad
1415 571 1530 612 illius

150 629 175 670 3
198 629 521 670 similitudinem
554 632 690 670 artem
723 632 765 670 et
803 644 976 670 manum
1016 628 1238 684 dirigebat.
1299 627 1360 670 Ut
1397 629 1532 684 igitur

129 930 171 961 10

133 1397 172 1427 11

194 688 240 728 in
271 687 421 728 formis
454 690 496 728 et
527 687 676 742 figuris
703 690 768 728 est
795 687 955 741 aliquid
980 687 1217 741 perfectum
1244 690 1286 728 et
1312 688 1533 742 excellens,

196 746 314 787 cuius
360 746 411 786 ad
454 746 689 800 cogitatam
731 745 914 800 speciem
953 745 1161 786 imitando
1202 746 1444 786 referuntur
1484 760 1533 787 ea

197 819 303 858 quae
336 803 414 844 sub
448 804 593 845 oculos
619 804 648 857 †
673 804 768 857 ipsa
798 818 885 844 non
916 804 1084 858 cadunt,
1116 804 1176 845 sic
1207 803 1419 858 perfectae
1452 804 1534 845 elo-

198 862 396 915 quentiae
442 862 626 916 speciem
669 862 811 902 animo
861 862 1071 916 videmus,
1121 862 1307 917 effigiem
1359 862 1533 904 auribus

198 920 451 973 quaerimus.
500 920 591 960 Has
617 934 759 961 rerum
785 920 945 961 formas
978 920 1165 975 appellat
1197 919 1314 969 ἰδέας
1343 920 1415 961 ille
1446 935 1534 962 non

197 978 474 1033 intellegendi
529 979 669 1019 solum
725 979 797 1019 sed
853 979 983 1019 etiam
1033 978 1198 1020 dicendi
1255 979 1533 1034 gravissimus

199 1040 348 1078 auctor
380 1040 422 1078 et
453 1036 659 1091 magister
696 1037 838 1090 Plato,
875 1051 1029 1090 easque
1068 1037 1188 1092 gigni
1224 1040 1354 1092 negat
1394 1041 1436 1078 et
1474 1037 1533 1078 ait

200 1110 365 1148 semper
386 1109 477 1135 esse
498 1110 547 1136 ac
567 1095 733 1136 ratione
754 1098 796 1136 et
821 1095 1120 1149 intellegentia
1140 1095 1367 1150 contineri3
1394 1098 1534 1137 cetera

198 1153 316 1194 nasci
338 1153 527 1194 occidere
547 1153 677 1194 fluere
703 1153 791 1193 labi
816 1168 893 1195 nec
914 1153 1072 1194 diutius
1095 1168 1185 1194 esse
1205 1168 1290 1194 uno
1318 1157 1361 1194 et
1386 1154 1534 1195 eodem

202 1215 329 1252 statu.
397 1211 607 1266 Quicquid
650 1214 715 1252 est
763 1211 898 1266 igitur
942 1212 991 1252 de
1036 1226 1119 1264 quo
1164 1212 1329 1252 ratione
1380 1216 1423 1253 et
1465 1213 1534 1253 via

200 1270 459 1323 disputetur,
503 1270 546 1310 id
588 1272 653 1310 est
693 1270 745 1310 ad
791 1270 987 1310 ultimam
1032 1270 1097 1310 sui
1142 1270 1307 1325 generis
1351 1270 1535 1311 formam

201 1328 467 1382 speciemque
499 1328 785 1383 redigendum.

318 1386 380 1427 Ac
412 1386 535 1426 video
571 1386 681 1427 hanc
717 1387 900 1440 primam
936 1386 1248 1441 ingressionem
1281 1400 1419 1427 meam
1449 1400 1537 1427 non

201 1460 251 1485 ex
301 1444 499 1485 oratoriis
551 1444 914 1498 disputationibus
965 1446 1155 1498 ductam,
1205 1445 1276 1485 sed
1326 1459 1347 1484 e
1398 1444 1538 1485 media

199 1502 473 1557 philosophia
503 1503 730 1557 repetitam
769 1506 811 1544 et
849 1518 941 1544 eam
979 1503 1149 1556 quidem
1187 1517 1283 1544 cum
1315 1502 1536 1556 antiquam

200 1566 292 1602 tum
325 1562 633 1602 subobscuram
665 1564 738 1602 aut
769 1561 1109 1615 reprehensionis
1137 1561 1297 1614 aliquid
1323 1563 1397 1601 aut
1423 1564 1535 1602 certe

202 1619 495 1660 admirationis
536 1619 793 1660 habituram.
855 1619 967 1660 Nam
1010 1622 1083 1660 aut
1123 1619 1392 1659 mirabuntur
1434 1619 1535 1672 quid

200 1678 305 1718 haec
336 1677 579 1731 pertineant
605 1677 656 1717 ad
688 1692 737 1717 ea
763 1692 870 1730 quae
897 1678 1137 1731 quaerimus
1169 1701 1218 1706 —
1248 1677 1402 1730 quibus
1430 1677 1534 1718 satis

201 1735 330 1776 faciet
360 1750 426 1775 res
451 1735 546 1789 ipsa
572 1735 757 1790 cognita,
790 1738 835 1775 ut
861 1749 947 1776 non
974 1735 1062 1775 sine
1090 1749 1218 1776 causa
1244 1735 1327 1775 alte
1353 1735 1537 1789 repetita

201 1794 396 1834 videatur
437 1818 485 1822 —
528 1796 601 1833 aut
645 1793 970 1847 reprehendent,
1014 1793 1127 1846 quod
1170 1792 1400 1834 inusitatas
1445 1793 1536 1834 vias

156 1871 164 1878 ·
201 1852 472 1906 indagemus,
514 1851 639 1892 tritas
683 1851 983 1906 relinquamus.
1057 1851 1152 1905 Ego
1197 1854 1341 1892 autem
1384 1854 1426 1892 et
1469 1866 1535 1892 me

202 1924 325 1964 saepe
351 1924 462 1950 nova
487 1909 619 1950 videri
640 1909 776 1950 dicere
801 1910 1018 1963 intellego,
1044 1924 1140 1950 cum
1159 1912 1379 1963 pervetera
1399 1909 1537 1950 dicam

202 1968 275 2009 sed
299 1968 491 2008 inaudita
516 1968 741 2022 plerisque,
768 1971 810 2008 et
834 1968 972 2009 fateor
998 1982 1064 2008 me
1092 1971 1317 2022 oratorem,
1349 1967 1385 2008 si
1410 1968 1536 2008 modo

202 2026 283 2067 sim
316 2029 389 2066 aut
421 2026 550 2066 etiam
583 2026 836 2080 quicumque
869 2026 968 2080 sim,
1004 2040 1091 2066 non
1129 2041 1178 2066 ex
1217 2026 1438 2066 rhetorum
1477 2025 1538 2066 of-

200 2084 357 2138 ficinis,
396 2084 469 2124 sed
501 2099 552 2124 ex
583 2084 838 2125 Academiae
877 2084 1026 2139 spatiis
1066 2084 1275 2138 extitisse3
1312 2084 1388 2124 illa
1424 2084 1537 2124 enim

203 2145 302 2184 sunt
343 2142 553 2183 curricula
596 2142 899 2196 multiplicium
939 2142 1237 2196 variorumque
1283 2156 1537 2194 sermonum,

202 2201 247 2241 in
291 2200 445 2254 quibus
489 2200 682 2241 Platonis
726 2201 911 2254 primum
956 2203 1056 2242 sunt
1092 2201 1301 2255 impressa
1343 2200 1535 2255 vestigia.

204 2258 286 2300 Sed
312 2262 354 2300 et
377 2258 504 2299 huius
532 2261 574 2299 et
594 2258 774 2299 aliorum
799 2259 1154 2314 philosophorum
1174 2258 1536 2313 disputationibus

203 2320 245 2359 et
283 2317 525 2372 exagitatus
563 2331 758 2358 maxume
798 2321 942 2359 orator
982 2320 1047 2359 est
1087 2320 1130 2358 et
1171 2317 1358 2373 adiutus3
1399 2316 1536 2358 omnis

1552 763 1586 789 10

1554 1054 1587 1080 15

1555 1346 1588 1371 20

1554 1636 1589 1662 25

1555 1927 1591 1953 30

1556 2216 1592 2243 35
