1643 2526
177 81 204 121 2
209 80 265 121 80
754 80 942 115 BRUTUS

177 175 291 217 Nam
321 175 377 216 M.
408 175 600 216 Drusum
630 177 753 216 tuum
791 189 995 229 magnum
1033 175 1307 230 avunculum,
1344 190 1514 231 gravem

179 237 394 276 oratorem
435 234 498 274 ita
542 233 765 275 dumtaxat
809 248 906 275 cum
950 233 999 274 de
1043 247 1088 274 re
1130 233 1303 287 publica
1347 234 1514 290 diceret,

176 292 224 333 L.
257 295 400 333 autem
430 291 657 333 Lucullum
697 291 828 333 etia-m
866 294 1058 346 acutum,
1094 294 1344 346 patremque
1381 295 1515 348 tuum,

177 350 323 405 Brute,
353 350 457 391 iuris
491 364 658 404 quoque
685 353 727 391 et
752 349 914 404 publici
940 352 983 390 et
1007 350 1165 404 privati
1192 364 1291 394 sane
1317 351 1516 406 peritum,

176 408 232 450 M.
258 409 498 463 Lucullum,
522 407 578 449 M.
599 407 824 449 Octavium
851 407 925 450 Cn.
945 407 1005 462 F,
1037 408 1110 462 qui
1135 411 1304 450 tantum
1330 409 1511 451 auctori·
1546 426 1563 453 5

177 470 266 508 tate
293 467 554 520 dicendoque
580 466 726 520 valuit,
758 469 807 507 ut
836 466 977 521 legem
1005 465 1301 521 Semproniam
1331 467 1515 508 frumen-

177 525 332 567 tariam
374 525 523 580 populi
566 524 802 578 frequentis
847 525 1062 579 suffragiis
1107 525 1398 580 abrogaverit,
1439 524 1514 567 Cn.

178 583 404 625 Octavium
423 583 479 624 M.
500 583 559 637 F,
583 583 639 624 M.
661 582 869 625 Catonem
889 586 1069 637 patrem,
1095 583 1142 632 Q.
1164 583 1294 624 etiam
1314 583 1514 626 Catulum

175 642 312 683 filium
344 642 603 683 abducamus
631 657 681 683 ex
708 642 808 695 acie,
838 641 883 682 id
908 644 972 682 est
1000 656 1024 682 a
1048 641 1230 696 iudiciis,
1261 645 1304 683 et
1328 642 1374 683 in
1398 656 1516 696 prae-

177 700 296 742 sidiis
327 700 389 741 rei
420 700 629 754 publicae,
661 700 728 741 cui
758 700 883 741 facile
916 700 1020 741 satis
1053 700 1190 741 facere
1221 700 1402 755 possint,
1433 700 1515 742 col·
1535 717 1569 743 ιο

105 759 376 800 223locemus.
437 758 602 799 Eodem
634 757 680 806 Q.
713 756 971 812 Caepionem
1011 758 1232 813 referrem,
1266 758 1351 800 nisi
1387 758 1514 800 nimis

177 816 364 872 equestri
398 816 536 857 ordini
562 816 728 857 deditus
762 831 787 857 a
818 819 969 857 senatu
995 816 1253 858 dissedisset.
1316 815 1515 858 (311031-

175 876 331 917 bonem
374 874 428 915 M.
474 874 659 915 Marium
709 877 751 915 et
801 889 851 915 ex
894 875 1043 916 eodem
1087 889 1240 930 genere
1284 875 1515 929 compluris

175 934 350 974 minime
383 933 535 987 dignos
568 933 777 988 elegantis
804 936 1038 974 conventus
1066 933 1240 974 auribus
1268 933 1514 999 aptissimos

176 991 358 1047 cognovi
389 991 649 1032 turbulentis
683 991 967 1032 contionibus.
1012 990 1104 1040 Quo
1130 991 1175 1032 in
1201 1005 1367 1046 genere,
1396 995 1445 1033 ut
1469 992 1515 1033 in
1536 1008 1568 1034 15

175 1050 242 1091 his
274 1050 521 1105 perturbem
559 1052 749 1090 aetatum
788 1049 997 1104 ordinem,
1032 1064 1168 1104 nuper
1204 1049 1252 1091 L.
1291 1049 1514 1098 Quinctius

177 1108 282 1163 fuit3
333 1107 475 1161 aptior
525 1108 655 1148 etiam
703 1107 931 1149 Palicanus
982 1108 1155 1149 auribus
1204 1108 1514 1162 imperitorum.

106 1166 235 1208 224Et
274 1166 474 1221 quoniam
510 1166 638 1207 huius
677 1166 844 1221 generis
882 1165 998 1207 facta
1028 1166 1189 1207 mentio
1227 1169 1309 1207 est:
1347 1167 1515 1208 seditio-

176 1239 321 1266 sorum
348 1224 538 1265 omnium
563 1227 663 1277 post
689 1224 904 1265 Gracchos
933 1223 979 1264 L.
1003 1224 1237 1278 Appuleius
1260 1223 1513 1266 Saturninus

176 1283 550 1336 eloquentissimus
576 1282 692 1323 Visus
719 1286 801 1337 est,
827 1282 964 1337 magis
991 1283 1129 1336 specie
1155 1285 1300 1323 tamen
1325 1286 1368 1324 et
1393 1286 1513 1324 motu
1534 1301 1568 1325 20

176 1345 304 1395 atque
335 1341 429 1395 ipso
462 1341 621 1382 amictu
654 1341 849 1395 capiebat
873 1340 1068 1382 homines
1096 1355 1223 1395 quam
1250 1344 1324 1382 aut
1350 1341 1515 1383 dicendi

176 1400 300 1454 copia
331 1402 404 1441 aut
436 1399 731 1440 mediocritate
762 1399 1023 1453 prudentiae.
1067 1398 1215 1454 Longe
1242 1402 1385 1440 autem
1415 1402 1515 1454 post

176 1461 303 1499 natos
329 1457 525 1498 homines
550 1457 895 1511 improbissimus
923 1456 967 1498 C.
996 1457 1200 1499 Servilius
1227 1456 1416 1512 Glaucia,
1442 1458 1515 1499 sed
1539 1490 1544 1494 .

177 1519 405 1570 peracutus
438 1519 480 1556 et
513 1516 690 1556 callidus
724 1530 821 1557 cum
852 1515 1086 1569 primisque
1118 1516 1332 1557 ridiculus.
1387 1516 1431 1557 Is
1464 1531 1515 1557 ex

178 1574 355 1616 summis
400 1577 442 1615 et
484 1574 681 1615 fortunae
732 1577 774 1615 et
817 1574 929 1614 vitae
974 1574 1171 1615 sordibus
1220 1574 1265 1614 in
1313 1577 1514 1628 praetura
1533 1593 1566 1618 25

177 1633 327 1674 consul
370 1632 510 1673 factus
555 1635 687 1686 esset,
731 1632 767 1672 si
809 1632 1020 1672 rationem
1063 1632 1152 1673 eius
1195 1632 1344 1673 haberi
1386 1632 1513 1674 licere

176 1690 412 1731 iudicatum
438 1693 560 1730 esset.
604 1689 718 1730 Nam
744 1693 786 1730 et
809 1690 979 1744 plebem
1005 1690 1178 1731 tenebat
1205 1693 1248 1731 et
1273 1693 1514 1744 equestrem

179 1748 370 1789 ordinem
402 1748 608 1788 beneficio
641 1747 748 1802 legis
781 1748 1037 1789 devinxerat.
1099 1748 1142 1788 Is
1168 1751 1340 1802 praetor
1366 1749 1514 1790 eodem

178 1806 257 1861 die,
289 1821 372 1860 quo
406 1805 684 1848 Sarturninus
717 1806 914 1847 tribunus
945 1806 1096 1861 plebis,
1126 1806 1263 1848 Mario
1290 1809 1333 1847 et
1357 1807 1512 1849 Flacco

178 1865 425 1906 consulibus
465 1864 635 1919 publice
677 1867 743 1905 est
786 1864 1054 1919 interfectus3
1096 1865 1225 1906 homo
1271 1865 1512 1907 simillimus
1532 1883 1567 1909 30

178 1923 454 1964 Atheniensis
504 1922 760 1977 Hyperboli,
809 1922 927 1964 cuius
976 1922 1300 1977 improbitatem
1348 1927 1512 1965 veteres

107 1981 423 2022 225Atticorum
464 1981 706 2022 comoediae
747 1983 1015 2022 notaverunt.
1084 1980 1199 2029 Quos
1241 1980 1334 2023 Sex.
1375 1982 1512 2024 Titius

179 2042 432 2080 consecutus
464 2039 593 2079 homo
624 2039 781 2093 loquax
807 2053 907 2080 sane
933 2042 975 2080 et
1002 2039 1106 2080 satis
1133 2043 1296 2094 acutuS,
1327 2040 1400 2081 sed
1424 2043 1514 2081 tam

179 2097 346 2139 solutus
380 2100 422 2138 et
453 2097 594 2138 mollis
620 2097 666 2137 in
699 2100 836 2152 gestU,
865 2100 914 2138 ut
941 2097 1114 2139 saltatio
1141 2099 1347 2152 quaedam
1371 2113 1514 2140 nasce-

178 2158 309 2207 retur,
337 2155 404 2196 cui
431 2155 650 2196 saltationi
677 2155 815 2196 Titius
841 2169 996 2196 nomen
1023 2159 1145 2197 esset.
1187 2156 1256 2197 Ita
1281 2157 1513 2198 cavendum
1531 2174 1566 2200 35

179 2217 244 2255 est
275 2228 327 2255 ne
355 2213 456 2268 quid
481 2213 526 2253 in
552 2214 716 2268 agendo
744 2213 972 2255 dicendove
997 2213 1143 2269 facias,
1174 2214 1294 2256 cuius
1325 2214 1511 2256 imitatio

107 2272 162 2313 63
178 2272 377 2314 rideatur.
441 2270 524 2313 Sed
561 2272 614 2312 ad
649 2272 779 2327 paulo
823 2272 1085 2326 superiorem
1129 2275 1313 2314 aetatem
1354 2273 1514 2315 revecti
