1643 2526
363 117 506 151 LIBER
530 117 592 152 111.
636 117 736 153 CAP.
763 121 914 153 43-44,
958 121 977 160 g
1006 121 1202 154 169—175.
1368 119 1452 159 207

141 211 295 262 Quam
334 212 500 267 lepide
542 213 673 254 lexis
715 215 1028 267 compostae!
1069 217 1125 255 ut
1164 215 1451 255 tesserulae

140 329 263 371 Arte
283 329 579 384 pavimento
601 333 751 384 atque
772 330 1079 372 emblemate
1099 287 1453 373 versspffilsam

110 404 225 454 Quae
267 420 364 447 cum
405 405 582 447 dixisset
621 406 667 446 in
698 405 931 447 Albucium
970 406 1185 461 inludens,
1224 421 1278 448 ne
1321 422 1345 448 a
1384 422 1453 448 me

75 481 91 507 5
111 464 283 518 quidem
315 464 545 505 abstinuit:

141 539 379 582 Crassum
422 540 582 582 habeo
628 553 887 595 generum,
936 554 995 582 ne
1039 540 1454 583 rhetoricoterus

1185 602 1241 641 tu
1274 600 1386 641 seis.

111 680 223 729 Quid
242 680 374 735 ergo?
405 681 486 722 iste
508 678 700 735 Crassus,
721 680 923 734 quoniam
944 681 1034 722 eius
1056 681 1247 722 abuteris
1267 682 1452 736 nomine,

111 738 213 793 quid
244 738 409 781 efficit?
440 739 547 780 illud
579 739 768 794 quidem3
801 739 976 793 scilicet,
1007 742 1056 780 ut
1087 740 1159 781 ille
1185 740 1276 781 volt
1302 744 1345 781 et
1371 754 1450 795 ego

58 815 91 840 ιο
110 797 281 851 vellem,
319 798 470 839 melius
509 797 730 851 aliquanto
770 811 898 851 quam
930 798 1150 839 Albucius.
1212 798 1375 840 Verum
1406 799 1452 839 in

109 871 176 897 me
209 856 380 909 quidem
410 856 514 897 lusit
544 856 637 910 ille,
673 859 721 897 ut
759 856 878 897 solet.
943 855 1025 897 Sed
1062 860 1128 898 est
1166 860 1310 898 tamen
1346 857 1521 900 haeo172

110 914 350 956 conlocatio
378 915 666 956 conservanda
690 915 931 969 verborum,
957 915 1006 956 de
1034 929 1117 969 qua
1141 915 1311 971 loquor,
1344 931 1451 970 quae

109 973 298 1014 vinctam
342 973 579 1015 orationem
624 973 774 1027 efficit,
824 988 931 1027 quae
977 973 1292 1027 cohaerentem,
1343 988 1450 1028 quae

108 1032 264 1086 levem,
302 1047 408 1086 quae
448 1031 731 1086 aequabiliter
767 1031 987 1086 fluentem,
1030 1032 1107 1084 [id]
1149 1032 1452 1087 adsequemini,

58 1107 91 1133 15
111 1090 148 1131 si
193 1090 356 1142 [verba]
403 1093 593 1131 extrema
636 1105 733 1131 cum
777 1091 1137 1143 consequentibus
1186 1091 1336 1145 primis
1386 1091 1450 1131 ita

108 1149 353 1204 iungentur,
385 1152 434 1190 ut
463 1163 568 1190 neve
602 1163 749 1202 aspere
782 1152 1038 1190 concurrant
1070 1164 1174 1190 neve
1200 1150 1364 1191 vastius
1392 1149 1450 1190 di·
1463 1176 1522 1216 44

110 1207 329 1248 ducantur.
390 1206 513 1248 Hanc
540 1207 808 1262 diligentiam
835 1207 1110 1261 subsequitur
1135 1208 1285 1249 modus
1319 1208 1450 1249 etiam

110 1269 153 1307 et
183 1265 323 1306 forma
353 1266 598 1319 verborum,
638 1266 751 1319 quod
782 1265 868 1306 iam
900 1280 1048 1307 vereor
1078 1281 1130 1307 ne
1162 1266 1262 1308 huic
1295 1265 1449 1307 Catulo

110 1323 304 1365 videatur
336 1338 426 1364 esse
458 1324 630 1378 puerile.
676 1323 840 1364 Vorsus
868 1324 980 1365 enim
1011 1328 1176 1366 veteres
1206 1325 1271 1365 illi
1302 1325 1347 1365 in
1370 1325 1450 1366 hac

57 1399 92 1426 20
112 1382 253 1423 soluta
274 1382 467 1423 oratione
486 1382 807 1436 propemodum,
831 1382 913 1423 hoc
939 1385 1004 1423 est
1023 1397 1223 1424 numeros
1244 1383 1452 1437 quosdam

109 1441 235 1481 nobis
291 1455 383 1482 esse
439 1440 702 1482 adhibendos
757 1443 1033 1496 putaverunt,
1088 1441 1451 1495 interspirationis

112 1499 280 1553 [enim],
316 1513 404 1540 non
441 1498 760 1554 defetigationis
799 1501 972 1540 nostrae
1009 1511 1146 1552 neque
1177 1499 1451 1540 librariorum

110 1558 225 1599 notis
252 1558 326 1599 sed
344 1557 573 1598 verborum
599 1560 641 1598 et
668 1557 976 1598 sententiarum
1002 1558 1129 1598 modo
1155 1558 1450 1612 interpunctas

112 1616 324 1657 clausulas
351 1616 396 1656 in
422 1615 688 1657 orationibus
715 1630 806 1657 esse
832 1616 1076 1671 voluerunt3
1101 1616 1228 1670 idque
1253 1616 1450 1670 princeps

60 1691 94 1717 25
113 1674 325 1716 Isocrates
357 1674 598 1715 instituisse
629 1673 779 1728 fertur,
809 1677 858 1714 ut
883 1674 1148 1716 inconditam
1176 1675 1451 1729 antiquorum

113 1733 278 1774 dicendi
298 1733 650 1774 consuetudinem
671 1732 966 1774 delectationis
983 1736 1109 1787 atque
1132 1733 1298 1774 aurium
1313 1748 1452 1787 causa,

113 1806 239 1845 quem
283 1792 335 1832 ad
378 1791 553 1832 modum
596 1790 746 1832 scribit
789 1791 1022 1846 discipulus
1068 1791 1156 1832 eius
1201 1791 1453 1845 Naucrates,

112 1849 301 1890 numeris
335 1849 631 1905 adstringeret.
692 1848 888 1903 Namque
919 1850 1024 1891 haec
1057 1849 1138 1891 duo
1172 1850 1342 1903 musici,
1381 1850 1525 1904 quiin

115 1911 237 1949 erant
262 1908 477 1961 quondam
501 1908 637 1949 eidem
662 1910 826 1962 poetae,
851 1907 1084 1949 machinati
1110 1908 1163 1949 ad
1188 1908 1455 1962 voluptatem

62 1983 96 2009 30
117 1968 228 2020 sunt,
259 1980 433 2007 vorsum
465 1969 591 2020 atque
624 1969 808 2019 cantum,
840 1969 888 2006 ut
921 1967 996 2018 [et]
1024 1966 1250 2007 verborum
1276 1981 1454 2007 numero

116 2028 159 2066 et
195 2038 349 2066 vocum
386 2025 511 2065 modo
550 2024 830 2065 delectatione
867 2023 1086 2065 vincerent
1124 2025 1292 2065 aurium
1330 2025 1455 2065 satie-

116 2085 261 2124 tatem.
322 2081 439 2123 Haec
469 2082 604 2137 igitur
635 2082 737 2137 duo,
768 2082 885 2123 vocis
918 2082 1011 2123 dico
1044 2083 1380 2124 moderationem
1412 2086 1454 2123 et

116 2141 345 2182 verborum
371 2141 699 2195 conclusionem,
732 2140 872 2194 quoad
899 2141 1106 2182 orationis
1134 2141 1337 2182 severitas
1364 2141 1454 2194 pati

117 2202 276 2254 posset,
307 2214 332 2239 a
357 2199 527 2253 poetica
553 2200 605 2239 ad
631 2198 920 2252 eloquentiam
946 2200 1206 2241 traducenda
1232 2200 1453 2240 duxerunt.

65 2275 98 2300 35
118 2257 170 2298 In
201 2272 284 2312 quo
315 2257 421 2298 illud
453 2260 518 2298 est
552 2257 650 2309 [vel]
684 2257 917 2297 maximum
950 2258 1074 2312 quod,
1104 2272 1256 2299 vorsus
1287 2257 1333 2297 in
1365 2266 1526 2296 ora-175

119 2315 235 2356 tione
267 2315 303 2357 si
336 2315 519 2357 efficitur
545 2315 841 2356 coniunctione
867 2316 1106 2370 verborum,
1137 2316 1291 2357 vitium
1323 2317 1386 2355 est
1413 2317 1455 2354 et

1456 1245 1520 1274 173
