1643 2526
133 870 187 911 66

133 939 197 969 201
251 953 259 960 ·

203 100 288 142 376
791 103 986 138 ORATOR

204 197 472 238 concinnitas
499 201 566 238 est
590 200 640 238 ut
667 201 870 252 sequatur
898 212 1099 239 numerus
1130 199 1379 240 necessario.
1429 199 1542 241 Nam

204 270 300 296 cum
339 258 412 296 aut
448 271 526 310 par
563 256 656 310 pari
695 256 878 297 refertur
919 259 994 297 aut
1030 257 1291 298 contrarium
1329 258 1541 299 contrario

204 313 434 367 opponitur
461 317 534 355 aut
561 328 668 368 quae
701 314 899 355 similiter
931 315 1087 355 cadunt
1111 315 1241 356 verba
1266 316 1406 356 verbis
1433 330 1543 358 com-

202 374 425 426 parantur,
465 372 669 426 quidquid
705 373 768 413 ita
805 373 1090 427 concluditur,
1128 373 1377 428 plerumque
1413 374 1463 414 fit
1493 377 1542 415 ut

202 444 426 471 numerose
466 431 606 485 cadat,
644 445 727 485 quo
766 431 815 472 de
853 445 1006 485 genere
1045 446 1141 472 cum
1178 432 1380 486 exemplis
1413 447 1542 486 supra

203 487 402 543 diximus3
434 491 483 529 ut
513 489 617 530 haec
649 503 815 542 quoque
848 489 971 543 copia
1002 489 1251 531 facultatem
1283 491 1431 531 afferat
1454 504 1542 530 11011

203 560 369 601 semper
406 547 553 588 eodem
591 548 717 588 modo
757 547 983 588 desinendi.
1045 547 1136 589 Nec
1172 551 1315 589 tamen
1344 548 1448 589 haec
1479 549 1542 589 ita

204 608 304 645 sunt
334 608 428 646 arta
459 609 501 646 et
534 605 728 659 astricta,
761 608 810 646 ut
842 620 908 660 ea,
940 620 1036 647 cum
1067 606 1264 661 velimus,
1285 607 1442 658 ,laxare
1472 621 1542 647 ne-

203 677 421 715 queamus.
471 663 656 704 Multum
681 664 859 704 interest
884 667 1029 704 utrum
1054 679 1281 705 numerosa
1309 665 1376 716 sit,
1407 665 1451 705 id
1476 667 1542 705 est

203 720 355 762 similis
381 736 668 775 numerorum,
700 737 754 762 an
779 722 903 776 plane
930 737 951 763 e
976 723 1163 764 numeris
1191 725 1358 764 constet
1384 723 1541 778 orat103

202 778 384 820 alterum
417 779 453 820 si
484 780 545 833 fit,
576 780 845 820 intolerabile
877 780 1030 821 vitium
1056 785 1133 834 est,
1165 781 1346 822 alterum
1370 781 1454 822 nisi
1479 781 1542 835 fit,

203 837 410 891 dissipata
442 841 484 878 et
514 838 678 879 inculta
709 841 752 878 et
782 838 916 879 fluens
950 841 1014 879 est
1047 839 1195 879 oratio.

322 894 403 936 Sed
441 896 643 949 quoniam
683 910 771 937 non
811 897 936 937 modo
979 911 1066 937 non
1108 897 1353 951 frequenter
1394 913 1541 939 verum

158 960 174 969 ”
203 956 334 994 etiam
359 968 455 995 raro
480 954 526 995 in
551 954 661 995 veris
689 954 826 995 causis
853 958 927 995 aut
952 955 1193 996 forensibus
1223 956 1541 1010 circumscripte

200 1026 509 1066 numeroseque
536 1013 759 1053 dicendum
785 1016 861 1066 est,
893 1013 1011 1067 sequi
1037 1013 1217 1068 videtur,
1248 1017 1297 1054 ut
1322 1015 1538 1055 videamus

203 1085 308 1123 quae
349 1070 434 1111 sint
471 1071 546 1111 illa
584 1085 691 1124 quae
724 1086 852 1136 supra
883 1071 969 1111 dixi
1000 1071 1152 1125 incisa,
1194 1086 1299 1125 quae
1338 1073 1540 1114 membra.

200 1127 318 1169 Haec
351 1129 464 1169 enim
494 1129 539 1169 in
565 1129 674 1169 veris
708 1129 846 1170 causis
879 1129 1108 1170 maximam
1138 1133 1304 1184 partem
1334 1131 1540 1172 orationis

203 1186 410 1239 optinent.
473 1185 654 1227 Constat
697 1187 810 1227 enim
852 1187 923 1227 ille
965 1187 1150 1228 ambitus
1189 1190 1231 1228 et
1268 1188 1393 1242 plena
1430 1203 1541 1230 com-

201 1244 428 1298 prehensio
461 1259 482 1285 e
516 1248 721 1299 quattuor
751 1245 837 1285 fere
869 1245 1082 1299 partibus,
1121 1260 1227 1299 quae
1259 1247 1452 1287 membra
1483 1247 1541 1288 di—

201 1302 350 1356 cimus,
380 1306 428 1343 ut
455 1306 497 1343 et
523 1317 644 1344 aures
676 1303 852 1356 impleat
883 1306 926 1343 et
957 1318 1092 1356 neque
1124 1304 1294 1344 brevior
1325 1304 1381 1345 sit
1413 1319 1539 1359 quam
1560 1325 1574 1348 ε.»

202 1360 307 1401 satis
353 1361 410 1401 sit
452 1375 588 1414 neque
628 1361 808 1415 longior.
875 1360 1142 1414 Quamquam
1185 1365 1410 1416 utrumque
1453 1378 1539 1404 non

200 1433 433 1472 numquam
464 1420 530 1460 vel
567 1419 710 1473 potius
750 1434 873 1473 saepe
911 1419 1083 1473 accidit,
1124 1423 1172 1460 ut
1211 1423 1284 1461 aut
1322 1420 1447 1462 citius
1478 1421 1540 1462 111-

202 1476 438 1518 sistendum
477 1477 532 1518 sit
570 1481 645 1518 aut
681 1477 852 1532 longius
890 1478 1220 1532 procedendum,
1262 1493 1313 1519 ne
1351 1479 1537 1520 brevitas

202 1535 448 1576 defrudasse
492 1535 604 1576 auris
649 1535 843 1576 videatur
886 1550 990 1576 neve
1039 1536 1263 1590 longitudo
1308 1537 1537 1578 obtudisse.

203 1592 284 1633 Sed
327 1593 464 1634 habeo
502 1593 809 1634 mediocritatis
853 1594 1080 1647 rationem3
1122 1609 1199 1635 nec
1237 1595 1349 1635 enim
1386 1595 1539 1649 loquor

131 1651 251 1691 222de
276 1665 400 1691 versu
432 1654 475 1691 et
500 1654 565 1692 est
597 1651 770 1691 liberior
803 1652 1021 1704 aliquanto
1054 1652 1202 1693 oratio.
1254 1653 1306 1704 [E
1335 1656 1539 1706 quattuor

200 1708 335 1763 igitur
373 1709 494 1762 quasi
532 1709 875 1750 hexametrorum
918 1709 1054 1749 instar
1095 1725 1293 1751 versuum
1331 1711 1443 1764 quod
1481 1712 1538 1752 sit

202 1770 370 1807 constat
402 1767 488 1808 fere
521 1767 646 1820 plena
678 1767 1028 1821 comprehensio]
1085 1767 1163 1808 His
1196 1768 1330 1822 igitur
1356 1769 1536 1824 singulis

200 1825 393 1865 versibus
427 1825 547 1878 quasi
583 1825 683 1866 nodi
722 1828 927 1879 apparent
965 1825 1317 1881 continuationis,
1355 1841 1460 1880 quos
1491 1827 1538 1868 in

202 1883 366 1923 ambitu
399 1883 707 1938 coniungimus.
766 1883 841 1924 Sin
866 1884 1138 1924 membratim
1164 1884 1359 1925 volumus
1386 1885 1536 1940 dicere,
1553 1901 1567 1926 ε

200 1941 439 1982 insistimus
466 1945 607 1995 atque,
639 1956 734 1982 cum
756 1956 860 1995 opus
882 1944 959 1995 est,
991 1942 1043 1982 ab
1069 1942 1154 1983 isto
1175 1957 1299 1984 cursu
1325 1943 1535 1984 invidioso

201 1998 324 2040 facile
356 2013 434 2040 nos
467 2002 509 2040 et
541 2014 665 2053 saepe
696 1999 968 2054 diiungimus
1031 1999 1113 2041 Sed
1150 2000 1257 2041 nihil
1292 2004 1380 2042 tam
1411 2002 1537 2042 debet

202 2071 292 2097 esse
323 2071 597 2098 numerosum
630 2072 756 2111 quam
787 2058 887 2112 hoc,
925 2058 1037 2111 quod
1074 2058 1247 2099 minime
1286 2062 1462 2113 apparet
1493 2063 1536 2100 et

201 2115 314 2155 valet
356 2115 597 2169 plurimum.
672 2116 738 2156 Ex
785 2116 866 2156 hoc
917 2129 1068 2170 genere
1116 2116 1223 2157 illud
1266 2120 1330 2158 est
1374 2115 1534 2158 Crassi:

1562 741 1643 776 10]

1562 1032 1594 1057 15

1557 1614 1589 1638 25

201 2172 385 2213 Missos
417 2173 613 2214 faciant
643 2176 906 2227 patronos3
936 2174 1035 2227 ipsi
1067 2175 1333 2230 prodeant3
1363 2199 1421 2204 -—
1450 2175 1533 2216 nisi
1554 2192 1587 2217 35

199 2231 425 2272 intervallo
458 2231 633 2272 dixisset
669 2231 769 2285 ipsi
800 2232 1063 2286 prodeant,
1101 2232 1305 2273 sensisset
1341 2233 1533 2287 profecto

200 2303 244 2329 se
270 2289 429 2330 fudisse
457 2289 686 2344 senarium3
719 2289 891 2329 omnino
918 2289 1068 2331 melius
1095 2291 1262 2331 caderet
1286 2291 1534 2345 prodeant
