1643 2526
325 68 470 103 LIBER
493 67 556 103 ῙΠ.
607 66 706 102 CAP.
735 70 883 101 19—20.
934 69 953 108 ξ
981 68 1130 100 68-75.
1320 64 1400 106 181

62 165 261 207 eximiam
305 164 489 219 speciem
534 162 715 204 oratoris
758 161 961 216 perfecti·
983 164 1025 202 et
1074 160 1404 216 pulcritudinem

63 223 307 277 adamastis,
333 225 406 263 aut
426 221 547 263 vobis
573 221 678 262 haec
699 219 934 261 Carneadia
959 223 1033 261 aut
1057 220 1134 260 illa
1151 219 1406 260 Aristotelia

62 282 126 323 vis
154 280 548 336 comprehendenda
568 283 644 321 est.
693 278 903 333 Namque,
928 282 977 319 ut
997 282 1095 319 ante
1117 278 1215 332 dixi,
1239 281 1404 319 veteres

62 341 126 381 illi
158 354 292 394 usque
325 340 377 380 ad
411 338 631 380 Socratem
670 352 838 379 omnem
878 337 1069 378 omnium
1100 352 1260 391 rerum,
1299 351 1406 390 quae

27 416 43 442 5
63 399 116 440 ad
146 413 285 440 mores
318 397 554 451 hominum,
586 411 693 450 quae
722 397 774 437 ad
799 396 945 450 vitam,
977 410 1084 449 quae
1112 396 1162 436 ad
1189 395 1405 449 virtutem,

64 472 170 512 quae
212 457 264 498 ad
306 471 396 497 rem
439 456 656 510 publicam
696 454 988 509 pertinebant,
1032 454 1323 509 cognitionem
1365 456 1407 494 et

63 516 288 557 scientiam
321 529 417 556 cum
449 514 615 555 dicendi
646 513 812 554 ratione
844 513 1098 568 iungebant3
1143 515 1294 566 postea
1326 511 1407 552 dis—

64 574 228 628 sociati,
258 576 306 614 ut
340 573 528 627 exposui,
560 587 585 613 a
617 571 791 619 Socrate
825 571 973 612 diserti
999 586 1023 612 a
1049 571 1186 612 doctis
1219 573 1261 611 et
1294 570 1406 611 dein-

64 647 161 686 ceps
183 647 207 673 a
228 631 457 673 Socraticis
477 631 583 672 item
603 630 814 684 omnibus,
837 630 1085 684 philosophi
1117 629 1405 682 eloquentiam

12 708 45 733 10
65 692 359 745 despexerunt,
391 692 582 731 oratores
615 689 885 743 sapientiam,
924 703 1060 742 neque
1093 688 1322 742 quicquam
1356 701 1406 727 ex

65 749 239 790 alterius
270 752 391 803 parte
424 748 673 803 tetigerunt,
703 747 787 788 nisi
820 748 933 801 quod
963 747 1028 787 illi
1061 747 1113 787 ab
1146 746 1212 787 his
1247 749 1321 787 aut
1352 746 1405 786 ab

62 808 149 848 illis
186 808 232 848 hi
269 810 587 861 mutuarentur-3
630 821 680 846 ex
718 820 802 859 quo
843 805 1054 860 promisce
1090 804 1330 858 haurirent,
1370 804 1406 844 si

63 880 233 907 manere
276 866 322 906 in
364 865 547 919 pristina
590 864 888 905 communione
928 863 1175 904 voluissent.
1239 861 1322 904 Sed
1358 865 1406 902 ut

63 924 288 979 pontifices
325 926 489 964 veteres
530 926 706 977 propter
745 922 1050 963 sacrificiorum
1087 921 1407 962 multitudinem

12 1000 45 1026 15
65 984 144 1024 tris
177 983 291 1023 viros
325 982 527 1036 epulones
561 996 652 1022 esse
684 981 929 1034 voluerunt,
966 995 1062 1021 cum
1095 983 1237 1021 essent
1267 980 1351 1033 ipsi
1384 994 1408 1019 a

64 1041 210 1082 Numa
241 1044 290 1081 ut
321 1040 452 1081 etiam
489 1040 595 1080 illud
627 1039 825 1080 ludorum
856 1039 1027 1093 epulare
1061 1038 1317 1079 sacrificium
1349 1038 1409 1078 fa-

65 1102 209 1142 cerent
245 1099 455 1152 instituti,
493 1098 552 1139 sic
587 1097 795 1138 Socratici
834 1112 858 1138 a
896 1112 939 1138 se
979 1112 1202 1138 causarum
1241 1099 1407 1137 actores

65 1161 108 1199 et
133 1173 158 1199 a
183 1157 398 1199 communi
430 1156 726 1211 philosophiae
758 1156 930 1196 nomine
964 1158 1280 1210 separaverunt,
1312 1169 1408 1195 cum

64 1220 227 1258 veteres
272 1215 437 1257 dicendi
481 1218 523 1256 et
565 1214 840 1269 intellegendi
890 1214 1114 1255 mirificam
1158 1213 1409 1255 societatem

13 1292 47 1327 20
66 1289 157 1316 esse
189 1274 436 1315 voluissent.

185 1332 300 1381 Quae
332 1347 428 1373 cum
459 1332 521 1372 ita
553 1331 651 1385 sint,
682 1331 902 1384 paululum
934 1331 1129 1385 equidem
1161 1331 1210 1371 de
1243 1345 1309 1371 me
1342 1330 1409 1371 de-

66 1391 274 1446 precabor
305 1393 348 1431 et
379 1393 524 1443 petam
550 1405 575 1430 a
599 1389 735 1443 vobis,
765 1392 813 1429 ut
839 1404 899 1443 ea,
932 1403 1038 1442 quae
1065 1389 1215 1441 dicam,
1245 1403 1333 1429 non
1359 1388 1408 1429 de

67 1452 225 1491 memet
254 1449 349 1503 ipso
383 1449 455 1489 sed
487 1449 537 1488 de
570 1450 738 1488 oratore
771 1447 907 1488 dicere
938 1447 1112 1501 putetis.
1173 1447 1269 1501 Ego
1296 1446 1409 1487 enim

69 1523 163 1550 sum
187 1508 238 1562 is,
264 1507 335 1561 qui
363 1522 458 1548 cum
485 1520 650 1547 summo
676 1505 816 1546 studio
836 1505 971 1560 patris
991 1505 1035 1545 in
1054 1505 1239 1559 pueritia
1259 1505 1409 1546 doctus

17 1583 50 1609 25
71 1581 207 1608 essem
227 1568 269 1606 et
287 1565 334 1606 in
352 1565 494 1606 forum
519 1564 681 1619 ingenii
701 1567 882 1617 tantum,
909 1566 1115 1617 quantum
1140 1564 1231 1617 ipse
1259 1563 1411 1616 sentio,

67 1639 155 1666 non
186 1627 367 1678 tantum,
400 1626 604 1678 quantum
641 1623 766 1677 [ipse]
800 1622 983 1663 forsitan
1008 1622 1131 1663 vobis
1157 1622 1313 1675 videar,
1345 1622 1411 1662 de-

69 1683 278 1736 tulissem,
307 1696 394 1723 non
424 1681 586 1736 possim
613 1681 749 1722 dicere
776 1696 842 1722 me
868 1681 984 1734 haec,
1017 1695 1124 1734 quae
1155 1695 1268 1721 nunc
1300 1695 1411 1721 com-

69 1741 245 1796 plector,
263 1741 436 1795 perinde
457 1743 505 1780 ut
525 1740 662 1781 dicam
677 1739 876 1780 discenda
895 1754 999 1793 esse,
1019 1739 1234 1793 didicisse,
1255 1738 1410 1792 quippe

71 1800 145 1853 qui
177 1799 367 1840 omnium
398 1798 647 1839 maturrime
680 1798 731 1838 ad
762 1798 956 1852 publicas
983 1812 1131 1838 causas
1160 1797 1411 1838 accesserim

18 1874 53 1899 30
73 1872 290 1911 annosque
315 1860 442 1898 natus
468 1871 599 1897 unum
620 1859 662 1897 et
682 1856 838 1911 viginti
857 1856 1173 1896 nobilissimum
1193 1855 1410 1895 hominem

71 1919 114 1957 et
139 1914 538 1969 eloquentissimum
561 1915 607 1955 in
630 1915 834 1956 iudicium
860 1914 1066 1968 vocarim3
1098 1914 1165 1954 cui
1186 1913 1412 1967 disciplina

70 1974 200 2015 fuerit
225 1973 379 2026 forum,
403 1973 609 2028 magister
633 1988 736 2014 usus
763 1976 806 2014 et
829 1973 946 2027 leges
973 1975 1015 2012 et
1034 1971 1236 2012 instituta
1261 1971 1409 2025 populi

72 2032 257 2073 Romani
294 2045 471 2084 mosque
506 2031 727 2072 maiorum.
787 2030 1014 2071 Paululum
1046 2030 1195 2071 sitiens
1226 2030 1410 2071 istarum
1437 2040 1454 2051 ’“

74 2090 250 2144 artium,
286 2090 336 2130 de
375 2089 528 2144 quibus
564 2089 734 2143 loquor,
772 2089 960 2144 gustavi,
999 2092 1199 2142 quaestor
1229 2088 1275 2129 in
1306 2088 1411 2128 Asia

23 2164 55 2190 35
76 2163 172 2189 cum
204 2162 353 2202 essem,
385 2147 604 2200 aequalem
634 2148 721 2188 fere
753 2162 896 2188 meum
928 2161 978 2187 ex
1009 2146 1241 2188 Academia
1271 2146 1412 2187 rheto—

73 2221 163 2248 rem
187 2209 338 2248 nactus
365 2205 656 2246 Metrodorum
680 2206 815 2260 illum,
840 2206 890 2246 de
922 2205 1041 2246 cuius
1069 2205 1275 2246 memoria
1302 2219 1412 2246 com-

75 2264 328 2306 memoravit
366 2264 598 2317 Antonius,
642 2267 684 2305 et
719 2265 816 2305 inde
855 2264 1058 2305 decedens
1095 2263 1296 2316 Athenis,
1337 2261 1411 2301 ubi

1422 1306 1478 1347 20

1436 1375 1479 1406 74
