1643 2526
429 101 572 136 LIBER
598 101 641 136 II.
691 100 791 135 CAP
819 103 873 135 90.
918 102 1159 142 §363-367.
1378 98 1458 139 161

124 197 236 252 toni,
273 211 379 252 quae
418 199 518 238 sunt
555 196 675 237 valde
713 210 852 250 secus,
889 195 990 248 quid
1028 194 1133 236 mihi
1173 195 1257 246 [tu]
1290 193 1462 234 tandem

124 255 251 297 hodie
284 258 357 296 aut
389 255 592 310 quiquam
617 254 781 296 homini
808 254 921 307 quod
947 253 1028 294 (1101
1054 252 1192 307 possit
1218 251 1462 306 reliquisti?

125 314 276 355 Dicam
318 314 431 355 enim
470 328 586 368 vere,
623 312 871 354 amicissimi
907 311 1120 365 homines,
1162 311 1275 365 quod
1313 310 1461 351 sentio.

128 372 261 427 Saepe
312 374 427 427 [ego]
479 372 627 413 doctos
670 371 864 412 homines
913 395 961 400 —
1015 370 1116 424 quid
1165 370 1259 411 dico
1309 368 1462 434 saepe?

91 431 257 472 511111110
289 445 376 471 11011
406 445 645 484 nunquam;
679 444 803 484 saepe
835 429 948 470 enim
980 429 1053 483 qui
1084 428 1224 482 potui,
1256 427 1328 481 qui
1359 441 1464 482 puer

126 489 171 530 in
214 489 356 530 forum
399 489 587 530 venerim
635 503 713 530 1100
755 488 852 529 111ᾶο
894 502 1084 542 unquam
1129 487 1288 528 diutius
1335 500 1462 539 quam

128 551 329 602 quaestor
361 547 570 588 afuerim?
612 572 658 576 —
703 547 774 588 sed
812 549 956 587 tamen
993 545 1153 599 audivi,
1190 548 1239 585 ut
1276 544 1368 585 heri
1406 544 1464 584 di-

128 606 294 659 cebam,
331 609 373 646 et
410 605 591 646 Athenis
632 620 761 659 quom
799 619 935 646 essem
968 603 1240 645 doctissimos
1273 603 1387 643 viros
1420 605 1462 643 et
1508 643 1523 647 ,

127 664 173 704 111
202 664 307 705 Asia
337 663 469 704 istum
502 665 642 717 ipsum
676 662 897 718 Scepsium
929 662 1241 716 Metrodorum,
1279 676 1375 702 cum
1414 661 1463 701 de

76 734 108 757 10
126 722 180 763 iis
205 722 310 776 ipsis
342 722 469 762 rebus
502 722 749 776 disputaret
798 720 948 775 Neque
974 735 1073 762 vero
1101 720 1206 761 mihi
1239 719 1464 773 quisquam

128 780 342 834 copiosius
382 795 571 833 unquam
610 780 726 821 visus
768 783 832 820 est
872 794 1008 834 neque
1052 779 1252 833 suptilius
1295 778 1341 818 in
1383 778 1463 818 hoc

129 853 281 894 genere
314 838 479 879 dicendi
512 853 639 893 quam
675 839 757 879 iste
788 838 913 879 hodie
952 852 1042 878 esse
1075 839 1280 878 versatus.
1343 835 1465 884 Quod

130 897 165 938 si
210 899 322 937 esset
371 897 495 937 aliter
545 900 587 937 et
631 896 791 949 aliquid
839 896 1132 950 intellegerem
1176 895 1228 936 ab
1272 894 1463 935 Antonio

127 955 494 1010 praetermissum,
532 969 620 995 non
661 969 797 995 essem
836 957 926 995 tam
967 954 1202 995 inurbanus
1247 956 1289 993 et
1331 966 1464 1006 paene

78 1025 110 1049 15
128 1014 404 1067 inhumanus,
441 1016 489 1054 ut
520 1013 565 1053 in
598 1027 646 1053 eo
680 1027 894 1068 gravarer,
933 1012 1046 1066 quod
1083 1026 1158 1052 vos
1191 1025 1342 1065 cupere
1375 1025 1465 1051 sen-

129 1072 266 1113 tirem.
328 1071 437 1112 Tum
476 1069 707 1125 Sulpicius:
746 1072 817 1112 An
854 1085 974 1125 ergo,
1010 1070 1170 1124 inquit,
1209 1069 1368 1111 oblitus
1407 1078 1533 1123 es,366

131 1128 303 1184 Crasse,
344 1129 579 1170 Antonium
616 1129 679 1170 ita
715 1129 923 1183 partitum
961 1143 1052 1169 esse
1090 1132 1250 1181 tecum,
1289 1131 1337 1168 ut
1373 1127 1465 1181 ipse
1487 1159 1495 1162 -

129 1188 461 1229 instrumentum
477 1187 659 1229 oratoris
680 1190 921 1241 exponeret,
934 1187 1016 1228 tibi
1036 1186 1125 1228 eius
1147 1186 1466 1227 distinctionem

132 1250 257 1301 atque
301 1249 498 1287 ornatum
538 1245 825 1299 relinqueret?
874 1245 956 1286 Hic
991 1245 1078 1286 ille:
1119 1244 1332 1298 Primum,
1371 1243 1466 1297 quis

80 1322 113 1346 20
131 1304 322 1345 Antonio
348 1304 555 1358 permisit,
584 1304 738 1358 inquit,
763 1307 812 1344 ut
837 1306 879 1344 et
903 1306 1047 1357 partes
1073 1303 1232 1344 faceret
1257 1306 1299 1343 et
1324 1305 1467 1343 utram

131 1363 259 1403 vellet
298 1362 416 1416 prior
451 1362 543 1415 ipse
582 1362 797 1402 sumeret?
845 1361 1027 1416 Deinde,
1064 1375 1143 1416 ego
1183 1361 1218 1401 si
1255 1363 1369 1401 recte
1406 1360 1468 1400 in-

131 1420 294 1474 teflexi,
332 1434 459 1473 quom
491 1419 611 1460 valde
643 1420 827 1460 libenter
859 1419 1066 1473 audirem,
1103 1419 1209 1459 mihi
1241 1419 1466 1459 coniuncte

133 1481 197 1519 est
227 1478 342 1519 visus
375 1478 424 1519 de
450 1481 630 1531 utraque
655 1492 699 1519 re
726 1478 874 1519 dicere.
918 1477 996 1518 Ille
1023 1491 1135 1530 vero,
1159 1476 1300 1530 inquit
1327 1474 1468 1530 Cotta,

134 1539 383 1578 ornamenta
409 1536 615 1577 orationis
640 1550 728 1577 non
752 1536 899 1590 attigit
923 1550 1059 1589 neque
1087 1550 1180 1576 eam
1205 1534 1386 1587 laudem,
1417 1548 1467 1574 ex

79 1613 113 1638 25
134 1610 218 1649 qua
257 1594 501 1649 eloquentia
540 1609 697 1635 nomen
737 1609 860 1635 suum
900 1593 1075 1634 invenit.
1136 1592 1281 1634 Verba
1321 1592 1468 1647 igitur,

130 1652 271 1707 inquit
291 1651 483 1707 Crassus,
496 1653 602 1693 mihi
622 1652 795 1706 reliquit
808 1652 1037 1706 Antonius,
1050 1666 1140 1692 rem
1159 1651 1251 1705 ipse
1272 1650 1466 1704 sumpsit.

130 1711 239 1752 Tum
272 1709 444 1752 Caesar:
483 1710 528 1752 Si
561 1711 672 1764 quod
704 1710 920 1751 difficilius
953 1713 1017 1751 est
1052 1710 1128 1761 [id]
1168 1709 1250 1750 tibi
1282 1709 1536 1763 reliquit,367

132 1772 198 1810 est
232 1769 377 1823 nobis,
411 1769 571 1823 inquit,
608 1783 735 1810 causa
766 1783 840 1809 cur
871 1772 913 1809 te
945 1768 1090 1809 audire
1122 1768 1361 1822 cupiamus3
1402 1767 1468 1808 sin

134 1828 247 1880 quod
286 1827 473 1880 facilius,
514 1827 596 1868 tibi
637 1842 764 1868 causa
806 1841 893 1867 non
937 1830 1002 1867 est
1046 1841 1120 1867 cur
1162 1840 1342 1866 recuses.
1411 1825 1468 1866 Et

81 1904 114 1928 30
134 1884 328 1926 Catulus:
369 1885 507 1933 Quid?
548 1886 661 1939 quod
693 1885 856 1939 dixisti,
887 1885 1045 1938 inquit,
1078 1882 1248 1938 Crasse,
1285 1883 1321 1924 si
1361 1883 1465 1935 [hic]

132 1943 258 1984 hodie
308 1943 419 1997 apud
467 1946 510 1984 te
558 1958 850 1997 maneremus,
898 1946 940 1983 te
990 1956 1154 1983 morem
1201 1941 1326 1982 nobis
1377 1955 1468 1982 esse

135 2004 374 2056 gesturum,
415 2001 576 2043 nihilne
621 2002 673 2042 ad
715 2001 841 2042 fidem
890 2004 1011 2041 tuam
1054 2002 1181 2054 putas
1224 1999 1467 2054 pertinere?

133 2059 242 2099 Tum
274 2057 403 2100 Cotta
432 2059 590 2100 ridens:
626 2059 803 2101 Possem
835 2058 934 2113 tibi,
969 2058 1128 2112 inquit,
1165 2056 1336 2111 Crasse,
1373 2071 1468 2098 con-

134 2117 298 2172 cedere,
335 2117 407 2158 sed
438 2117 532 2157 vide
568 2132 621 2158 ne
654 2117 755 2171 quid
787 2116 963 2158 Catulus
997 2116 1191 2158 attulerit
1227 2115 1467 2170 religionis·

81 2193 114 2217 35
132 2175 214 2216 hoc
247 2189 352 2229 opus
385 2175 625 2216 censorium
656 2178 731 2216 est.
793 2175 843 2215 Id
875 2177 1018 2216 autem
1051 2151 1334 2216 committereD
1350 2173 1466 2213 vides

134 2248 261 2287 quam
293 2233 349 2274 sit
385 2233 549 2273 homini
588 2233 779 2274 censorio
801 2265 949 2273 .......
980 2233 1124 2298 Agite
1162 2230 1467 2294 veio,inc1uit,

132 2295 180 2332 ut
211 2291 352 2332 voltis.
397 2290 479 2332 Sed
509 2305 621 2332 nunc
649 2291 831 2345 quidem,
863 2291 1063 2346 quoniam
1091 2294 1155 2332 est
1180 2290 1224 2330 id
1249 2287 1467 2342 temporis,

204 2365 273 2391 010
293 2367 316 2391 1
337 2367 359 2391 2
1143 2362 1184 2391 11
