<?xml version="1.0" encoding="UTF-8"?>
<!DOCTYPE html PUBLIC "-//W3C//DTD XHTML 1.0 Transitional//EN"
    "http://www.w3.org/TR/xhtml1/DTD/xhtml1-transitional.dtd">
<html xmlns="http://www.w3.org/1999/xhtml" xml:lang="en" lang="en">
 <head>
  <title>
</title>
<meta http-equiv="Content-Type" content="text/html;charset=utf-8" />
  <meta name='ocr-system' content='tesseract 3.04.00' />
  <meta name='ocr-capabilities' content='ocr_page ocr_carea ocr_par ocr_line ocrx_word'/>
</head>
<body>
  <div class='ocr_page' id='page_1' title='image "./p2scriptaquaemanse01ciceuoft_0165.png"; bbox 0 0 1643 2526; ppageno 0'>
   <div class='ocr_carea' id='block_1_1' title="bbox 248 72 1446 117">
    <p class='ocr_par' dir='ltr' id='par_1_1' title="bbox 248 72 1446 117">
     <span class='ocr_line' id='line_1_1' title="bbox 248 72 1446 117; baseline 0.003 -11"><span class='ocrx_word' id='word_1_1' title='bbox 248 72 390 107; x_wconf 84' lang='lat' dir='ltr'>LIBER</span> <span class='ocrx_word' id='word_1_2' title='bbox 414 72 441 107; x_wconf 90' lang='lat'>1.</span> <span class='ocrx_word' id='word_1_3' title='bbox 468 76 487 115; x_wconf 68' lang='grc' dir='ltr'>ξ</span> <span class='ocrx_word' id='word_1_4' title='bbox 513 76 592 108; x_wconf 79' lang='grc'>265.</span> <span class='ocrx_word' id='word_1_5' title='bbox 642 73 787 108; x_wconf 81' lang='lat' dir='ltr'><strong>LIBER</strong></span> <span class='ocrx_word' id='word_1_6' title='bbox 812 74 855 109; x_wconf 90' lang='lat' dir='ltr'>II.</span> <span class='ocrx_word' id='word_1_7' title='bbox 895 72 995 109; x_wconf 84' lang='lat' dir='ltr'>OAP.</span> <span class='ocrx_word' id='word_1_8' title='bbox 1024 78 1124 110; x_wconf 83' lang='lat'>1—2.</span> <span class='ocrx_word' id='word_1_9' title='bbox 1163 77 1182 117; x_wconf 67' lang='grc' dir='ltr'>ξ</span> <span class='ocrx_word' id='word_1_10' title='bbox 1210 79 1310 109; x_wconf 86' lang='grc'>1-5,</span> <span class='ocrx_word' id='word_1_11' title='bbox 1392 75 1446 116; x_wconf 72' lang='grc'>67</span> 
     </span>
    </p>
   </div>
   <div class='ocr_carea' id='block_1_2' title="bbox 54 166 1499 2369">
    <p class='ocr_par' dir='ltr' id='par_1_2' title="bbox 54 166 1495 1903">
     <span class='ocr_line' id='line_1_2' title="bbox 107 166 1448 225; baseline 0.001 -16"><span class='ocrx_word' id='word_1_12' title='bbox 107 170 351 223; x_wconf 73' lang='lat' dir='ltr'><strong>matertera,</strong></span> <span class='ocrx_word' id='word_1_13' title='bbox 375 182 501 222; x_wconf 90' lang='lat' dir='ltr'>quem</span> <span class='ocrx_word' id='word_1_14' title='bbox 522 166 701 210; x_wconf 82' lang='lat' dir='ltr'>Crassus</span> <span class='ocrx_word' id='word_1_15' title='bbox 728 169 877 210; x_wconf 86' lang='lat' dir='ltr'>dilexit</span> <span class='ocrx_word' id='word_1_16' title='bbox 901 183 952 210; x_wconf 88' lang='lat' dir='ltr'>ex</span> <span class='ocrx_word' id='word_1_17' title='bbox 980 169 1177 211; x_wconf 87' lang='lat' dir='ltr'>omnibus</span> <span class='ocrx_word' id='word_1_18' title='bbox 1202 170 1448 225; x_wconf 89' lang='lat' dir='ltr'>plurimum,</span> 
     </span>
     <span class='ocr_line' id='line_1_3' title="bbox 108 226 1448 282; baseline 0.001 -15"><span class='ocrx_word' id='word_1_19' title='bbox 108 229 150 267; x_wconf 89' lang='lat' dir='ltr'>et</span> <span class='ocrx_word' id='word_1_20' title='bbox 174 229 366 281; x_wconf 89' lang='lat' dir='ltr'>patruus,</span> <span class='ocrx_word' id='word_1_21' title='bbox 391 227 464 281; x_wconf 89' lang='lat' dir='ltr'>qui</span> <span class='ocrx_word' id='word_1_22' title='bbox 490 242 587 268; x_wconf 91' lang='lat' dir='ltr'>cum</span> <span class='ocrx_word' id='word_1_23' title='bbox 612 227 803 268; x_wconf 90' lang='lat' dir='ltr'>Antonio</span> <span class='ocrx_word' id='word_1_24' title='bbox 828 227 874 268; x_wconf 89' lang='lat' dir='ltr'>in</span> <span class='ocrx_word' id='word_1_25' title='bbox 897 226 1093 269; x_wconf 87' lang='lat' dir='ltr'>Ciliciam</span> <span class='ocrx_word' id='word_1_26' title='bbox 1117 228 1334 282; x_wconf 88' lang='lat' dir='ltr'>profectus</span> <span class='ocrx_word' id='word_1_27' title='bbox 1362 243 1448 269; x_wconf 86' lang='lat' dir='ltr'>una</span> 
     </span>
     <span class='ocr_line' id='line_1_4' title="bbox 107 285 1446 341; baseline 0.002 -16"><span class='ocrx_word' id='word_1_28' title='bbox 107 285 358 339; x_wconf 86' lang='lat' dir='ltr'>decesserat,</span> <span class='ocrx_word' id='word_1_29' title='bbox 382 285 519 326; x_wconf 85' lang='lat' dir='ltr'>multa</span> <span class='ocrx_word' id='word_1_30' title='bbox 542 286 668 327; x_wconf 90' lang='lat' dir='ltr'>nobis</span> <span class='ocrx_word' id='word_1_31' title='bbox 688 286 738 326; x_wconf 89' lang='lat' dir='ltr'>de</span> <span class='ocrx_word' id='word_1_32' title='bbox 759 286 848 327; x_wconf 89' lang='lat' dir='ltr'>eius</span> <span class='ocrx_word' id='word_1_33' title='bbox 870 286 1011 327; x_wconf 86' lang='lat' dir='ltr'>studio</span> <span class='ocrx_word' id='word_1_34' title='bbox 1033 289 1075 327; x_wconf 88' lang='lat' dir='ltr'>et</span> <span class='ocrx_word' id='word_1_35' title='bbox 1101 286 1295 328; x_wconf 85' lang='lat' dir='ltr'>doctrina</span> <span class='ocrx_word' id='word_1_36' title='bbox 1320 301 1446 341; x_wconf 87' lang='lat' dir='ltr'>saepe</span> 
     </span>
     <span class='ocr_line' id='line_1_5' title="bbox 105 343 1447 399; baseline 0.002 -16"><span class='ocrx_word' id='word_1_37' title='bbox 105 343 313 397; x_wconf 82' lang='lat' dir='ltr'>narravit3</span> <span class='ocrx_word' id='word_1_38' title='bbox 357 358 536 398; x_wconf 91' lang='lat' dir='ltr'>cumque</span> <span class='ocrx_word' id='word_1_39' title='bbox 576 358 655 385; x_wconf 91' lang='lat' dir='ltr'>nos</span> <span class='ocrx_word' id='word_1_40' title='bbox 693 359 790 386; x_wconf 89' lang='lat' dir='ltr'>cum</span> <span class='ocrx_word' id='word_1_41' title='bbox 822 344 1089 386; x_wconf 79' lang='lat' dir='ltr'>consobrinis</span> <span class='ocrx_word' id='word_1_42' title='bbox 1121 345 1300 399; x_wconf 88' lang='lat' dir='ltr'>nostris,</span> <span class='ocrx_word' id='word_1_43' title='bbox 1336 345 1447 386; x_wconf 90' lang='lat' dir='ltr'>Acu-</span> 
     </span>
     <span class='ocr_line' id='line_1_6' title="bbox 72 400 1447 458; baseline 0 -14"><span class='ocrx_word' id='word_1_44' title='bbox 72 418 88 444; x_wconf 82' lang='grc'>5</span> <span class='ocrx_word' id='word_1_45' title='bbox 107 400 243 442; x_wconf 89' lang='grc'>1001113</span> <span class='ocrx_word' id='word_1_46' title='bbox 274 401 387 456; x_wconf 88' lang='lat' dir='ltr'>filiis,</span> <span class='ocrx_word' id='word_1_47' title='bbox 427 405 470 443; x_wconf 91' lang='lat' dir='ltr'>et</span> <span class='ocrx_word' id='word_1_48' title='bbox 501 417 551 443; x_wconf 91' lang='lat' dir='ltr'>ea</span> <span class='ocrx_word' id='word_1_49' title='bbox 582 402 853 456; x_wconf 67' lang='lat' dir='ltr'>disceremus,</span> <span class='ocrx_word' id='word_1_50' title='bbox 891 417 997 457; x_wconf 88' lang='lat' dir='ltr'>quae</span> <span class='ocrx_word' id='word_1_51' title='bbox 1031 402 1185 445; x_wconf 79' lang='lat' dir='ltr'>Crasso</span> <span class='ocrx_word' id='word_1_52' title='bbox 1217 404 1447 458; x_wconf 88' lang='lat' dir='ltr'>placerent,</span> 
     </span>
     <span class='ocr_line' id='line_1_7' title="bbox 107 460 1447 516; baseline 0.002 -16"><span class='ocrx_word' id='word_1_53' title='bbox 107 463 150 500; x_wconf 92' lang='lat' dir='ltr'>et</span> <span class='ocrx_word' id='word_1_54' title='bbox 182 460 235 501; x_wconf 89' lang='lat' dir='ltr'>ab</span> <span class='ocrx_word' id='word_1_55' title='bbox 267 460 320 501; x_wconf 90' lang='lat' dir='ltr'>iis</span> <span class='ocrx_word' id='word_1_56' title='bbox 353 461 614 515; x_wconf 88' lang='lat' dir='ltr'>doctoribus,</span> <span class='ocrx_word' id='word_1_57' title='bbox 645 461 800 515; x_wconf 88' lang='lat' dir='ltr'>quibus</span> <span class='ocrx_word' id='word_1_58' title='bbox 831 461 904 502; x_wconf 92' lang='lat' dir='ltr'>ille</span> <span class='ocrx_word' id='word_1_59' title='bbox 935 464 1141 516; x_wconf 86' lang='lat' dir='ltr'>uteretur,</span> <span class='ocrx_word' id='word_1_60' title='bbox 1172 462 1447 516; x_wconf 76' lang='lat' dir='ltr'>erudiremur,</span> 
     </span>
     <span class='ocr_line' id='line_1_8' title="bbox 107 517 1448 574; baseline 0.001 -15"><span class='ocrx_word' id='word_1_61' title='bbox 107 517 236 559; x_wconf 84' lang='lat' dir='ltr'>etiam</span> <span class='ocrx_word' id='word_1_62' title='bbox 260 518 367 559; x_wconf 89' lang='lat' dir='ltr'>illud</span> <span class='ocrx_word' id='word_1_63' title='bbox 392 533 517 573; x_wconf 85' lang='lat' dir='ltr'>saepe</span> <span class='ocrx_word' id='word_1_64' title='bbox 541 519 844 574; x_wconf 69' lang='lat' dir='ltr'>intelleximus,</span> <span class='ocrx_word' id='word_1_65' title='bbox 864 535 960 561; x_wconf 89' lang='lat' dir='ltr'>cum</span> <span class='ocrx_word' id='word_1_66' title='bbox 986 535 1175 561; x_wconf 87' lang='lat' dir='ltr'>essemus</span> <span class='ocrx_word' id='word_1_67' title='bbox 1202 520 1292 561; x_wconf 90' lang='lat' dir='ltr'>eius</span> <span class='ocrx_word' id='word_1_68' title='bbox 1319 520 1448 574; x_wconf 88' lang='lat' dir='ltr'>domi,</span> 
     </span>
     <span class='ocr_line' id='line_1_9' title="bbox 107 577 1445 633; baseline 0.002 -16"><span class='ocrx_word' id='word_1_69' title='bbox 107 577 220 630; x_wconf 86' lang='lat' dir='ltr'>quod</span> <span class='ocrx_word' id='word_1_70' title='bbox 244 577 311 618; x_wconf 83' lang='lat' dir='ltr'>vel</span> <span class='ocrx_word' id='word_1_71' title='bbox 342 577 463 631; x_wconf 87' lang='lat' dir='ltr'>pueri</span> <span class='ocrx_word' id='word_1_72' title='bbox 496 578 653 619; x_wconf 88' lang='lat' dir='ltr'>sentire</span> <span class='ocrx_word' id='word_1_73' title='bbox 684 581 943 633; x_wconf 70' lang='lat' dir='ltr'>poteramus,</span> <span class='ocrx_word' id='word_1_74' title='bbox 973 578 1096 619; x_wconf 88' lang='lat' dir='ltr'>illum</span> <span class='ocrx_word' id='word_1_75' title='bbox 1122 582 1165 620; x_wconf 91' lang='lat' dir='ltr'>et</span> <span class='ocrx_word' id='word_1_76' title='bbox 1192 578 1351 620; x_wconf 84' lang='lat' dir='ltr'>Graece</span> <span class='ocrx_word' id='word_1_77' title='bbox 1385 579 1445 620; x_wconf 92' lang='lat' dir='ltr'>sic</span> 
     </span>
     <span class='ocr_line' id='line_1_10' title="bbox 105 635 1446 692; baseline 0.002 -17"><span class='ocrx_word' id='word_1_78' title='bbox 105 635 242 689; x_wconf 87' lang='lat' dir='ltr'>loqui,</span> <span class='ocrx_word' id='word_1_79' title='bbox 282 636 446 677; x_wconf 88' lang='lat' dir='ltr'>nullam</span> <span class='ocrx_word' id='word_1_80' title='bbox 482 639 532 677; x_wconf 91' lang='lat' dir='ltr'>ut</span> <span class='ocrx_word' id='word_1_81' title='bbox 566 650 693 677; x_wconf 87' lang='lat' dir='ltr'>nosse</span> <span class='ocrx_word' id='word_1_82' title='bbox 732 636 861 678; x_wconf 88' lang='lat' dir='ltr'>aliam</span> <span class='ocrx_word' id='word_1_83' title='bbox 897 637 1091 692; x_wconf 81' lang='lat' dir='ltr'>linguam</span> <span class='ocrx_word' id='word_1_84' title='bbox 1127 637 1360 691; x_wconf 85' lang='lat' dir='ltr'>videretur,</span> <span class='ocrx_word' id='word_1_85' title='bbox 1403 640 1446 678; x_wconf 92' lang='lat' dir='ltr'>et</span> 
     </span>
     <span class='ocr_line' id='line_1_11' title="bbox 54 693 1445 750; baseline -0.001 -13"><span class='ocrx_word' id='word_1_86' title='bbox 54 712 88 737; x_wconf 74' lang='grc' dir='ltr'>ιο</span> <span class='ocrx_word' id='word_1_87' title='bbox 108 693 355 735; x_wconf 87' lang='lat' dir='ltr'>doctoribus</span> <span class='ocrx_word' id='word_1_88' title='bbox 397 694 557 736; x_wconf 89' lang='lat' dir='ltr'>nostris</span> <span class='ocrx_word' id='word_1_89' title='bbox 602 709 651 736; x_wconf 88' lang='lat' dir='ltr'>ea</span> <span class='ocrx_word' id='word_1_90' title='bbox 693 709 851 750; x_wconf 89' lang='lat' dir='ltr'>ponere</span> <span class='ocrx_word' id='word_1_91' title='bbox 894 695 940 736; x_wconf 89' lang='lat' dir='ltr'>in</span> <span class='ocrx_word' id='word_1_92' title='bbox 975 696 1266 750; x_wconf 89' lang='lat' dir='ltr'>percontando</span> <span class='ocrx_word' id='word_1_93' title='bbox 1312 709 1445 749; x_wconf 86' lang='lat' dir='ltr'>eaque</span> 
     </span>
     <span class='ocr_line' id='line_1_12' title="bbox 106 751 1445 808; baseline 0.002 -16"><span class='ocrx_word' id='word_1_94' title='bbox 106 751 248 806; x_wconf 92' lang='lat' dir='ltr'>ipsum</span> <span class='ocrx_word' id='word_1_95' title='bbox 281 752 396 794; x_wconf 91' lang='lat' dir='ltr'>omni</span> <span class='ocrx_word' id='word_1_96' title='bbox 427 753 473 793; x_wconf 89' lang='lat' dir='ltr'>in</span> <span class='ocrx_word' id='word_1_97' title='bbox 505 767 697 795; x_wconf 84' lang='grc'>3011110110</span> <span class='ocrx_word' id='word_1_98' title='bbox 729 756 927 808; x_wconf 73' lang='lat' dir='ltr'>tractare,</span> <span class='ocrx_word' id='word_1_99' title='bbox 960 757 1010 795; x_wconf 88' lang='lat' dir='ltr'>ut</span> <span class='ocrx_word' id='word_1_100' title='bbox 1040 754 1149 795; x_wconf 87' lang='lat' dir='ltr'>nihil</span> <span class='ocrx_word' id='word_1_101' title='bbox 1180 768 1270 795; x_wconf 90' lang='lat' dir='ltr'>esse</span> <span class='ocrx_word' id='word_1_102' title='bbox 1303 754 1342 795; x_wconf 91' lang='grc'>01</span> <span class='ocrx_word' id='word_1_103' title='bbox 1372 768 1445 795; x_wconf 89' lang='grc'>110-</span> 
     </span>
     <span class='ocr_line' id='line_1_13' title="bbox 105 810 1490 865; baseline 0.001 -14"><span class='ocrx_word' id='word_1_104' title='bbox 105 825 224 865; x_wconf 82' lang='lat' dir='ltr'>vum,</span> <span class='ocrx_word' id='word_1_105' title='bbox 266 810 375 851; x_wconf 81' lang='lat' dir='ltr'>nihil</span> <span class='ocrx_word' id='word_1_106' title='bbox 417 811 659 853; x_wconf 85' lang='lat' dir='ltr'>inauditum</span> <span class='ocrx_word' id='word_1_107' title='bbox 702 812 927 853; x_wconf 82' lang='lat' dir='ltr'>videretui.</span> <span class='ocrx_word' id='word_1_108' title='bbox 1000 812 1065 853; x_wconf 93' lang='lat' dir='ltr'>De</span> <span class='ocrx_word' id='word_1_109' title='bbox 1108 812 1299 853; x_wconf 91' lang='lat' dir='ltr'>Antonio</span> <span class='ocrx_word' id='word_1_110' title='bbox 1342 826 1442 853; x_wconf 85' lang='lat' dir='ltr'>vero</span> <span class='ocrx_word' id='word_1_111' title='bbox 1470 825 1490 854; x_wconf 83' lang='lat'><strong>3</strong></span> 
     </span>
     <span class='ocr_line' id='line_1_14' title="bbox 107 870 1443 925; baseline 0.001 -16"><span class='ocrx_word' id='word_1_112' title='bbox 107 883 366 922; x_wconf 86' lang='lat' dir='ltr'>quamquam</span> <span class='ocrx_word' id='word_1_113' title='bbox 398 884 522 924; x_wconf 84' lang='lat' dir='ltr'>saepe</span> <span class='ocrx_word' id='word_1_114' title='bbox 561 884 612 911; x_wconf 82' lang='lat' dir='ltr'>ex</span> <span class='ocrx_word' id='word_1_115' title='bbox 641 870 952 911; x_wconf 86' lang='lat' dir='ltr'>humanissimo</span> <span class='ocrx_word' id='word_1_116' title='bbox 982 870 1155 912; x_wconf 86' lang='lat' dir='ltr'>homine</span> <span class='ocrx_word' id='word_1_117' title='bbox 1187 874 1341 925; x_wconf 88' lang='lat' dir='ltr'>patruo</span> <span class='ocrx_word' id='word_1_118' title='bbox 1372 884 1443 911; x_wconf 91' lang='lat' dir='ltr'>no-</span> 
     </span>
     <span class='ocr_line' id='line_1_15' title="bbox 107 928 1444 982; baseline 0.001 -14"><span class='ocrx_word' id='word_1_119' title='bbox 107 931 196 968; x_wconf 87' lang='lat' dir='ltr'>stro</span> <span class='ocrx_word' id='word_1_120' title='bbox 239 942 536 982; x_wconf 81' lang='lat' dir='ltr'>acceperamus</span> <span class='ocrx_word' id='word_1_121' title='bbox 578 943 704 982; x_wconf 87' lang='lat' dir='ltr'>quem</span> <span class='ocrx_word' id='word_1_122' title='bbox 744 929 797 970; x_wconf 85' lang='lat' dir='ltr'>ad</span> <span class='ocrx_word' id='word_1_123' title='bbox 837 930 1011 970; x_wconf 86' lang='lat' dir='ltr'>modum</span> <span class='ocrx_word' id='word_1_124' title='bbox 1049 929 1122 970; x_wconf 91' lang='lat' dir='ltr'>ille</span> <span class='ocrx_word' id='word_1_125' title='bbox 1162 929 1229 970; x_wconf 85' lang='lat' dir='ltr'>vel</span> <span class='ocrx_word' id='word_1_126' title='bbox 1260 928 1444 970; x_wconf 75' lang='lat' dir='ltr'>Athenis</span> 
     </span>
     <span class='ocr_line' id='line_1_16' title="bbox 54 985 1445 1029; baseline 0 -1"><span class='ocrx_word' id='word_1_127' title='bbox 54 1004 87 1028; x_wconf 85' lang='lat'>15</span> <span class='ocrx_word' id='word_1_128' title='bbox 106 986 173 1027; x_wconf 79' lang='lat' dir='ltr'>vel</span> <span class='ocrx_word' id='word_1_129' title='bbox 198 985 341 1027; x_wconf 83' lang='lat' dir='ltr'>Rhodi</span> <span class='ocrx_word' id='word_1_130' title='bbox 374 1001 417 1027; x_wconf 90' lang='lat' dir='ltr'>se</span> <span class='ocrx_word' id='word_1_131' title='bbox 444 986 792 1028; x_wconf 86' lang='lat' dir='ltr'>doctissimorum</span> <span class='ocrx_word' id='word_1_132' title='bbox 822 987 1046 1028; x_wconf 88' lang='lat' dir='ltr'>hominum</span> <span class='ocrx_word' id='word_1_133' title='bbox 1078 987 1345 1029; x_wconf 82' lang='lat' dir='ltr'>sermonibus</span> <span class='ocrx_word' id='word_1_134' title='bbox 1379 987 1445 1028; x_wconf 88' lang='lat' dir='ltr'>de-</span> 
     </span>
     <span class='ocr_line' id='line_1_17' title="bbox 107 1044 1444 1100; baseline 0.001 -16"><span class='ocrx_word' id='word_1_135' title='bbox 107 1044 301 1099; x_wconf 87' lang='lat' dir='ltr'>didisset,</span> <span class='ocrx_word' id='word_1_136' title='bbox 344 1047 490 1086; x_wconf 89' lang='lat' dir='ltr'>tamen</span> <span class='ocrx_word' id='word_1_137' title='bbox 531 1045 622 1099; x_wconf 89' lang='lat' dir='ltr'>ipse</span> <span class='ocrx_word' id='word_1_138' title='bbox 667 1046 1027 1100; x_wconf 90' lang='lat' dir='ltr'>adulescentulus,</span> <span class='ocrx_word' id='word_1_139' title='bbox 1077 1049 1285 1100; x_wconf 86' lang='lat' dir='ltr'>quantum</span> <span class='ocrx_word' id='word_1_140' title='bbox 1326 1045 1444 1086; x_wconf 86' lang='lat' dir='ltr'>illius</span> 
     </span>
     <span class='ocr_line' id='line_1_18' title="bbox 104 1102 1444 1158; baseline 0.001 -15"><span class='ocrx_word' id='word_1_141' title='bbox 104 1102 291 1143; x_wconf 88' lang='lat' dir='ltr'>ineuntis</span> <span class='ocrx_word' id='word_1_142' title='bbox 324 1103 478 1144; x_wconf 87' lang='lat' dir='ltr'>aetatis</span> <span class='ocrx_word' id='word_1_143' title='bbox 515 1118 634 1145; x_wconf 86' lang='lat' dir='ltr'>meae</span> <span class='ocrx_word' id='word_1_144' title='bbox 670 1104 916 1158; x_wconf 86' lang='lat' dir='ltr'>patiebatur</span> <span class='ocrx_word' id='word_1_145' title='bbox 951 1104 1107 1158; x_wconf 88' lang='lat' dir='ltr'>pudor,</span> <span class='ocrx_word' id='word_1_146' title='bbox 1144 1104 1281 1145; x_wconf 85' lang='lat' dir='ltr'>multa</span> <span class='ocrx_word' id='word_1_147' title='bbox 1311 1117 1362 1144; x_wconf 83' lang='lat' dir='ltr'>ex</span> <span class='ocrx_word' id='word_1_148' title='bbox 1394 1117 1444 1144; x_wconf 92' lang='lat' dir='ltr'>eo</span> 
     </span>
     <span class='ocr_line' id='line_1_19' title="bbox 108 1161 1495 1217; baseline 0.001 -16"><span class='ocrx_word' id='word_1_149' title='bbox 108 1175 231 1215; x_wconf 88' lang='lat' dir='ltr'>saepe</span> <span class='ocrx_word' id='word_1_150' title='bbox 270 1161 470 1215; x_wconf 85' lang='lat' dir='ltr'>quaesivi.</span> <span class='ocrx_word' id='word_1_151' title='bbox 532 1162 631 1203; x_wconf 87' lang='lat' dir='ltr'>Non</span> <span class='ocrx_word' id='word_1_152' title='bbox 672 1162 752 1203; x_wconf 87' lang='lat' dir='ltr'>erit</span> <span class='ocrx_word' id='word_1_153' title='bbox 792 1162 986 1217; x_wconf 87' lang='lat' dir='ltr'>profecto</span> <span class='ocrx_word' id='word_1_154' title='bbox 1027 1162 1108 1203; x_wconf 89' lang='lat' dir='ltr'>tibi</span> <span class='ocrx_word' id='word_1_155' title='bbox 1149 1163 1261 1216; x_wconf 87' lang='lat' dir='ltr'>quod</span> <span class='ocrx_word' id='word_1_156' title='bbox 1303 1162 1444 1203; x_wconf 88' lang='lat' dir='ltr'>scribo</span> <span class='ocrx_word' id='word_1_157' title='bbox 1488 1163 1495 1166; x_wconf 75' lang='grc'><strong>’</strong></span> 
     </span>
     <span class='ocr_line' id='line_1_20' title="bbox 106 1219 1445 1275; baseline 0 -15"><span class='ocrx_word' id='word_1_158' title='bbox 106 1219 187 1260; x_wconf 88' lang='lat' dir='ltr'>hoc</span> <span class='ocrx_word' id='word_1_159' title='bbox 218 1233 396 1275; x_wconf 82' lang='lat' dir='ltr'>novum3</span> <span class='ocrx_word' id='word_1_160' title='bbox 426 1234 526 1261; x_wconf 88' lang='lat' dir='ltr'>nam</span> <span class='ocrx_word' id='word_1_161' title='bbox 550 1220 637 1261; x_wconf 89' lang='lat' dir='ltr'>iam</span> <span class='ocrx_word' id='word_1_162' title='bbox 662 1223 756 1261; x_wconf 91' lang='lat' dir='ltr'>tum</span> <span class='ocrx_word' id='word_1_163' title='bbox 782 1236 833 1262; x_wconf 85' lang='lat' dir='ltr'>ex</span> <span class='ocrx_word' id='word_1_164' title='bbox 858 1236 924 1262; x_wconf 90' lang='lat' dir='ltr'>me</span> <span class='ocrx_word' id='word_1_165' title='bbox 958 1221 1160 1262; x_wconf 89' lang='lat' dir='ltr'>audiebas</span> <span class='ocrx_word' id='word_1_166' title='bbox 1191 1220 1297 1261; x_wconf 90' lang='lat' dir='ltr'>mihi</span> <span class='ocrx_word' id='word_1_167' title='bbox 1321 1220 1445 1261; x_wconf 90' lang='lat' dir='ltr'>illum</span> 
     </span>
     <span class='ocr_line' id='line_1_21' title="bbox 55 1278 1446 1333; baseline -0.001 -12"><span class='ocrx_word' id='word_1_168' title='bbox 55 1295 88 1321; x_wconf 79' lang='lat'>20</span> <span class='ocrx_word' id='word_1_169' title='bbox 108 1292 158 1318; x_wconf 84' lang='lat' dir='ltr'>ex</span> <span class='ocrx_word' id='word_1_170' title='bbox 189 1278 336 1319; x_wconf 89' lang='lat' dir='ltr'>multis</span> <span class='ocrx_word' id='word_1_171' title='bbox 368 1279 583 1332; x_wconf 84' lang='lat' dir='ltr'>variisque</span> <span class='ocrx_word' id='word_1_172' title='bbox 616 1279 883 1320; x_wconf 88' lang='lat' dir='ltr'>sermonibus</span> <span class='ocrx_word' id='word_1_173' title='bbox 913 1279 1073 1320; x_wconf 86' lang='lat' dir='ltr'>nullius</span> <span class='ocrx_word' id='word_1_174' title='bbox 1104 1279 1179 1333; x_wconf 88' lang='lat' dir='ltr'>rei,</span> <span class='ocrx_word' id='word_1_175' title='bbox 1216 1293 1323 1332; x_wconf 90' lang='lat' dir='ltr'>quae</span> <span class='ocrx_word' id='word_1_176' title='bbox 1356 1278 1446 1332; x_wconf 90' lang='lat' dir='ltr'>qui-</span> 
     </span>
     <span class='ocr_line' id='line_1_22' title="bbox 107 1336 1444 1391; baseline 0.001 -15"><span class='ocrx_word' id='word_1_177' title='bbox 107 1336 203 1376; x_wconf 89' lang='lat' dir='ltr'>dem</span> <span class='ocrx_word' id='word_1_178' title='bbox 235 1339 346 1377; x_wconf 88' lang='lat' dir='ltr'>esset</span> <span class='ocrx_word' id='word_1_179' title='bbox 371 1336 416 1376; x_wconf 91' lang='lat' dir='ltr'>in</span> <span class='ocrx_word' id='word_1_180' title='bbox 440 1337 506 1377; x_wconf 88' lang='lat' dir='ltr'>his</span> <span class='ocrx_word' id='word_1_181' title='bbox 535 1337 711 1391; x_wconf 76' lang='lat' dir='ltr'>artibus,</span> <span class='ocrx_word' id='word_1_182' title='bbox 743 1338 792 1378; x_wconf 88' lang='lat' dir='ltr'>de</span> <span class='ocrx_word' id='word_1_183' title='bbox 820 1337 973 1391; x_wconf 84' lang='lat' dir='ltr'>quibus</span> <span class='ocrx_word' id='word_1_184' title='bbox 1007 1337 1168 1391; x_wconf 88' lang='lat' dir='ltr'>aliquid</span> <span class='ocrx_word' id='word_1_185' title='bbox 1199 1337 1444 1378; x_wconf 82' lang='lat' dir='ltr'>existimare</span> 
     </span>
     <span class='ocr_line' id='line_1_23' title="bbox 106 1394 1493 1459; baseline 0.001 -24"><span class='ocrx_word' id='word_1_186' title='bbox 106 1408 290 1459; x_wconf 89' lang='lat' dir='ltr'>possem,</span> <span class='ocrx_word' id='word_1_187' title='bbox 320 1395 468 1436; x_wconf 89' lang='lat' dir='ltr'>rudem</span> <span class='ocrx_word' id='word_1_188' title='bbox 500 1398 575 1435; x_wconf 86' lang='lat' dir='ltr'>aut</span> <span class='ocrx_word' id='word_1_189' title='bbox 604 1395 809 1450; x_wconf 79' lang='lat' dir='ltr'>ignarum</span> <span class='ocrx_word' id='word_1_190' title='bbox 830 1410 921 1436; x_wconf 89' lang='lat' dir='ltr'>esse</span> <span class='ocrx_word' id='word_1_191' title='bbox 947 1396 1097 1436; x_wconf 83' lang='lat' dir='ltr'>visum.</span> <span class='ocrx_word' id='word_1_192' title='bbox 1148 1394 1231 1436; x_wconf 82' lang='lat' dir='ltr'>Sed</span> <span class='ocrx_word' id='word_1_193' title='bbox 1254 1394 1338 1436; x_wconf 87' lang='lat' dir='ltr'>fuit</span> <span class='ocrx_word' id='word_1_194' title='bbox 1362 1395 1444 1436; x_wconf 87' lang='lat' dir='ltr'>hoc</span> <span class='ocrx_word' id='word_1_195' title='bbox 1470 1406 1493 1437; x_wconf 84' lang='lat'>4</span> 
     </span>
     <span class='ocr_line' id='line_1_24' title="bbox 106 1451 1445 1507; baseline 0 -14"><span class='ocrx_word' id='word_1_196' title='bbox 106 1453 151 1493; x_wconf 89' lang='lat' dir='ltr'>in</span> <span class='ocrx_word' id='word_1_197' title='bbox 194 1456 377 1506; x_wconf 86' lang='lat' dir='ltr'>utroque</span> <span class='ocrx_word' id='word_1_198' title='bbox 421 1467 585 1507; x_wconf 85' lang='lat' dir='ltr'>eorum,</span> <span class='ocrx_word' id='word_1_199' title='bbox 628 1456 677 1494; x_wconf 92' lang='lat' dir='ltr'>ut</span> <span class='ocrx_word' id='word_1_200' title='bbox 720 1451 899 1495; x_wconf 87' lang='lat' dir='ltr'>Crassus</span> <span class='ocrx_word' id='word_1_201' title='bbox 943 1467 1031 1494; x_wconf 93' lang='lat' dir='ltr'>non</span> <span class='ocrx_word' id='word_1_202' title='bbox 1074 1457 1164 1494; x_wconf 89' lang='lat' dir='ltr'>tam</span> <span class='ocrx_word' id='word_1_203' title='bbox 1208 1452 1445 1494; x_wconf 84' lang='lat' dir='ltr'>existimari</span> 
     </span>
     <span class='ocr_line' id='line_1_25' title="bbox 106 1510 1446 1566; baseline -0.001 -14"><span class='ocrx_word' id='word_1_204' title='bbox 106 1510 235 1552; x_wconf 81' lang='lat' dir='ltr'>vellet</span> <span class='ocrx_word' id='word_1_205' title='bbox 260 1525 347 1552; x_wconf 90' lang='lat' dir='ltr'>non</span> <span class='ocrx_word' id='word_1_206' title='bbox 373 1511 582 1565; x_wconf 86' lang='lat' dir='ltr'>didicisse,</span> <span class='ocrx_word' id='word_1_207' title='bbox 613 1526 740 1565; x_wconf 87' lang='lat' dir='ltr'>quam</span> <span class='ocrx_word' id='word_1_208' title='bbox 771 1512 847 1553; x_wconf 86' lang='lat' dir='ltr'>illa</span> <span class='ocrx_word' id='word_1_209' title='bbox 878 1511 1092 1566; x_wconf 87' lang='lat' dir='ltr'>despicere</span> <span class='ocrx_word' id='word_1_210' title='bbox 1125 1514 1168 1552; x_wconf 88' lang='lat' dir='ltr'>et</span> <span class='ocrx_word' id='word_1_211' title='bbox 1197 1514 1446 1552; x_wconf 88' lang='lat' dir='ltr'>nostrorum</span> 
     </span>
     <span class='ocr_line' id='line_1_26' title="bbox 54 1569 1446 1625; baseline -0.001 -15"><span class='ocrx_word' id='word_1_212' title='bbox 54 1586 87 1611; x_wconf 83' lang='lat'>25</span> <span class='ocrx_word' id='word_1_213' title='bbox 106 1569 330 1610; x_wconf 90' lang='lat' dir='ltr'>hominum</span> <span class='ocrx_word' id='word_1_214' title='bbox 368 1569 414 1610; x_wconf 91' lang='lat' dir='ltr'>in</span> <span class='ocrx_word' id='word_1_215' title='bbox 455 1570 571 1611; x_wconf 89' lang='lat' dir='ltr'>omni</span> <span class='ocrx_word' id='word_1_216' title='bbox 613 1584 764 1625; x_wconf 82' lang='lat' dir='ltr'>genere</span> <span class='ocrx_word' id='word_1_217' title='bbox 804 1570 1075 1625; x_wconf 87' lang='lat' dir='ltr'>prudentiam</span> <span class='ocrx_word' id='word_1_218' title='bbox 1115 1569 1289 1610; x_wconf 87' lang='lat' dir='ltr'>Graecis</span> <span class='ocrx_word' id='word_1_219' title='bbox 1331 1572 1446 1610; x_wconf 84' lang='lat' dir='ltr'>ante-</span> 
     </span>
     <span class='ocr_line' id='line_1_27' title="bbox 105 1627 1447 1683; baseline -0.001 -15"><span class='ocrx_word' id='word_1_220' title='bbox 105 1627 233 1683; x_wconf 77' lang='lat' dir='ltr'>ferre3</span> <span class='ocrx_word' id='word_1_221' title='bbox 263 1627 478 1669; x_wconf 86' lang='lat' dir='ltr'>Antonius</span> <span class='ocrx_word' id='word_1_222' title='bbox 511 1631 654 1669; x_wconf 87' lang='lat' dir='ltr'>autem</span> <span class='ocrx_word' id='word_1_223' title='bbox 684 1628 1020 1683; x_wconf 85' lang='lat' dir='ltr'>probabiliorem</span> <span class='ocrx_word' id='word_1_224' title='bbox 1050 1628 1132 1670; x_wconf 88' lang='lat' dir='ltr'>hoc</span> <span class='ocrx_word' id='word_1_225' title='bbox 1162 1627 1322 1681; x_wconf 89' lang='lat' dir='ltr'>populo</span> <span class='ocrx_word' id='word_1_226' title='bbox 1355 1641 1447 1668; x_wconf 90' lang='lat' dir='ltr'>ora-</span> 
     </span>
     <span class='ocr_line' id='line_1_28' title="bbox 107 1685 1447 1742; baseline -0.001 -15"><span class='ocrx_word' id='word_1_227' title='bbox 107 1686 269 1727; x_wconf 90' lang='lat' dir='ltr'>tionem</span> <span class='ocrx_word' id='word_1_228' title='bbox 299 1685 390 1727; x_wconf 84' lang='lat' dir='ltr'>fore</span> <span class='ocrx_word' id='word_1_229' title='bbox 422 1687 623 1728; x_wconf 87' lang='lat' dir='ltr'>censebat</span> <span class='ocrx_word' id='word_1_230' title='bbox 660 1701 799 1742; x_wconf 89' lang='lat' dir='ltr'>suam,</span> <span class='ocrx_word' id='word_1_231' title='bbox 836 1687 872 1728; x_wconf 91' lang='lat' dir='ltr'>si</span> <span class='ocrx_word' id='word_1_232' title='bbox 906 1687 1079 1728; x_wconf 87' lang='lat' dir='ltr'>omnino</span> <span class='ocrx_word' id='word_1_233' title='bbox 1112 1685 1310 1727; x_wconf 88' lang='lat' dir='ltr'>didicisse</span> <span class='ocrx_word' id='word_1_234' title='bbox 1340 1700 1447 1726; x_wconf 88' lang='lat' dir='ltr'>nun-</span> 
     </span>
     <span class='ocr_line' id='line_1_29' title="bbox 108 1743 1447 1800; baseline -0.001 -15"><span class='ocrx_word' id='word_1_235' title='bbox 108 1759 236 1799; x_wconf 88' lang='lat' dir='ltr'>quam</span> <span class='ocrx_word' id='word_1_236' title='bbox 266 1748 508 1800; x_wconf 80' lang='lat' dir='ltr'>putaretui·;</span> <span class='ocrx_word' id='word_1_237' title='bbox 541 1748 668 1799; x_wconf 84' lang='lat' dir='ltr'>atque</span> <span class='ocrx_word' id='word_1_238' title='bbox 699 1745 763 1786; x_wconf 88' lang='lat' dir='ltr'>ita</span> <span class='ocrx_word' id='word_1_239' title='bbox 794 1760 838 1786; x_wconf 93' lang='lat' dir='ltr'>se</span> <span class='ocrx_word' id='word_1_240' title='bbox 864 1748 1042 1800; x_wconf 88' lang='lat' dir='ltr'>uterque</span> <span class='ocrx_word' id='word_1_241' title='bbox 1071 1744 1311 1800; x_wconf 81' lang='lat' dir='ltr'>graviorem</span> <span class='ocrx_word' id='word_1_242' title='bbox 1342 1743 1447 1798; x_wconf 83' lang='lat' dir='ltr'>fore,</span> 
     </span>
     <span class='ocr_line' id='line_1_30' title="bbox 109 1801 1446 1857; baseline -0.001 -13"><span class='ocrx_word' id='word_1_243' title='bbox 109 1803 144 1844; x_wconf 86' lang='lat' dir='ltr'>si</span> <span class='ocrx_word' id='word_1_244' title='bbox 182 1803 289 1844; x_wconf 87' lang='lat' dir='ltr'>alter</span> <span class='ocrx_word' id='word_1_245' title='bbox 329 1806 598 1845; x_wconf 89' lang='lat' dir='ltr'>contemnere</span> <span class='ocrx_word' id='word_1_246' title='bbox 641 1803 748 1845; x_wconf 86' lang='lat' dir='ltr'>alter</span> <span class='ocrx_word' id='word_1_247' title='bbox 786 1818 840 1845; x_wconf 92' lang='lat' dir='ltr'>ne</span> <span class='ocrx_word' id='word_1_248' title='bbox 879 1818 1006 1844; x_wconf 85' lang='lat' dir='ltr'>nosse</span> <span class='ocrx_word' id='word_1_249' title='bbox 1051 1803 1221 1857; x_wconf 83' lang='lat' dir='ltr'>quidem</span> <span class='ocrx_word' id='word_1_250' title='bbox 1260 1801 1446 1843; x_wconf 82' lang='lat' dir='ltr'>Graecos</span> 
     </span>
     <span class='ocr_line' id='line_1_31' title="bbox 55 1861 331 1903; baseline -0.007 0"><span class='ocrx_word' id='word_1_251' title='bbox 55 1878 89 1903; x_wconf 85' lang='lat'>30</span> <span class='ocrx_word' id='word_1_252' title='bbox 108 1861 331 1902; x_wconf 84' lang='lat' dir='ltr'>videretur.</span> 
     </span>
    </p>

    <p class='ocr_par' dir='ltr' id='par_1_3' title="bbox 108 1917 1493 2149">
     <span class='ocr_line' id='line_1_32' title="bbox 225 1917 1493 1974; baseline -0.001 -15"><span class='ocrx_word' id='word_1_253' title='bbox 225 1919 415 1968; x_wconf 79' lang='lat' dir='ltr'>Quorum</span> <span class='ocrx_word' id='word_1_254' title='bbox 442 1919 668 1961; x_wconf 89' lang='lat' dir='ltr'>consilium</span> <span class='ocrx_word' id='word_1_255' title='bbox 695 1920 818 1974; x_wconf 89' lang='lat' dir='ltr'>quale</span> <span class='ocrx_word' id='word_1_256' title='bbox 850 1919 993 1973; x_wconf 85' lang='lat' dir='ltr'>fuerit,</span> <span class='ocrx_word' id='word_1_257' title='bbox 1023 1919 1133 1959; x_wconf 89' lang='lat' dir='ltr'>nihil</span> <span class='ocrx_word' id='word_1_258' title='bbox 1159 1932 1259 1959; x_wconf 90' lang='lat' dir='ltr'>sane</span> <span class='ocrx_word' id='word_1_259' title='bbox 1286 1918 1339 1958; x_wconf 84' lang='lat' dir='ltr'>ad</span> <span class='ocrx_word' id='word_1_260' title='bbox 1363 1917 1446 1959; x_wconf 87' lang='lat' dir='ltr'>hoc</span> <span class='ocrx_word' id='word_1_261' title='bbox 1473 1928 1493 1959; x_wconf 91' lang='lat'>5</span> 
     </span>
     <span class='ocr_line' id='line_1_33' title="bbox 108 1976 1446 2032; baseline -0.001 -14"><span class='ocrx_word' id='word_1_262' title='bbox 108 1980 295 2032; x_wconf 69' lang='lat' dir='ltr'>tempus,</span> <span class='ocrx_word' id='word_1_263' title='bbox 324 1977 430 2018; x_wconf 89' lang='lat' dir='ltr'>illud</span> <span class='ocrx_word' id='word_1_264' title='bbox 456 1981 598 2019; x_wconf 88' lang='lat' dir='ltr'>autem</span> <span class='ocrx_word' id='word_1_265' title='bbox 624 1981 689 2019; x_wconf 89' lang='lat' dir='ltr'>est</span> <span class='ocrx_word' id='word_1_266' title='bbox 719 1978 846 2019; x_wconf 88' lang='lat' dir='ltr'>huius</span> <span class='ocrx_word' id='word_1_267' title='bbox 871 1978 1098 2019; x_wconf 86' lang='lat' dir='ltr'>institutae</span> <span class='ocrx_word' id='word_1_268' title='bbox 1125 1976 1370 2030; x_wconf 86' lang='lat' dir='ltr'>scriptionis</span> <span class='ocrx_word' id='word_1_269' title='bbox 1398 1990 1446 2017; x_wconf 91' lang='lat' dir='ltr'>ac</span> 
     </span>
     <span class='ocr_line' id='line_1_34' title="bbox 108 2033 1447 2090; baseline -0.001 -14"><span class='ocrx_word' id='word_1_270' title='bbox 108 2036 326 2090; x_wconf 89' lang='lat' dir='ltr'>temporis,</span> <span class='ocrx_word' id='word_1_271' title='bbox 361 2036 574 2077; x_wconf 88' lang='lat' dir='ltr'>neminem</span> <span class='ocrx_word' id='word_1_272' title='bbox 605 2036 850 2090; x_wconf 84' lang='lat' dir='ltr'>eloquentia</span> <span class='ocrx_word' id='word_1_273' title='bbox 879 2050 968 2076; x_wconf 91' lang='lat' dir='ltr'>non</span> <span class='ocrx_word' id='word_1_274' title='bbox 998 2036 1124 2076; x_wconf 87' lang='lat' dir='ltr'>modo</span> <span class='ocrx_word' id='word_1_275' title='bbox 1159 2035 1248 2076; x_wconf 88' lang='lat' dir='ltr'>sine</span> <span class='ocrx_word' id='word_1_276' title='bbox 1280 2033 1447 2075; x_wconf 89' lang='lat' dir='ltr'>dicendi</span> 
     </span>
     <span class='ocr_line' id='line_1_35' title="bbox 109 2092 1446 2149; baseline -0.001 -15"><span class='ocrx_word' id='word_1_277' title='bbox 109 2094 303 2135; x_wconf 86' lang='lat' dir='ltr'>doctrina</span> <span class='ocrx_word' id='word_1_278' title='bbox 343 2094 416 2135; x_wconf 89' lang='lat' dir='ltr'>sed</span> <span class='ocrx_word' id='word_1_279' title='bbox 453 2108 506 2135; x_wconf 91' lang='lat' dir='ltr'>ne</span> <span class='ocrx_word' id='word_1_280' title='bbox 548 2094 638 2135; x_wconf 88' lang='lat' dir='ltr'>sine</span> <span class='ocrx_word' id='word_1_281' title='bbox 680 2095 796 2136; x_wconf 90' lang='lat' dir='ltr'>omni</span> <span class='ocrx_word' id='word_1_282' title='bbox 834 2094 1004 2149; x_wconf 88' lang='lat' dir='ltr'>quidem</span> <span class='ocrx_word' id='word_1_283' title='bbox 1046 2093 1256 2148; x_wconf 86' lang='lat' dir='ltr'>sapientia</span> <span class='ocrx_word' id='word_1_284' title='bbox 1295 2092 1446 2133; x_wconf 88' lang='lat' dir='ltr'>florere</span> 
     </span>
    </p>

    <p class='ocr_par' dir='ltr' id='par_1_4' title="bbox 55 2149 1499 2324">
     <span class='ocr_line' id='line_1_36' title="bbox 55 2149 1499 2207; baseline -0.003 -13"><span class='ocrx_word' id='word_1_285' title='bbox 55 2168 89 2194; x_wconf 82' lang='lat'>35</span> <span class='ocrx_word' id='word_1_286' title='bbox 108 2167 296 2206; x_wconf 88' lang='lat' dir='ltr'>unquam</span> <span class='ocrx_word' id='word_1_287' title='bbox 328 2155 371 2193; x_wconf 89' lang='lat' dir='ltr'>et</span> <span class='ocrx_word' id='word_1_288' title='bbox 407 2155 623 2206; x_wconf 88' lang='lat' dir='ltr'>praestare</span> <span class='ocrx_word' id='word_1_289' title='bbox 661 2153 864 2207; x_wconf 89' lang='lat' dir='ltr'>potuisse.</span> <span class='ocrx_word' id='word_1_290' title='bbox 926 2153 985 2193; x_wconf 88' lang='lat' dir='ltr'>Et</span> <span class='ocrx_word' id='word_1_291' title='bbox 1017 2153 1130 2193; x_wconf 88' lang='lat' dir='ltr'>enim</span> <span class='ocrx_word' id='word_1_292' title='bbox 1162 2153 1326 2193; x_wconf 88' lang='lat' dir='ltr'>ceterae</span> <span class='ocrx_word' id='word_1_293' title='bbox 1357 2150 1445 2190; x_wconf 85' lang='lat' dir='ltr'>fere</span> <span class='ocrx_word' id='word_1_294' title='bbox 1472 2149 1499 2190; x_wconf 81' lang='lat'><strong>2</strong></span> 
     </span>
     <span class='ocr_line' id='line_1_37' title="bbox 110 2208 1446 2266; baseline -0.001 -15"><span class='ocrx_word' id='word_1_295' title='bbox 110 2214 222 2251; x_wconf 87' lang='lat' dir='ltr'>artes</span> <span class='ocrx_word' id='word_1_296' title='bbox 267 2225 310 2251; x_wconf 94' lang='lat' dir='ltr'>se</span> <span class='ocrx_word' id='word_1_297' title='bbox 353 2210 470 2264; x_wconf 91' lang='lat' dir='ltr'>ipsae</span> <span class='ocrx_word' id='word_1_298' title='bbox 510 2225 586 2264; x_wconf 88' lang='lat' dir='ltr'>per</span> <span class='ocrx_word' id='word_1_299' title='bbox 624 2226 668 2252; x_wconf 90' lang='lat' dir='ltr'>se</span> <span class='ocrx_word' id='word_1_300' title='bbox 700 2214 875 2252; x_wconf 86' lang='lat' dir='ltr'>tuentur</span> <span class='ocrx_word' id='word_1_301' title='bbox 907 2211 1119 2266; x_wconf 79' lang='lat' dir='ltr'>singulae3</span> <span class='ocrx_word' id='word_1_302' title='bbox 1161 2210 1269 2250; x_wconf 90' lang='lat' dir='ltr'>bene</span> <span class='ocrx_word' id='word_1_303' title='bbox 1307 2208 1446 2249; x_wconf 90' lang='lat' dir='ltr'>dicere</span> 
     </span>
     <span class='ocr_line' id='line_1_38' title="bbox 109 2266 1447 2324; baseline -0.003 -14"><span class='ocrx_word' id='word_1_304' title='bbox 109 2272 269 2323; x_wconf 90' lang='lat' dir='ltr'>autem,</span> <span class='ocrx_word' id='word_1_305' title='bbox 310 2269 424 2323; x_wconf 83' lang='lat' dir='ltr'>quod</span> <span class='ocrx_word' id='word_1_306' title='bbox 460 2272 524 2310; x_wconf 90' lang='lat' dir='ltr'>est</span> <span class='ocrx_word' id='word_1_307' title='bbox 563 2269 744 2311; x_wconf 88' lang='lat' dir='ltr'>scienter</span> <span class='ocrx_word' id='word_1_308' title='bbox 782 2272 825 2311; x_wconf 88' lang='lat' dir='ltr'>et</span> <span class='ocrx_word' id='word_1_309' title='bbox 861 2269 997 2324; x_wconf 88' lang='lat' dir='ltr'>perite</span> <span class='ocrx_word' id='word_1_310' title='bbox 1035 2272 1077 2310; x_wconf 89' lang='lat' dir='ltr'>et</span> <span class='ocrx_word' id='word_1_311' title='bbox 1116 2270 1264 2309; x_wconf 88' lang='lat' dir='ltr'>ornate</span> <span class='ocrx_word' id='word_1_312' title='bbox 1296 2266 1447 2317; x_wconf 86' lang='lat' dir='ltr'>dicere,</span> 
     </span>
    </p>

    <p class='ocr_par' dir='ltr' id='par_1_5' title="bbox 1119 2336 1164 2369">
     <span class='ocr_line' id='line_1_39' title="bbox 1119 2336 1164 2369; baseline 0 -15"><span class='ocrx_word' id='word_1_313' title='bbox 1119 2336 1164 2369; x_wconf 69' lang='lat'>5*</span> 
     </span>
    </p>
   </div>
  </div>
 </body>
</html>
