1643 2526
508 111 607 147 CAP.
635 115 783 148 52-53.
834 116 852 154 g
882 116 1078 149 172—177.
1377 114 1463 155 363

121 207 277 248 litteris
304 207 389 248 tuis
418 207 705 248 eruditissime
731 206 903 261 scriptis
930 210 971 248 te
991 208 1033 249 id
1054 207 1121 249 vel
1147 207 1330 249 maxime
1356 208 1463 249 velle

121 265 437 319 perspexerim?
481 264 673 306 Primum
705 279 806 320 ergo
841 265 976 321 origo,
1013 266 1162 307 deinde
1195 281 1332 320 causa,
1363 269 1462 320 post

121 327 291 378 natura,
334 327 427 365 tum
465 324 517 364 ad
555 326 793 365 extremum
829 339 932 365 usus
969 324 1062 379 ipse
1101 325 1336 379 explicetur
1374 339 1464 366 ora-

121 382 251 423 tionis
284 385 407 436 aptae
441 385 567 436 atque
597 396 858 423 numerosae.

86 458 101 481 5
237 439 350 481 Nam
377 441 449 494 qui
475 440 694 482 Isocraten
725 441 907 482 maxime
940 441 1162 496 mirantur,
1193 442 1275 483 hoc
1300 442 1345 482 in
1370 442 1461 482 eius

122 498 298 540 summis
331 499 528 540 laudibus
560 499 722 553 ferunt,
759 500 871 553 quod
902 500 1044 541 verbis
1078 500 1230 541 solutis
1260 514 1461 541 numeros

120 557 305 611 primum
338 557 587 598 adiunxerit.
649 556 756 598 Cum
788 558 901 598 enim
932 558 1095 599 videret
1136 562 1327 599 oratores
1365 573 1462 600 cum

122 615 347 656 severitate
386 616 539 670 audiri,
582 619 730 669 poetas
773 619 915 657 autem
954 631 1050 658 cum
1087 617 1325 671 voluptate,
1368 619 1462 658 tum

121 673 276 715 dicitur
318 688 517 715 numeros
562 677 749 729 secutus,
800 675 954 728 quibus
1006 675 1136 716 etiam
1179 675 1225 715 in
1269 675 1461 716 oratione

69 750 101 774 10
121 735 331 786 uteretur,
369 747 464 773 cum
506 732 779 774 iocunditatis
817 748 944 774 causa
976 736 1069 774 tum
1100 737 1149 774 ut
1179 733 1363 774 varietas
1397 748 1462 775 oc-

121 793 309 832 curreret
342 791 543 832 satietati.
606 790 727 839 Quod
754 792 806 832 ab
832 791 885 832 iis
911 806 1008 833 vere
1036 792 1218 845 quadam
1246 806 1297 832 ex
1327 795 1531 846 parte,175

119 863 207 890 non
232 852 372 890 totum
399 849 565 890 dicitur.
616 848 729 890 Nam
759 850 974 891 neminem
1001 850 1047 890 in
1073 865 1121 891 eo
1151 864 1302 905 genere
1330 850 1462 891 scien-

119 908 206 948 tius
237 910 453 948 versatum
486 907 675 948 Isocrate
715 908 1003 949 confitendum
1036 912 1117 962 est,
1155 909 1227 949 sed
1263 908 1461 963 princeps

119 965 362 1006 inveniendi
382 966 464 1006 fuit
483 965 839 1020 Thrasymachus,
866 967 984 1008 cuius
1009 967 1152 1007 omnia
1176 967 1304 1008 nimis
1332 967 1462 1008 etiam

70 1040 101 1065 15
121 1028 268 1065 extant
313 1024 473 1078 scripta
512 1039 747 1065 numerose.
809 1024 939 1079 Nam,
976 1028 1025 1066 ut
1061 1025 1189 1079 paulo
1228 1028 1325 1066 ante
1363 1025 1462 1080 dixi,

118 1082 239 1137 paria
274 1082 449 1136 paribus
488 1082 686 1123 adiuncta
729 1086 771 1124 et
815 1083 1013 1124 similiter
1059 1083 1233 1124 definita
1271 1083 1461 1137 itemque

119 1140 344 1183 contrariis
376 1140 510 1182 relata
542 1141 773 1195 contraria,
810 1156 919 1195 quae
952 1156 1028 1182 sua
1060 1145 1231 1196 sponte,
1263 1142 1392 1183 etiam
1426 1142 1461 1183 si

117 1199 162 1240 id
204 1213 292 1240 non
336 1212 456 1253 agas,
500 1200 656 1240 cadunt
698 1199 947 1253 plerumque
989 1214 1233 1254 numerose,
1278 1199 1461 1255 Gorgias
1502 1208 1509 1211 ’

118 1258 307 1312 primum
331 1256 506 1312 invenit,
550 1258 623 1298 sed
662 1257 714 1298 iis
760 1261 825 1298 est
868 1273 970 1299 usus
1014 1258 1351 1312 intemperatius.
1413 1258 1462 1299 Id

68 1333 102 1358 20
122 1319 265 1357 autem
302 1317 367 1356 est
407 1330 557 1370 genus,
593 1319 642 1356 ut
674 1319 771 1357 ante
803 1316 964 1357 dictum
997 1320 1079 1370 est,
1117 1332 1167 1357 ex
1198 1316 1336 1357 tribus
1369 1332 1462 1370 par-

120 1375 237 1415 tibus
270 1373 563 1415 collocationis
597 1374 788 1415 alterum.
844 1374 1011 1415 Horum
1038 1378 1215 1428 uterque
1241 1375 1530 1417 Isocraten176

122 1435 261 1473 aetate
292 1432 541 1486 praecurrit,
578 1435 626 1473 ut
658 1447 729 1473 eos
761 1432 832 1473 ille
864 1433 1169 1486 moderatione,
1202 1447 1287 1474 non
1319 1433 1463 1474 inven-

120 1491 237 1532 tione
269 1491 430 1531 vicerit.
492 1490 572 1531 Est
605 1490 729 1544 enim,
760 1494 808 1531 ut
832 1491 879 1531 in
903 1491 1209 1532 transferendis
1241 1491 1463 1532 faciendis-

122 1564 201 1603 que
234 1549 374 1590 verbis
412 1548 685 1602 tranquillior
722 1548 782 1590 sic
818 1549 863 1589 in
895 1549 999 1603 ipsis
1036 1549 1225 1590 numeris
1264 1549 1461 1590 sedatior.

69 1624 101 1649 25
123 1607 306 1662 Gorgias
339 1610 481 1648 autem
513 1607 676 1648 avidior
708 1610 772 1648 est
807 1608 973 1662 generis
1006 1607 1096 1648 eius
1129 1610 1171 1648 et
1202 1607 1270 1648 his
1303 1607 1463 1649 festivi—

122 1666 284 1707 tatibus
311 1683 365 1694 —·-
391 1665 451 1706 sic
477 1665 589 1706 enim
615 1665 705 1719 ipse
733 1669 877 1706 censet
900 1690 948 1695 —-
972 1666 1225 1707 insolentius
1253 1666 1463 1721 abutitur,

122 1739 226 1778 quas
264 1723 476 1765 Isocrates
515 1727 676 1777 tamen,
724 1739 820 1765 cum
858 1724 1091 1765 audivisset
1135 1724 1380 1765 adulescens
1417 1725 1462 1765 in

121 1782 341 1823 Thessalia
374 1797 516 1823 senem
544 1782 630 1822 iam
659 1781 876 1837 Gorgiam,
908 1782 1168 1823 moderatius
1195 1783 1462 1836 temperavit.

121 1840 233 1889 Quin
259 1840 387 1880 etiam
414 1854 457 1880 se
482 1840 573 1893 ipse
599 1843 769 1881 tantum
795 1844 1002 1894 quantum
1035 1843 1174 1881 aetate
1205 1841 1464 1895 procedebat

69 1915 103 1939 30
127 1923 173 1927 —
209 1912 339 1951 prope
372 1898 484 1938 enim
524 1901 696 1938 centum
727 1898 910 1939 confecit
942 1913 1075 1939 annos
1109 1923 1162 1928 —-
1195 1899 1407 1940 relaxarat
1439 1914 1464 1940 a

120 1956 254 1997 nimia
275 1956 529 1997 necessitate
554 1970 841 2010 numerorum,
867 1957 979 2009 quod
999 1957 1186 1997 declarat
1204 1957 1250 1997 in
1276 1971 1324 1998 eo
1350 1957 1461 1998 libro

123 2029 248 2068 quem
293 2014 345 2054 ad
387 2013 634 2068 Philippum
676 2014 952 2055 Macedonem
998 2015 1186 2069 scripsit,
1237 2030 1333 2056 cum
1375 2016 1462 2056 iam

123 2072 350 2113 admodum
389 2075 500 2112 esset
538 2086 682 2127 senex,
725 2073 769 2113 in
808 2086 891 2126 quo
931 2072 1034 2114 dicit
1074 2087 1165 2114 sese
1203 2073 1343 2114 minus
1374 2074 1461 2113 iam

123 2130 278 2171 servire
322 2130 509 2170 numeris
553 2144 682 2183 quam
726 2130 878 2171 solitus
920 2134 1044 2172 esset.
1104 2131 1173 2172 Ita
1209 2146 1297 2172 non
1334 2132 1460 2172 modo

68 2204 102 2230 35
123 2188 362 2243 superiores
396 2187 468 2228 sed
500 2187 628 2228 etiam
660 2202 704 2229 se
735 2188 825 2242 ipse
859 2192 1109 2230 correxerat.

241 2245 452 2294 Quoniam
476 2245 611 2300 igitur
635 2246 840 2287 habemus
868 2250 991 2301 aptae
1018 2247 1224 2288 orationis
1251 2261 1322 2287 eos
1348 2246 1461 2300 prin-
1475 2224 1530 2265 53

123 2306 236 2359 cipes
271 2306 548 2357 auctoresque
589 2317 694 2357 quos
733 2304 915 2346 diximus
948 2308 991 2346 et
1024 2305 1144 2360 origo
1177 2305 1351 2345 inventa
1383 2292 1529 2359 est,¹⁷⁷
