1643 2526
559 83 658 119 CAP.
685 85 788 118 2—3.
839 86 857 124 ξ
883 85 1009 117 4—13.
1360 81 1446 122 427

107 181 220 233 sunt,
252 178 324 219 alii
356 179 401 219 in
433 193 482 220 eo
514 178 622 233 ipso,
658 178 708 219 de
740 191 824 231 quo
857 176 1012 232 agitur,
1048 176 1238 231 haerent,
1275 176 1348 217 alii
1381 176 1450 217 ad-

108 240 335 278 sumuntur
367 237 643 278 extrinsecus.
704 235 755 276 In
785 235 879 290 ipso
912 238 1006 276 tum
1038 249 1089 276 ex
1121 238 1234 289 toto,
1273 237 1366 276 tum
1398 249 1448 276 ex

106 296 302 350 partibus
342 295 451 350 eius,
488 299 580 336 tum
619 310 669 335 ex
705 297 827 349 nota,
864 296 957 334 tum
990 308 1040 334 ex
1071 293 1124 334 iis
1157 293 1303 348 rebus,
1342 307 1448 346 quae

107 354 291 407 quodam
321 354 448 395 modo
482 354 671 395 adfectae
704 355 803 394 sunt
836 352 888 392 ad
918 352 980 405 id,
1018 352 1067 393 de
1101 366 1184 405 quo
1218 351 1447 405 quaeritur.

71 431 87 454 5
107 412 386 453 Extrinsecus
413 415 555 453 autem
582 426 631 453 ea
656 411 878 465 ducuntur,
911 425 1017 465 quae
1047 411 1205 451 absunt
1237 410 1448 466 longeque

107 470 320 512 disiuncta
358 474 468 511 sunt.
532 469 614 512 Sed
646 470 699 511 ad
728 469 772 510 id
802 471 962 523 totum,
1003 469 1052 509 de
1091 483 1173 522 quo
1212 468 1449 523 disseritur,
1474 480 1493 510 9

106 532 199 570 tum
231 529 421 570 definitio
455 529 692 583 adhibetur,
724 542 829 582 quae
863 527 984 582 quasi
1014 527 1258 569 involutum
1289 527 1449 569 evolvit

105 587 161 640 id,
187 587 237 628 de
264 601 348 640 quo
375 587 611 642 quaeritur,
643 587 732 628 eius
760 586 1003 641 argumenti
1029 586 1128 627 talis
1156 589 1220 626 est
1246 586 1448 626 formula:

106 645 179 686 Ius
205 645 327 687 civile
361 649 426 687 est
459 645 650 699 aequitas
678 646 914 686 constituta
939 645 1005 699 iis,
1037 644 1110 699 qui
1136 644 1324 685 eiusdem
1351 644 1449 685 civi—

55 722 87 747 10
108 703 211 745 tatis
245 707 356 757 sunt,
388 704 441 745 ad
472 719 538 745 res
571 718 669 744 suas
703 703 973 758 optinendas,
1011 703 1100 744 eius
1134 706 1276 744 autem
1308 702 1449 756 aequi-

106 762 209 803 tatis
251 762 370 803 utilis
412 762 602 818 cognitio
645 765 727 816 est,
772 762 890 802 utilis
929 776 1031 817 ergo
1071 764 1136 802 est
1171 761 1277 802 iuris
1311 761 1447 802 civilis

107 821 303 875 scientia3
325 824 487 862 —tum
505 821 693 875 partium
709 820 986 874 enumeratiO,
1007 834 1113 874 quae
1135 822 1347 861 tractatur
1366 819 1447 861 hoc
1477 831 1518 862 10

106 880 250 920 modo:
297 877 342 920 Si
381 894 518 933 neque
560 894 689 921 censu
727 894 805 920 nec
846 879 1034 920 vindicta
1073 893 1151 920 nec
1188 882 1447 920 testamento

104 937 215 978 liber
246 937 386 979 factus
420 941 497 991 est,
526 952 614 979 non
646 941 711 979 est
741 938 867 993 liber3
911 952 1047 992 neque
1085 937 1174 978 ulla
1205 940 1271 978 est
1303 952 1449 979 earum

54 1012 87 1037 15
106 1011 267 1051 rerum3
310 1011 397 1037 non
430 1000 494 1037 est
525 996 659 1051 igitur
690 996 814 1051 liber3
849 1021 900 1025 —
935 999 1027 1037 tum
1057 996 1238 1051 notatio,
1270 1011 1366 1037 cum
1398 1010 1449 1037 ex

106 1055 225 1096 verbi
251 1054 292 1095 vi
319 1058 620 1110 argumentum
653 1055 825 1108 aliquod
857 1054 1026 1096 elicitur
1050 1054 1132 1096 1100
1158 1055 1303 1096 modo:
1340 1053 1449 1095 Cum

105 1113 174 1154 lex
200 1113 370 1154 assiduo
397 1113 606 1155 vindicem
634 1113 852 1154 assiduum
879 1127 969 1154 esse
1000 1113 1160 1167 iubeat,
1190 1113 1448 1167 locupletem

105 1171 226 1213 iubet
263 1172 485 1226 locupleti3
528 1172 565 1212 is
603 1174 669 1213 est
707 1171 820 1212 enim
859 1171 1073 1225 assiduus,
1109 1175 1158 1212 ut
1195 1171 1256 1212 ait
1287 1172 1449 1226 Aelius,

107 1230 346 1284 appellatus
392 1231 444 1271 ab
489 1245 601 1271 aere
643 1230 815 1271 dando.
885 1230 1113 1271 Ducuntur
1154 1230 1284 1271 etiam
1325 1244 1449 1285 argu-

55 1306 89 1330 10
109 1291 253 1329 menta
285 1303 335 1329 ex
365 1288 419 1329 iis
451 1288 590 1342 rebus,
622 1303 728 1342 quae
755 1289 939 1342 quodam
965 1289 1091 1329 modo
1124 1288 1315 1330 adfectae
1348 1292 1448 1329 sunt

108 1347 160 1387 ad
196 1347 258 1401 id,
303 1347 352 1387 de
392 1361 475 1400 quo
514 1347 743 1400 quaeritur.
813 1345 895 1388 Sed
932 1346 1014 1388 1100
1053 1361 1186 1402 genus
1227 1347 1273 1387 in
1311 1347 1447 1401 pluris

106 1408 249 1459 partes
282 1405 562 1446 distributum
594 1408 669 1446 est.
731 1404 845 1446 Nam
876 1405 960 1446 alia
998 1405 1229 1460 coniugata
1266 1405 1449 1459 appella-

107 1478 215 1518 mus,
241 1463 325 1504 alia
350 1478 400 1504 ex
427 1478 592 1519 genere,
619 1463 702 1504 alia
725 1478 775 1504 ex
800 1463 952 1517 forma,
978 1463 1061 1504 alia
1087 1478 1137 1504 ex
1158 1463 1449 1518 similitudine,

108 1522 193 1563 alia
218 1536 268 1563 ex
294 1522 543 1576 differentia,
576 1522 660 1563 alia
691 1537 742 1563 ex
767 1522 995 1577 contrario,
1027 1522 1111 1563 alia
1143 1537 1193 1562 ex
1226 1522 1450 1576 adiunctis,

54 1596 88 1622 25
109 1580 192 1621 alia
217 1595 268 1621 ex
294 1581 655 1635 antecedentibus,
687 1580 771 1621 alia
802 1595 853 1621 ex
885 1580 1257 1635 consequentibus,
1289 1580 1373 1621 alia
1399 1595 1450 1621 ex

110 1639 461 1694 repugnantibus,
492 1639 576 1680 alia
607 1653 658 1680 ex
690 1639 842 1694 causis,
880 1639 963 1680 alia
995 1654 1046 1680 ex
1078 1639 1251 1692 effectis,
1284 1639 1368 1680 alia
1399 1653 1449 1679 ex

108 1697 411 1751 conparatione
437 1698 648 1739 maiorum
674 1700 748 1738 aut
772 1697 940 1752 parium
967 1701 1041 1739 aut
1068 1697 1292 1738 minorum.
1344 1696 1451 1738 Con·
1478 1708 1520 1739 12

106 1755 256 1810 iugata
288 1755 499 1809 dicuntur,
532 1770 638 1809 quae
672 1759 772 1797 sunt
799 1770 849 1797 ex
874 1756 1015 1797 verbis
1050 1756 1216 1811 generis
1249 1756 1449 1797 eiusdem.

108 1813 313 1854 Eiusdem
344 1817 487 1854 autem
520 1814 685 1868 generis
718 1814 849 1855 verba
880 1817 992 1868 sunt,
1024 1829 1130 1868 quae
1164 1817 1259 1855 orta
1284 1815 1337 1855 ab
1364 1828 1449 1855 uno

56 1889 90 1913 30
109 1871 224 1912 varie
245 1874 577 1926 commutantur,
596 1875 644 1912 ut
671 1872 875 1926 sapiens
902 1872 1162 1926 sapienter
1183 1872 1449 1926 sapientia.

107 1929 225 1970 Haec
244 1930 473 1970 verboium
493 1930 740 1985 coniugatio
762 1932 942 1983 συζυγια
962 1930 1129 1985 dicitur,
1150 1945 1200 1971 ex
1220 1945 1304 1984 qua
1322 1930 1449 1972 huius

109 1987 223 2028 modi
250 1990 314 2028 est
340 1991 656 2043 argumentum:
692 1987 737 2029 Si
763 2003 1029 2042 conpascuus
1057 2003 1158 2044 ager
1184 1992 1260 2043 est,
1291 1989 1357 2030 ius
1385 1992 1451 2030 est

109 2060 373 2100 conpascere.
436 2046 475 2087 A
502 2061 653 2101 genere
681 2047 741 2088 sic
769 2047 952 2088 ducitur:
986 2046 1197 2095 Quoniam
1224 2050 1449 2102 argentum
1479 2057 1519 2087 13

110 2118 234 2144 omne
261 2104 428 2144 mulieri
454 2104 644 2159 legatum
670 2108 747 2159 est,
769 2119 854 2146 non
881 2108 1024 2159 potest
1051 2120 1100 2147 ea
1124 2106 1317 2160 pecunia,
1343 2120 1449 2159 quae

59 2179 92 2206 35
109 2164 333 2202 numerata
377 2162 491 2202 domi
533 2163 682 2204 relicta
722 2166 806 2217 est,
847 2177 935 2204 non
975 2178 1066 2204 esse
1107 2164 1268 2219 legata,
1310 2164 1449 2204 forma

109 2220 220 2261 enim
248 2234 272 2260 a
298 2234 463 2274 genere,
494 2234 577 2274 quo
604 2221 656 2261 ad
682 2235 805 2262 suum
830 2235 987 2262 nomen
1016 2222 1183 2275 retinet,
1215 2235 1449 2274 numquam

110 2277 368 2333 seiungitur,
410 2281 634 2319 numerata
678 2282 821 2320 autem
863 2280 1043 2334 pecunia
1083 2293 1240 2320 nomen
1281 2278 1449 2334 argenti
