1643 2526
165 96 194 136 4
677 95 740 129 DE
768 94 991 130 ORATORE

163 191 432 245 hauriuntur,
463 190 629 232 dicendi
655 193 799 232 autem
825 190 963 231 omnis
989 190 1102 231 ratio
1128 190 1175 231 in
1198 190 1338 231 medio
1362 189 1505 245 posita

165 249 380 291 communi
412 249 596 304 quodam
629 249 677 290 in
706 263 787 290 usu
818 252 946 302 atque
982 248 1029 289 in
1058 248 1281 290 hominum
1312 263 1429 290 more
1461 252 1504 290 et

166 322 360 349 sermone
397 310 610 362 versatur,
651 310 700 348 ut
735 307 782 348 in
820 307 971 348 ceteris
1008 307 1053 347 id
1089 307 1273 348 maxime
1313 307 1504 362 excellat,

166 367 280 420 quod
299 366 560 421 longissume
582 366 638 407 sit
658 366 710 406 ab
730 365 1028 420 imperitorum
1046 365 1341 420 intellegentia
1361 380 1504 407 sensu-

166 438 246 478 que
273 425 521 479 diiunctum,
551 424 598 465 in
622 424 804 466 dicundo
831 427 975 465 autem
998 423 1152 465 vitium
1177 424 1243 465 vel
1269 424 1502 465 maximum
1519 439 1537 466 5

166 483 223 524 sit
260 498 284 524 a
320 483 487 538 vulgari
526 496 678 538 genere
720 482 927 524 orationis
968 485 1095 536 atque
1134 497 1159 523 a
1197 482 1501 524 consuetudine

166 542 404 583 communis
438 556 586 582 sensus
620 541 857 582 abhorrere.
902 541 966 582 Ac
991 555 1044 581 ne
1069 541 1177 581 illud
1208 540 1378 594 quidem
1404 555 1500 582 vere

166 600 249 641 dici
292 602 453 654 potest,
501 603 575 640 aut
617 599 753 654 pluris
798 599 949 640 ceteris
987 599 1191 640 inservire
1230 602 1305 640 aut
1341 599 1502 640 maiore

166 658 446 700 delectatione
485 661 559 699 aut
598 673 670 712 spe
707 657 903 698 uberiore
941 660 1016 698 aut
1050 657 1252 711 praemiis
1285 658 1337 698 ad
1367 657 1504 712 perdi-

165 717 368 758 scendum
400 716 678 771 amplioribus
711 716 980 757 commoveri.
1040 716 1184 769 Atque
1220 719 1269 756 ut
1302 716 1500 757 omittam
1521 733 1554 758 10

166 774 401 830 Graeciam,
426 789 533 828 quae
554 789 720 829 semper
740 774 1006 828 eloquentiae
1026 774 1222 828 princeps
1243 788 1334 815 esse
1354 774 1503 829 voluit,

166 836 293 888 atque
324 834 420 874 illas
454 833 644 874 omnium
682 833 972 874 doctrinarum
1007 832 1264 873 inventrices
1296 832 1503 887 Athenas,

164 892 210 932 in
237 892 390 946 quibus
418 906 583 932 summa
603 891 768 932 dicendi
787 891 851 931 vis
878 894 921 931 et
945 891 1119 931 inventa
1145 893 1210 931 est
1235 893 1278 931 et
1301 890 1503 945 perfecta,

163 950 210 990 in
235 950 314 991 hac
339 950 434 1004 ipsa
454 949 627 990 civitate
646 949 839 1003 profecto
859 949 979 990 nulla
997 963 1186 1002 unquam
1210 949 1501 990 vehementius

98 1019 141 1049 14
166 1022 294 1062 quam
326 1008 593 1061 eloquentiae
626 1007 766 1048 studia
796 1007 1034 1062 viguerunt.
1084 1006 1197 1048 Nam
1222 1010 1502 1061 posteaquam
1523 1023 1555 1050 15

96 1601 138 1632 15

95 2126 136 2157 16

163 1066 344 1120 imperio
377 1066 568 1107 omnium
600 1065 793 1121 gentium
825 1066 1062 1107 constituto
1094 1065 1354 1107 diuturnitas
1384 1066 1502 1120 pacis

166 1125 302 1166 otium
329 1124 610 1178 confirmavit,
634 1138 759 1165 nemo
785 1124 872 1165 fere
898 1124 1035 1165 laudis
1057 1124 1233 1178 cupidus
1255 1124 1502 1166 adulescens

163 1198 252 1225 non
284 1183 366 1224 sibi
400 1183 451 1223 ad
484 1182 709 1223 dicendum
740 1182 882 1223 studio
911 1182 1026 1223 omni
1052 1182 1297 1223 enitendum
1321 1182 1501 1237 putavit.

165 1242 229 1283 Ac
269 1241 408 1295 primo
450 1241 620 1294 quidem
660 1241 795 1282 totius
836 1241 1016 1281 rationis
1053 1240 1212 1295 ignari,
1253 1240 1325 1294 qui
1364 1255 1501 1295 neque

165 1299 483 1341 exercitationis
527 1299 659 1340 ullam
702 1299 788 1340 vim
831 1313 966 1353 neque
1011 1299 1183 1352 aliquod
1226 1302 1501 1353 praeceptum
1521 1316 1555 1342 ρο

165 1358 270 1400 artis
302 1373 393 1399 esse
426 1357 754 1412 arbitrarentur,
790 1360 978 1411 tantum,
1016 1360 1222 1410 quantum
1252 1357 1426 1413 ingenio
1458 1361 1501 1399 et

165 1416 428 1471 cogitatione
442 1419 653 1470 poterant,
668 1416 1053 1470 consequebantur,
1072 1418 1171 1469 post
1186 1418 1329 1457 autem
1344 1416 1501 1457 auditis

166 1475 408 1516 oratoribus
431 1474 604 1515 Graecis
631 1474 900 1529 cognitisque
927 1488 1073 1515 eorum
1098 1474 1255 1514 litteris
1282 1474 1501 1515 adhibitis-

165 1548 245 1587 que
278 1533 525 1574 doctoribus
555 1533 795 1573 incredibili
829 1533 1012 1586 quodam
1042 1532 1180 1573 nostri
1216 1532 1410 1573 homines
1443 1533 1502 1573 di-

164 1592 286 1633 cendi
323 1591 464 1632 studio
503 1591 803 1645 flagraverunt.
863 1590 1094 1631 Excitabat
1134 1604 1206 1630 eos
1248 1590 1499 1645 magnitudo
1520 1607 1554 1633 25

163 1650 348 1691 varietas
374 1649 687 1702 multitudoque
713 1648 758 1689 in
785 1648 900 1689 omni
927 1662 1079 1703 genere
1106 1662 1341 1702 causarum,
1371 1652 1420 1690 ut
1446 1649 1499 1690 ad

164 1722 258 1749 eam
302 1708 557 1761 doctrinam,
601 1721 728 1760 quam
766 1721 843 1747 suo
883 1707 1059 1760 quisque
1098 1706 1238 1747 studio
1278 1710 1498 1748 assecutus

163 1769 294 1820 esset,
326 1765 629 1820 adiungeretur
659 1779 761 1805 usus
792 1764 1009 1818 frequens,
1041 1765 1113 1817 qui
1146 1765 1336 1806 omnium
1367 1766 1499 1820 magi-

163 1828 351 1865 strorum
375 1826 603 1878 praecepta
623 1826 854 1878 superaret.
898 1823 1035 1863 Erant
1061 1826 1204 1863 autem
1229 1823 1329 1864 huic
1355 1824 1498 1864 studio

163 1882 361 1937 maxima,
393 1896 499 1936 quae
524 1896 637 1923 nunc
664 1895 829 1935 quoque
857 1884 967 1935 sunt,
999 1881 1192 1935 exposita
1216 1882 1406 1935 praemia
1430 1882 1497 1923 vel
1517 1898 1551 1924 30

164 1941 216 1982 ad
237 1941 421 1995 gratiam
441 1941 507 1981 vel
527 1941 578 1981 ad
600 1955 700 1994 opes
721 1940 786 1981 vel
807 1940 859 1981 ad
881 1939 1144 1994 dignitatem.
1188 1939 1368 1994 Ingenia
1386 1954 1499 1995 vero,

162 2002 212 2039 ut
232 1999 379 2039 multis
399 1999 526 2040 rebus
547 2013 772 2053 possumus
792 1998 991 2051 iudicare,
1010 2001 1255 2038 nostrorum
1275 1998 1498 2039 hominum

163 2057 348 2098 multum
389 2057 540 2098 ceteris
580 2057 826 2098 hominibus
865 2056 1054 2097 omnium
1093 2056 1285 2121 gentium
1322 2056 1498 2110 praesti-

163 2118 320 2156 terunt.
383 2114 546 2163 Quibus
585 2116 634 2156 de
675 2115 812 2156 causis
851 2114 944 2168 quis
981 2128 1069 2154 non
1104 2116 1195 2154 iure
1232 2114 1409 2155 miretur
1447 2128 1497 2154 ex

163 2173 279 2214 omni
328 2173 534 2214 memoria
590 2176 779 2214 aetatum
834 2176 1073 2226 temporum
1129 2172 1352 2213 civitatum
1407 2175 1497 2213 tam
1516 2188 1550 2216 35

165 2232 367 2288 exiguum
400 2235 618 2272 oratorum
649 2246 874 2272 numerum
904 2230 1113 2271 inveniri?

281 2289 363 2331 Sed
395 2290 507 2331 enim
539 2290 676 2331 maius
709 2293 774 2332 est
804 2291 886 2332 hoc
919 2289 1118 2343 quiddam
1145 2303 1272 2343 quam
1302 2288 1496 2330 homines
