1643 2526
365 89 507 124 LIBER
531 89 574 124 ΙΙ.
626 88 726 125 CAP.
753 92 902 124 65—66.
941 93 960 131 ἓ
986 92 1183 125 258—264.
1365 90 1448 132 135

109 185 183 226 illa
214 188 326 240 sunt,
357 199 464 239 quae
496 187 571 226 aut
602 199 652 226 ex
676 185 891 226 inmutata
917 183 1109 226 oratione
1136 185 1349 226 ducuntur
1374 188 1449 226 aut

110 258 160 284 ex
190 244 315 284 unius
347 243 466 285 verbi
497 243 726 285 tralatione
753 246 827 284 aut
853 257 903 284 ex
933 242 1174 284 inversione
1206 243 1446 285 verborum.

109 302 177 343 Ex
215 302 518 357 inmutatione,
557 305 606 343 ut
647 301 750 343 olim
785 301 930 343 Rusca
967 315 1096 356 quom
1136 301 1276 356 legem
1315 301 1447 343 ferret

111 360 323 415 annalem,
363 361 580 402 dissuasor
619 359 674 401 M.
718 359 939 401 Servilius:
980 359 1072 401 Dic
1110 359 1253 414 mihi,
1293 360 1448 415 inquit,

74 418 164 461 ⁵M.
191 418 384 473 Pinari,
414 433 546 473 num,
578 418 620 459 si
651 421 831 460 contra
861 421 909 459 te
937 417 1129 472 dixero,
1160 418 1289 459 mihi
1319 419 1446 459 male

111 477 340 518 dicturus
379 492 448 532 es,
484 480 539 518 ut
579 476 764 518 ceteris
803 477 1008 518 fecisti?
1064 476 1130 517 Ut
1169 480 1447 518 sementem

109 536 313 590 feceris,
343 535 417 577 ita
448 538 603 576 metes
636 535 785 588 inquit.
847 535 913 576 Ex
944 534 1173 576 tralatione
1206 538 1368 589 autem,
1399 538 1517 576 ut262

110 608 239 647 quom
262 593 404 648 Scipio
430 594 502 634 ille
522 594 659 635 maior
680 592 914 634 Corinthiis
936 596 1123 634 statuam
1143 593 1447 648 pollicentibus

110 667 158 693 eo
191 653 305 707 loco,
342 652 416 693 ubi
455 652 637 693 aliorum
669 655 811 693 essent
848 652 1173 706 imperatorum,
1210 651 1447 693 turmalis

57 728 90 753 10
111 710 217 751 dixit
237 711 520 764 displicere.
565 710 843 751 Invertuntur
863 714 1006 751 autem
1027 710 1168 764 verba,
1192 713 1241 751 ut
1268 710 1447 752 Crassus

110 769 220 823 apud
240 769 295 810 M.
310 768 568 823 Perpernam
587 769 771 810 iudicem
790 783 867 822 pro
889 769 1106 810 Aculeone
1127 783 1257 822 quom
1278 768 1448 822 diceret,

110 828 255 868 aderat
287 831 436 869 contra
467 827 728 868 Aculeonem
762 826 1012 868 Gratidiano
1038 827 1085 867 L.
1111 827 1260 868 Aelius
1285 826 1449 881 Lamia,

110 886 331 940 deformis,
372 889 421 926 ut
462 886 620 940 nostis3
664 885 737 939 qui
781 900 909 940 quom
953 885 1246 939 interpellaret
1291 885 1449 939 odiose,

108 920 405 999 Audiam⁷,us
443 944 603 998 inquit,
638 943 952 998 pulchellum
988 958 1215 998 puerum,
1256 943 1447 984 Crassus.

57 1019 90 1045 15
111 1001 247 1051 Quom
269 1006 380 1043 esset
401 1002 600 1056 adrisum,
620 1002 657 1043 N
671 1017 732 1043 on
742 1002 910 1067 ..potui
919 1002 1107 1055 [mihi],
1126 1001 1267 1055 inquit
1286 1001 1448 1056 Lamia,

109 1061 320 1102 formam
351 1061 459 1115 ipse
491 1060 708 1116 fingere,
738 1060 1001 1115 ingenium
1032 1060 1187 1113 potui.
1237 1059 1346 1100 Tum
1378 1059 1447 1101 hic

109 1119 408 1173 Audiamus,
438 1097 600 1172 inquit?
623 1119 882 1159 disertum.
925 1118 1064 1159 Multo
1097 1118 1228 1159 etiam
1260 1118 1448 1159 adrisum
1485 1160 1492 1164 ,

110 1180 175 1219 est
206 1153 512 1219 vehemeiitius.
574 1176 683 1218 Sunt
714 1177 844 1218 etiam
874 1177 950 1218 illa
981 1180 1173 1231 venusta,
1204 1179 1253 1217 ut
1284 1176 1329 1216 in
1355 1190 1449 1231 gra-

109 1236 233 1277 vibus
266 1236 509 1290 sententiis,
546 1236 606 1277 sic
643 1236 688 1276 in
725 1235 892 1277 facetiis
926 1260 979 1265 -—
1013 1235 1100 1275 dixi
1138 1235 1252 1276 enim
1289 1235 1447 1275 dudum

57 1311 90 1336 20
110 1294 321 1335 rationem
359 1309 450 1335 esse
492 1293 619 1335 aliam
658 1294 743 1335 ioci
784 1294 912 1335 aliam
953 1293 1211 1348 severitati-‘53
1252 1293 1447 1348 gravium

111 1356 253 1393 autem
291 1356 333 1393 et
369 1353 561 1394 iocorum
599 1367 729 1393 unam
771 1366 863 1393 esse
906 1352 1149 1406 materiam,
1196 1375 1245 1380 —
1293 1354 1517 1393 ornant-263

108 1411 243 1466 igitur
267 1410 313 1451 in
337 1411 486 1464 primis
514 1410 750 1451 orationem
770 1411 900 1451 verba
919 1410 1055 1451 relata
1074 1409 1303 1464 contrarie3
1336 1410 1449 1463 quod

109 1470 222 1510 idem
254 1483 387 1524 genus
421 1472 487 1510 est
519 1483 642 1522 saepe
676 1469 805 1509 etiam
837 1468 1042 1521 facetum,
1078 1470 1126 1508 ut
1166 1466 1337 1508 Servius
1376 1467 1447 1508 ille

112 1527 283 1579 [Galba]
313 1541 442 1582 quom
467 1527 627 1568 iudices
648 1526 694 1567 L.
717 1527 940 1568 Scribonio
966 1526 1140 1567 tribuno
1161 1526 1298 1580 plebis
1318 1526 1449 1566 ferret

59 1603 92 1628 25
111 1585 336 1626 familiaris
364 1599 463 1626 suos
490 1588 532 1626 et
558 1585 735 1626 dixisset
760 1585 806 1626 L.
832 1585 955 1638 Libo,
988 1584 1194 1633 Quando
1227 1584 1448 1638 tandem,

112 1643 290 1698 Galba,
316 1644 371 1685 de
397 1643 632 1685 triclinio
659 1646 744 1684 tuo
771 1643 965 1684 exibis?
1016 1642 1172 1691 Quom
1198 1645 1270 1696 tu,
1294 1642 1448 1696 inquit,

111 1703 166 1743 de
199 1702 435 1743 cubiculo
468 1702 648 1743 alieno.
692 1702 730 1743 A
758 1716 841 1755 quo
869 1715 1022 1756 genere
1053 1715 1106 1741 ne
1137 1700 1243 1741 illud
1275 1700 1447 1753 quidem

110 1760 340 1814 plurimum
379 1761 527 1815 distat,
567 1761 680 1814 quod
722 1759 900 1801 Glaucia
939 1759 1129 1800 Metello:
1168 1758 1358 1800 Villam
1397 1758 1449 1798 in

111 1818 315 1859 Tiburti
346 1818 520 1873 habes,
552 1819 813 1860 cohortem
843 1818 896 1858 in
927 1817 1141 1858 Palatio
1463 1839 1518 1880 66

58 1894 92 1919 30
228 1876 292 1918 Ac
328 1877 556 1918 verborum
596 1877 766 1930 quidem
805 1891 960 1931 genera
991 1890 1098 1929 quae
1130 1877 1272 1916 essent
1308 1874 1519 1939 faceta254

112 1934 268 1975 dixisse
305 1949 371 1975 me
408 1938 531 1989 put03
568 1950 710 1976 rerum
746 1935 869 1989 pluia
901 1937 1000 1975 sunt
1039 1948 1170 1987 eaque
1207 1947 1364 1987 mams,
1400 1935 1448 1973 ut

112 1993 198 2033 dixi
231 1996 346 2046 ante,
382 1969 589 2047 ridentur,
625 1993 671 2033 in
702 1993 857 2047 quibus
897 1995 962 2033 est
999 1991 1209 2045 narratio,
1245 2005 1312 2031 res
1346 2005 1446 2032 sane

112 2050 309 2092 difficilis.
351 2050 639 2104 Exprimenda
657 2051 770 2092 enim
790 2054 889 2092 sunt
910 2054 952 2091 et
971 2050 1166 2104 ponenda
1181 2052 1278 2090 ante
1300 2049 1446 2090 oculos

112 2123 173 2163 ea,
205 2124 311 2162 quae
343 2108 566 2150 videantur
597 2112 640 2150 et
671 2110 760 2150 veri
791 2108 961 2162 similia,
993 2108 1105 2161 quod
1136 2111 1201 2148 est
1226 2107 1448 2161 proprium

59 2183 93 2210 35
112 2166 391 2221 narrationis,
422 2170 464 2207 et
497 2181 602 2221 quae
635 2167 739 2222 sint,
777 2167 890 2221 quod
921 2166 1088 2207 ridiculi
1118 2165 1339 2220 proprium
1371 2168 1448 2218 est,

113 2225 356 2280 subturpia3
388 2225 507 2266 cuius
540 2226 790 2280 exemplum,
821 2228 869 2265 ut
900 2225 1226 2278 brevissumum,
1258 2223 1314 2264 sit
1347 2237 1447 2263 sane

111 2283 235 2338 illud,
275 2283 388 2337 quod
429 2286 526 2324 ante
566 2284 709 2339 posui,
749 2282 893 2325 Crassi
934 2283 983 2323 de
1015 2282 1230 2323 Memmio.
1297 2281 1356 2321 Et
1396 2280 1448 2320 ad
