1643 2526
515 132 613 168 CAP.
642 136 791 169 67—68.
841 137 860 176 ς
887 136 1085 170 235-241.
1382 133 1468 175 285

128 229 308 284 denique
327 243 415 270 non
437 243 606 271 omnem
633 228 1049 271 commendationem
1074 229 1220 285 ingeni
1247 231 1470 284 everteret,

127 288 264 330 maius
296 302 452 329 nomen
482 288 528 328 in
558 287 751 342 patronis
783 287 948 328 fuisset.
992 287 1093 329 Non
1119 290 1211 329 erat
1236 288 1471 342 abundans,

127 361 215 388 non
244 347 369 401 inops
396 349 557 401 tamen3
588 361 675 388 non
700 346 821 387 valde
846 346 1002 400 nitens,
1032 360 1119 387 non
1144 347 1269 401 plane
1295 346 1469 387 horrida

130 405 286 459 oratio,
324 419 407 445 vox
440 408 585 460 gestus
619 408 661 446 et
698 404 836 446 01111110
870 404 982 446 actio
1016 404 1106 445 01110
1143 405 1304 459 lepore,
1344 408 1388 446 at
1424 405 1470 445 in

91 480 108 505 5
127 463 392 504 inveniendis
425 462 812 518 componendisque
843 463 970 504 rebus
1003 463 1112 504 mira
1150 463 1384 518 accuratio,
1421 466 1470 504 ut

127 536 214 563 non
232 521 356 579 fac-ile
376 522 421 562 in
440 521 528 562 ullo
543 521 858 577 diligentiorem
877 521 1168 575 maioremque
1184 522 1471 577 cognoverim,

129 581 202 622 sed
228 595 321 621 eam
346 583 395 621 ut
415 580 541 621 citius
563 579 866 621 veteratoriam
888 594 1016 634 quam
1043 580 1276 621 oratoriam
1296 580 1468 622 diceres.

127 639 210 680 Hic
243 639 324 680 etsi
356 638 486 679 etiam
522 638 567 679 in
604 638 788 693 publicis
827 638 966 679 causis
1003 639 1287 693 probabatur,
1324 642 1469 680 tamen
1484 661 1538 703 68

127 698 173 738 111
214 697 395 752 privatis
418 697 712 738 inlustriorem
751 697 974 751 optinebat
1013 697 1168 738 locum.
1230 695 1273 738 C.
1316 697 1538 761 deinde239

76 773 109 798 10
127 755 228 797 Piso
263 755 466 796 statarius
499 758 541 797 et
573 755 782 796 sermonis
813 756 964 810 plenus
997 758 1160 810 orator,
1191 755 1366 796 minime
1396 755 1469 796 ille

129 815 299 868 quidem
331 814 478 855 tardus
508 813 555 854 in
586 814 888 869 excogitando,
918 829 1067 855 verum
1097 817 1243 855 tamen
1274 814 1395 855 vultu
1427 817 1470 855 et

129 872 401 914 simulatione
434 873 571 913 multo
604 873 734 914 etiam
766 873 933 914 acutior
964 887 1092 926 quam
1118 875 1209 913 erat
1234 872 1470 913 videbatur.

128 931 242 972 Nam
274 931 364 972 eius
398 930 617 984 aequalem
654 930 1031 972 M'.-Glabrionem
1072 931 1179 972 bene
1218 931 1469 972 institutum

131 990 198 1031 avi
219 988 447 1031 Scaevolae
474 989 697 1043 diligentia
725 1003 868 1030 socors
894 989 1029 1043 ipsius
1050 992 1205 1030 natura
1222 989 1470 1044 neglegens-

77 1064 110 1089 15
131 1063 211 1103 que
231 1048 486 1089 tardaverat.
527 1047 673 1089 Etiam
692 1047 740 1088 L.
760 1047 1003 1101 Torquatus
1024 1047 1195 1103 elegans
1214 1047 1260 1088 in
1280 1048 1470 1102 dicendo,

127 1107 173 1148 in
214 1106 495 1148 existimando
538 1106 766 1147 admodum
805 1106 1010 1160 prudens,
1050 1109 1143 1147 toto
1186 1120 1338 1161 genere
1379 1120 1470 1160 per-

128 1166 329 1206 urbanus.
391 1164 512 1205 Meus
546 1168 690 1206 autem
722 1164 912 1219 aequalis
945 1163 1018 1205 Cn.
1051 1164 1282 1219 Pompeius
1314 1164 1379 1205 vir
1417 1164 1468 1205 ad
1501 1202 1508 1206 ,

130 1223 273 1265 omnia
294 1238 460 1264 summa
478 1225 606 1264 natus
626 1222 832 1264 maiorem
847 1223 1012 1264 dicendi
1033 1223 1216 1278 gloriam
1235 1223 1471 1277 habuisset,

128 1282 213 1323 nisi
245 1296 342 1323 eum
373 1281 548 1323 maioris
582 1281 743 1336 gloriae
775 1281 986 1336 cupiditas
1025 1282 1078 1322 ad
1116 1281 1290 1322 bellicas
1322 1281 1468 1322 laudes

77 1357 112 1382 20
132 1340 422 1381 abstraxisset.
465 1339 574 1380 Erat
595 1340 786 1381 oratione
808 1340 912 1381 satis
933 1340 1114 1394 amplus,
1130 1354 1221 1381 rein
1239 1340 1471 1394 prudenter
1514 1380 1517 1381 γ

130 1399 319 1453 videbat3
357 1397 469 1439 actio
501 1412 601 1439 vero
635 1398 724 1439 eius
756 1398 944 1439 habebat
976 1402 1018 1439 et
1054 1398 1100 1438 in
1131 1412 1233 1439 voce
1265 1412 1470 1453 magnum

132 1457 400 1512 splendorem
433 1459 474 1497 et
505 1456 550 1496 in
582 1459 703 1497 motu
735 1471 946 1498 summam
984 1456 1250 1511 dignitatem.
1311 1455 1540 1497 Noster240

130 1516 235 1557 item
257 1514 445 1568 aequalis
466 1514 517 1556 D.
540 1513 709 1556 Silanus
730 1514 907 1556 vitricus
933 1518 1033 1555 tuus
1061 1514 1175 1555 studi
1200 1514 1272 1555 ille
1299 1515 1470 1568 quidem

131 1573 284 1615 habuit
314 1587 402 1614 11011
433 1573 636 1628 111111111111,
674 1573 747 1614 sed
785 1573 992 1614 acuminis
1031 1576 1074 1614 et
1112 1572 1319 1614 orationis
1353 1572 1469 1613 satis.

80 1647 113 1673 25
135 1632 183 1681 Q.
209 1631 439 1686 Pompeius
472 1631 522 1672 A.
548 1631 608 1686 F„
640 1631 712 1685 qui
743 1631 998 1686 Bithynicus
1025 1631 1163 1672 dictus
1190 1634 1267 1685 est,
1297 1631 1469 1672 biennio

134 1705 262 1745 quam
280 1704 359 1731 nos
386 1689 569 1731 fortasse
590 1690 738 1744 maior,
764 1704 930 1731 summo
959 1689 1100 1731 studio
1128 1689 1293 1731 dicendi
1318 1690 1471 1730 multa-

134 1764 214 1803 que
246 1748 458 1803 doctri'na,
487 1748 727 1789 incredibili
758 1748 904 1790 labore
937 1751 1064 1803 atque
1096 1748 1325 1803 industria3
1358 1748 1471 1802 quod

134 1808 241 1849 scire
259 1821 454 1861 possum:
479 1806 563 1848 fuit
588 1806 702 1847 enim
727 1821 893 1848 mecum
919 1810 962 1847 et
988 1821 1085 1848 cum
1109 1806 1166 1847 M.
1193 1806 1348 1847 Pisone
1375 1821 1471 1848 cum

135 1865 324 1906 amicitia
366 1868 460 1906 tum
504 1865 657 1906 studiis
702 1864 1163 1918 exercitationibusque
1207 1864 1471 1906 coniunctus.

81 1940 116 1964 30
134 1923 275 1964 Huius
302 1923 413 1964 actio
439 1937 527 1964 non
552 1923 656 1964 satis
683 1924 1009 1965 commendabat
1036 1923 1291 1978 orationem,
1321 1923 1367 1964 in
1391 1922 1471 1964 hac

135 1982 249 2023 enim
281 1981 385 2022 satis
417 1984 508 2022 erat
539 1982 704 2036 copiae,
739 1982 786 2022 in
820 1982 896 2022 illa
933 1984 1077 2023 autem
1112 1981 1271 2036 leporis
1308 1991 1540 2036 parum.241

134 2040 242 2082 Erat
274 2039 364 2080 eius
398 2039 584 2093 aequalis
616 2039 661 2080 P.
694 2040 931 2081 Autronius
969 2054 1072 2081 voce
1102 2042 1307 2094 peracuta
1344 2042 1471 2093 atque

135 2112 292 2153 magna
333 2111 411 2138 nec
455 2097 539 2138 alia
580 2112 625 2139 re
667 2098 755 2139 ulla
797 2097 1052 2152 probabilis,
1096 2101 1138 2139 et
1181 2098 1228 2139 L.
1269 2097 1471 2139 Octavius

136 2156 358 2210 Reatinus,
378 2155 451 2209 qui
471 2170 568 2197 cum
587 2156 743 2197 multas
763 2156 849 2197 iam
870 2171 1019 2198 causas
1035 2156 1206 2211 diceret,
1225 2156 1471 2198 adulescens

82 2230 117 2256 35
137 2218 202 2256 est
227 2217 422 2256 mortuus
452 2238 501 2243 ——
529 2214 566 2254 is
598 2217 743 2255 tamen
774 2215 826 2256 ad
857 2215 1080 2256 dicendum
1111 2215 1309 2256 veniebat
1334 2213 1471 2268 magis

138 2273 338 2314 audacter
370 2287 497 2326 quam
527 2275 675 2326 parate
711 2290 781 2328 -3
813 2276 855 2314 et
887 2271 931 2314 O.
965 2271 1176 2328 Staienus,
1208 2272 1280 2327 qui
1312 2287 1355 2312 se
1381 2272 1472 2325 ipse

138 2332 414 2386 adoptaverat
459 2333 501 2371 et
545 2330 594 2371 de
646 2329 820 2372 Staieno
863 2330 1035 2372 Aelium
1083 2330 1261 2385 fecerat,
1308 2329 1471 2370 fervido
