1643 2526
192 120 249 162 84
703 119 766 154 DE
793 119 1019 155 ORATORE

191 218 257 258 est
296 215 470 257 omnino
510 230 577 257 ars
620 215 727 270 11113,
769 215 815 256 111
852 230 936 269 qua
974 215 1135 271 omnia,
1178 230 1285 270 quae
1321 216 1397 258 illa
1439 219 1531 259 arte

191 274 304 316 effici
346 274 534 329 possint,
581 289 605 314 a
645 274 819 315 doctore
860 274 1101 328 tradantur,
1149 275 1222 316 sed
1266 274 1339 328 qui
1378 275 1532 329 prima-

191 348 287 373 rum
328 336 371 373 et
412 335 624 374 certarum
665 347 808 373 rerum
850 346 1005 387 genera
1044 332 1140 386 ipsa
1177 332 1432 388 didicerunt,
1471 348 1533 375 re-

122 402 167 433 70
192 391 311 445 liqua
353 391 383 445 †
425 393 737 456 persequantur
777 414 850 445 -,
895 390 1092 431 similiter
1136 391 1321 432 arbitror
1363 391 1409 432 in
1450 391 1532 434 hae

193 449 281 490 sive
313 449 480 491 ratione
512 450 600 490 sive
632 449 934 490 exercitatione
967 449 1150 504 dicendi,
1186 449 1259 503 qui
1294 449 1415 490 illam
1444 449 1532 491 vim
1551 467 1568 493 5

193 508 371 562 adeptus
414 507 488 562 sit,
533 510 582 548 ut
629 521 775 548 eorum
814 510 997 562 mentes,
1041 507 1113 561 qui
1158 510 1231 549 aut
1275 507 1325 548 de
1367 522 1413 549 re
1458 523 1533 562 pu—

191 566 305 607 blica
348 569 422 607 aut
466 541 515 607 de
558 565 692 620 ipsius
736 566 863 606 rebus
909 568 982 606 aut
1026 566 1075 606 de
1118 565 1190 620 118,
1233 568 1383 607 contra
1426 580 1531 619 quos

195 626 270 665 aut
301 638 380 678 pro
413 624 567 678 quibus
594 623 720 678 dicat‚
752 638 881 677 quom
907 623 1050 677 aliqua
1077 624 1291 665 statuendi
1316 627 1532 678 potestate

194 682 387 736 audiant,
431 682 483 723 ad
521 697 645 723 suum
677 682 902 723 arbitrium
934 696 1103 723 movere
1134 682 1291 737 possit,
1327 682 1449 723 illum
1480 683 1530 724 de

194 743 289 781 toto
321 740 396 781 illo
430 755 582 795 genere
614 740 874 794 reliquarum
900 740 1143 781 orationum
1168 755 1255 781 non
1279 741 1376 794 plus
1409 755 1532 794 quae·
1552 759 1586 785 10

195 798 378 840 siturum
404 813 494 840 esse
523 798 623 852 quid
649 798 774 852 dicat,
806 813 933 852 quam
957 798 1217 853 Polyclitum
1241 799 1376 853 illum,
1402 814 1531 853 quom

193 856 422 898 Herculem
442 857 646 911 fingebat,
667 871 792 910 quem
813 857 864 897 ad
885 857 1059 897 modum
1077 857 1232 911 pellem
1253 860 1327 898 aut
1352 857 1532 911 hydram

193 915 394 970 fingeret,
424 915 553 956 etiam
580 914 615 956 si
645 915 751 956 haec
782 929 1000 968 nunquam
1032 915 1262 969 separatim
1299 915 1437 956 facere
1476 915 1535 956 di-

194 973 379 1015 dicisset.
409 995 414 999 ·

312 1031 422 1072 Tum
466 1030 662 1073 Catulus:
711 1030 934 1073 Praeclare
984 1031 1090 1072 mihi
1139 1032 1314 1087 videris,
1356 1031 1534 1087 Antoni,
1553 1050 1585 1076 15

193 1090 408 1144 posuisse,
443 1089 603 1144 inquit,
641 1092 739 1130 ante
779 1090 924 1131 oculos
972 1090 1073 1143 quid
1114 1090 1273 1131 discere
1317 1093 1533 1145 oporteret

195 1162 293 1188 eum
325 1149 396 1201 qui
429 1151 574 1188 orator
605 1151 718 1188 esset
748 1147 937 1202 futurus,
970 1148 1089 1202 quid,
1127 1149 1257 1189 etiam
1289 1149 1325 1189 si
1356 1162 1443 1189 non
1475 1149 1534 1190 di-

196 1206 388 1260 dicisset,
426 1220 477 1246 ex
509 1219 557 1246 eo
591 1206 704 1260 quod
735 1206 954 1247 didicisset
992 1206 1245 1247 adsumeret.
1306 1206 1533 1248 Deduxisti

196 1264 311 1305 enim
342 1267 484 1305 totum
514 1264 732 1304 hominem
763 1264 809 1305 in
841 1264 923 1305 duo
951 1278 1106 1319 genera
1132 1264 1271 1305 solum
1297 1279 1533 1320 causarum,

197 1325 338 1364 cetera
367 1322 696 1363 innumerabilia
728 1322 1023 1363 exercitationi
1055 1325 1098 1363 et
1135 1322 1405 1364 similitudini
1437 1323 1532 1364 reli-
1553 1342 1587 1367 20

197 1380 340 1434 quisti.
398 1379 480 1422 Sed
505 1380 647 1421 videto
679 1395 731 1421 ne
757 1380 803 1421 in
828 1381 924 1421 istis
951 1381 1116 1421 duobus
1145 1381 1372 1436 generibus
1398 1381 1534 1436 hydra

195 1439 277 1479 tibi
309 1439 366 1479 sit
397 1442 440 1479 et
471 1439 607 1493 pellis,
638 1438 843 1480 Hercules
871 1442 1014 1480 autem
1039 1442 1082 1480 et
1108 1439 1191 1480 alia
1218 1453 1346 1494 opera
1371 1439 1534 1480 maiora

195 1497 241 1537 in
271 1496 357 1537 illis
390 1498 535 1546 rebus,
567 1511 672 1550 quas
704 1497 1012 1551 praetermittis
1022 1531 1033 1551 ,
1063 1497 1371 1550 relinquantur.
1433 1496 1535 1538 Non

197 1556 313 1596 enim
338 1555 444 1595 mihi
470 1556 610 1596 minus
639 1555 777 1608 operis
804 1555 971 1596 videtur
996 1555 1046 1595 (10
1072 1555 1279 1597 universis
1308 1555 1533 1610 generibus

196 1627 339 1654 rerum
381 1628 508 1667 quam
549 1613 599 1653 de
642 1613 910 1666 singulorum
951 1613 1089 1654 causis
1132 1628 1179 1654 ac
1223 1613 1360 1655 multo
1404 1614 1532 1655 etiam
1554 1630 1587 1657 25

197 1671 335 1712 maius
375 1671 424 1711 de
462 1674 616 1711 natura
653 1671 828 1711 deorum
867 1686 994 1725 quam
1032 1672 1081 1712 de
1121 1671 1344 1712 hominum
1383 1671 1533 1713 litibus

128 1740 171 1772 72
198 1729 348 1770 dicere.
410 1727 511 1770 Non
547 1732 612 1769 est
648 1728 728 1783 ita,
765 1728 906 1783 inquit
942 1729 1171 1769 Antonius.
1232 1730 1385 1770 Dicam
1422 1730 1535 1771 enim

198 1787 292 1841 tibi,
318 1785 482 1841 Catule,
511 1801 599 1828 non
623 1789 714 1828 tam
740 1787 889 1827 doctus
917 1789 1056 1841 quam,
1085 1787 1129 1827 id
1155 1787 1268 1840 quod
1294 1790 1359 1828 est
1384 1787 1535 1843 maius,

199 1848 410 1899 expertus.
461 1844 662 1886 Omnium
683 1847 919 1886 ceterarum
938 1860 1080 1886 rerum
1101 1845 1251 1900 oratio⁷
1270 1845 1376 1886 mihi
1402 1846 1536 1901 crede,

198 1903 323 1944 ludus
362 1906 427 1945 est
462 1903 628 1944 homini
665 1917 752 1943 non
788 1903 933 1944 hebeti
970 1917 1106 1957 neque
1143 1903 1424 1945 inexercitato
1456 1919 1534 1946 nec
1554 1923 1588 1949 30

160 1956 177 2011 ξ’
200 1959 491 2003 001111111111111111
530 1961 773 2002 litterarum
814 1964 856 2002 ct
892 1961 1107 2015 politioris
1145 1961 1427 2003 humanitatis
1469 1977 1536 2003 ex-

163 2021 170 2033 ²
198 2020 330 2074 perti,
321 2020 413 2084 ³)in
445 2034 669 2062 causarum
701 2019 1049 2060 contentionibus
1081 2034 1285 2074 magnum
1317 2023 1381 2061 est
1407 2020 1536 2074 quod-

200 2078 298 2119 dam
331 2092 437 2132 opus
469 2080 597 2131 atque
628 2078 743 2118 haud
775 2077 907 2119 sciam
939 2092 992 2118 an
1025 2078 1074 2118 de
1105 2078 1303 2119 humanis
1337 2078 1534 2133 operibus

199 2136 327 2191 longe
360 2150 623 2177 maxumum·
653 2136 699 2176 in
726 2135 879 2190 quibus
904 2135 969 2176 vis
996 2136 1178 2177 oratoris
1203 2137 1453 2190 plerumque
1482 2136 1535 2177 ab

200 2193 411 2248 imperitis
433 2195 548 2235 exitu
574 2197 617 2235 et
641 2193 821 2235 victoria
845 2194 1075 2249 iudicatur3
1100 2194 1175 2235 ubi
1201 2195 1320 2236 adest
1346 2197 1535 2236 armatus
1555 2212 1588 2238 35

202 2252 488 2307 adversarius,
525 2253 598 2307 qui
636 2252 692 2293 sit
730 2255 772 2293 et
808 2251 1022 2293 feriendus
1061 2255 1103 2293 et
1139 2252 1422 2308 repellendus3
1460 2252 1535 2293 ubi

202 2325 327 2365 saepe
365 2310 421 2366 is,
458 2310 531 2364 qui
561 2310 623 2351 rei
655 2310 851 2351 dominus
883 2310 1052 2352 futurus
1093 2313 1176 2366 est,
1213 2311 1375 2353 alienus
1408 2313 1535 2365 atque

127 1010 177 1051 17

125 1078 167 1109 71
