1643 2526
123 745 156 770 10

124 1036 156 1061 15

122 1329 156 1353 20

120 1620 154 1644 25

120 1911 154 1936 30

121 2201 154 2226 35

426 107 570 143 LIBER
594 109 656 143 ΠΙ.
706 109 807 144 ΟΑΡ.
834 112 983 145 26—27.
1023 113 1042 151 ξ
1069 113 1265 145 100-107,
1432 110 1515 151 189

174 203 687 259 variaturdistinguitur.
749 203 817 245 Ita
849 204 906 245 sit
935 204 1061 245 nobis
1094 204 1229 259 igitur
1262 207 1439 246 ornatus
1472 208 1585 247 et103

176 261 317 302 suavis
352 265 496 303 orator
529 287 575 291 —-
615 277 692 304 nec
724 265 868 303 tamen
898 266 1043 317 potest
1075 263 1200 304 aliter
1238 278 1329 304 esse
1363 288 1436 318 —,
1467 267 1516 304 ut

175 320 432 361 suavitatem
463 320 622 362 habeat
654 324 869 362 austeram
907 324 949 362 et
988 321 1187 376 solidam,
1223 336 1311 363 non
1350 322 1516 363 dulcem

175 381 302 431 atque
340 379 570 420 decoctam.
633 378 745 420 Nam
781 379 876 433 ipsa
914 379 967 420 ad
1005 380 1241 421 ornandum
1278 383 1517 435 praecepta,

177 451 284 490 quae
311 437 478 491 dantur,
503 437 592 478 eius
620 438 735 479 modi
762 441 873 492 sunt,
898 441 946 479 ut
971 452 1021 479 ea
1047 438 1185 491 quivis
1211 439 1515 480 vitiosissimus

176 498 321 536 orator
352 495 562 549 explicare
594 496 743 550 possit.
806 495 958 551 Quare,
988 499 1036 537 ut
1069 499 1166 537 ante
1200 497 1298 552 dixi,
1329 497 1515 552 primum

175 553 282 594 silva
313 568 455 595 rerum
490 556 556 606 [ac
583 554 907 606 sententiarum]
936 556 1221 609 comparanda
1247 559 1325 610 est,
1357 571 1441 609 qua
1466 556 1515 597 de

174 615 294 666 parte
340 612 446 653 dixit
488 612 717 654 Antonius.
790 612 907 654 Haec
951 613 1176 654 formanda
1217 614 1290 655 filo
1333 614 1428 668 ipso
1473 617 1516 655 et

176 684 328 725 genere
350 671 569 725 orationis,
588 671 867 712 illuminanda
887 671 1041 726 verbis,
1055 672 1258 713 varianda
1279 672 1515 714 sententiis.

294 727 470 770 Summa
489 732 632 770 autem
651 730 743 770 laus
765 730 1032 783 eloquentiae
1054 734 1118 771 est
1139 731 1399 785 amplificare
1424 742 1585 772 rem104

176 788 385 841 ornando,
423 788 536 841 quod
566 788 680 829 valet
710 802 798 828 non
829 788 968 829 solum
1001 789 1053 829 ad
1079 790 1321 844 augendum
1353 789 1516 843 aliquid

175 848 218 886 et
248 845 485 886 tollendum
510 846 638 887 altius
665 846 841 888 dicendo
869 847 941 887 sed
967 847 1097 888 etiam
1124 848 1176 888 ad
1201 848 1515 889 extenuandum

176 906 303 957 atque
332 904 609 945 abiciendum.
656 905 706 945 Id
733 905 996 945 desideratur
1022 906 1220 946 omnibus
1246 906 1299 947 iis
1325 906 1371 946 in
1396 906 1583 960 loeis,27

176 976 282 1015 quos
315 962 368 1003 ad
399 963 527 1003 fidem
559 963 766 1004 orationis
798 963 1036 1004 faciendam
1068 964 1261 1005 adhiberi
1293 964 1400 1005 dixit
1430 964 1515 1005 An—

175 1020 332 1072 tonius,
363 1021 430 1062 vel
462 1036 559 1062 cum
591 1021 865 1076 explanamus
899 1021 1059 1076 aliquid
1090 1022 1157 1063 vel
1190 1037 1287 1063 cum
1319 1022 1515 1064 concilia-

175 1093 269 1120 mus
302 1079 467 1120 animos
498 1080 565 1120 vel
598 1095 695 1121 cum
726 1080 1002 1121 concitamus.
1067 1080 1149 1122 Sed
1180 1081 1226 1121 in
1263 1081 1363 1135 hoc,
1401 1081 1584 1134 quod105

173 1140 439 1191 postremum
471 1138 574 1192 dixi,
607 1138 883 1192 amplificatio
916 1141 1060 1192 potest
1091 1139 1343 1193 plurimum,
1382 1154 1514 1193 eaque

174 1210 258 1236 una
283 1195 376 1236 laus
405 1196 587 1237 oratoris
615 1200 679 1237 est
706 1200 747 1237 et
772 1196 946 1251 propria
965 1197 1160 1238 maxime.
1205 1197 1352 1238 Etiam
1376 1198 1514 1241 maior

175 1256 240 1294 est
270 1254 346 1294 illa
377 1254 644 1308 exercitatio,
682 1269 809 1308 quam
848 1258 1038 1296 extremo
1077 1270 1271 1297 sermone
1309 1256 1515 1297 instruxit

176 1311 390 1353 Antonius
440 1313 578 1367 primo
628 1313 850 1367 reiciebat,
897 1313 1097 1354 laudandi
1147 1317 1190 1355 et
1233 1314 1514 1368 vituperandi.

174 1369 296 1410 Nihil
339 1373 404 1411 est
448 1371 561 1412 enim
604 1371 655 1411 ad
700 1372 1041 1426 exaggerandam
1084 1375 1127 1412 et
1171 1372 1513 1426 amplificandam

176 1428 414 1470 orationem
441 1429 756 1470 accomodatius
785 1444 912 1482 quam
937 1433 1166 1483 utrumque
1190 1430 1345 1471 horum
1372 1446 1514 1472 cumu-

173 1486 381 1527 latissime
419 1487 557 1528 facere
595 1502 730 1541 posse.
794 1486 1118 1541 Consequentur
1155 1488 1285 1529 etiam
1322 1488 1387 1529 illi
1418 1489 1583 1543 loci,106

174 1545 247 1598 qui
288 1559 546 1599 quamquam
592 1545 755 1600 proprii
802 1561 1025 1587 causarum
1068 1549 1111 1587 et
1153 1546 1424 1587 inhaerentes
1468 1547 1515 1587 in

174 1618 320 1644 earum
351 1604 491 1644 nervis
524 1619 615 1645 esse
648 1604 819 1655 debent,
851 1607 995 1645 tamen
1028 1604 1128 1658 quia
1158 1605 1208 1645 de
1239 1605 1438 1646 universa
1468 1620 1513 1646 re

172 1662 350 1703 tractari
382 1662 533 1717 solent,
565 1677 810 1703 communes
844 1665 878 1703 a
900 1663 1115 1704 veteribus
1149 1663 1362 1704 nominati
1394 1667 1512 1718 sunt,

173 1734 355 1773 quorum
386 1720 545 1774 partim
575 1721 736 1762 habent
768 1721 971 1761 vitiorum
996 1724 1038 1762 et
1064 1724 1339 1775 peccatorum
1372 1737 1512 1763 acrem

173 1779 386 1831 quandam
406 1793 502 1820 cum
516 1779 847 1833 amplificatione
866 1779 1180 1820 incusationem
1195 1783 1269 1821 aut
1284 1780 1512 1834 querelam,

174 1840 323 1877 contra
354 1851 482 1890 quam
513 1837 597 1878 dici
627 1837 736 1877 nihil
769 1837 878 1878 solet
908 1852 985 1879 1100
1024 1841 1187 1892 potest,
1224 1841 1273 1879 ut
1309 1838 1354 1878 in
1392 1839 1513 1892 depe-

174 1894 429 1949 culatorem,
465 1895 511 1936 in
546 1896 827 1950 proditorem,
862 1895 908 1936 111
943 1896 1218 1950 parricidam,
1256 1896 1409 1950 quibus
1447 1897 1512 1937 uti

173 1953 436 1994 confirmatis
469 1953 717 1994 criminibus
745 1956 926 2008 oportet,
958 1954 1083 1994 aliter
1109 1954 1222 1995 enim
1246 1954 1380 1995 ieiuni
1412 1958 1511 1996 sunt

174 2013 301 2065 atque
341 2011 506 2066 inanes3
549 2012 621 2052 alii
663 2015 807 2053 autem
845 2012 1006 2052 habent
1050 2012 1393 2066 deprecationem
1438 2016 1579 2053 aut107

173 2069 508 2123 miserationem3
558 2070 631 2110 alii
679 2084 778 2111 vero
830 2070 1036 2124 ancipites
1087 2071 1418 2125 disputationes,
1465 2071 1511 2111 in

173 2127 327 2180 quibus
361 2127 409 2167 de
442 2128 639 2169 universo
667 2142 819 2183 genere
845 2129 890 2168 in
915 2131 1140 2183 utramque
1165 2132 1333 2183 partem
1360 2129 1510 2170 disseri

174 2185 345 2239 copiose
377 2185 489 2226 licet.
550 2185 665 2234 Quae
698 2186 947 2227 exercitatio
979 2201 1092 2228 nunc
1123 2187 1298 2241 propria
1330 2188 1509 2228 duarum

171 2243 560 2298 philosophiarum,
600 2244 649 2284 de
690 2244 844 2297 quibus
882 2247 981 2285 ante
1019 2245 1124 2300 dixi,
1163 2249 1358 2299 putatur,
1399 2245 1510 2298 apud

173 2301 372 2354 antiquos
405 2304 495 2342 erat
527 2316 686 2357 eorum,
717 2317 742 2343 a
773 2302 928 2356 quibus
961 2303 1098 2344 omnis
1131 2304 1181 2344 de
1213 2304 1340 2344 rebus
1372 2302 1510 2342 foren-
