1643 2526
152 887 170 916 μ

618 536 667 572 Μ.
694 536 833 571 TULLI
859 535 1110 571 CICERONIS

689 643 1038 697 ORATOR.

315 840 471 881 Utrum
522 840 737 881 difficilius
783 844 857 882 aut
900 840 1036 882 maius
1087 843 1199 882 esset
1247 855 1404 897 negare
1453 841 1533 882 tibi

198 899 366 953 saepius
397 900 511 940 idem
542 899 714 954 roganti
747 913 801 940 an
833 899 998 940 efficere
1035 899 1080 940 id
1111 899 1223 953 quod
1254 914 1429 955 rogares
1461 900 1534 940 diu

198 958 478 1012 multumque,
508 957 654 1012 Brute,
687 957 890 998 dubitavi.
933 957 1046 998 Nam
1078 961 1120 998 et
1150 972 1306 1013 negare
1338 958 1376 999 ei
1409 973 1533 1012 quem

197 1016 320 1057 unice
353 1016 573 1071 diligerem
612 1016 762 1069 cuique
800 1031 866 1057 me
898 1016 1165 1057 carissimum
1196 1031 1287 1057 esse
1320 1017 1534 1071 sentirem,

197 1075 449 1129 praesertim
476 1078 518 1115 et
543 1075 657 1115 iusta
676 1074 838 1128 petenti
860 1077 901 1115 et
920 1075 1137 1128 praeclara
1156 1075 1356 1129 cupienti,
1382 1075 1533 1115 durum

200 1133 429 1173 admodum
468 1132 573 1173 mihi
614 1132 856 1185 videbatur,
894 1136 936 1173 et
977 1133 1189 1186 suscipere
1227 1136 1393 1174 tantam
1431 1148 1533 1187 rem,

201 1194 404 1244 quantam
441 1205 528 1231 non
566 1191 692 1231 modo
729 1190 934 1231 facultate
973 1191 1173 1245 consequi
1212 1191 1383 1232 difficile
1422 1194 1533 1232 esset

201 1250 273 1290 sed
305 1250 435 1290 etiam
474 1249 735 1304 cogitatione
775 1249 1019 1303 complecti,
1054 1249 1125 1289 vix
1164 1249 1404 1290 arbitrabar
1441 1264 1533 1290 esse

201 1308 290 1348 eius
335 1308 407 1361 qui
457 1311 673 1348 vereretur
721 1307 1095 1361 reprehensionem
1138 1308 1362 1348 doctorum
1406 1310 1532 1362 atque

199 1366 482 1420 prudentium.
545 1366 654 1413 Quid
687 1366 798 1407 enim
832 1369 896 1406 est
927 1366 1064 1406 maius
1098 1380 1242 1420 quam,
1280 1381 1376 1407 cum
1413 1369 1533 1407 tanta

201 1425 256 1465 sit
286 1425 400 1465 inter
438 1428 628 1465 oratores
667 1424 802 1465 bonos
844 1424 1166 1478 dissimilitudo,
1202 1424 1389 1466 iudicare
1427 1439 1533 1479 quae

200 1483 256 1523 sit
289 1483 451 1537 optima
478 1483 638 1537 species
666 1486 708 1524 et
734 1483 855 1536 quasi
881 1483 1019 1537 figura
1044 1483 1238 1524 dicendi?
1288 1482 1408 1531 Quod
1435 1497 1535 1536 quo-

198 1542 314 1582 niam
346 1556 412 1582 me
445 1542 613 1595 saepius
638 1555 779 1596 rogas,
810 1541 1034 1595 aggrediar
1058 1555 1144 1581 non
1169 1544 1258 1582 tam
1283 1541 1534 1595 perficiundi

200 1614 273 1653 spe
295 1614 421 1653 quam
442 1600 689 1653 experiundi
715 1599 953 1653 voluntate3
978 1599 1091 1640 malo
1119 1599 1243 1653 enim,
1269 1614 1364 1640 cum
1391 1599 1532 1640 studio

200 1661 275 1698 tuo
309 1658 390 1698 sim
423 1658 670 1711 obsecutus,
701 1657 930 1698 desiderari
963 1672 986 1698 a
1018 1660 1059 1698 te
1090 1657 1361 1711 prudentiam
1393 1672 1531 1698 meam

200 1730 340 1769 quam,
372 1716 407 1756 si
438 1716 482 1756 id
511 1730 599 1756 non
629 1715 814 1769 fecerim,
845 1715 1186 1756 benivolentiam.

317 1773 492 1822 Quaeris
519 1774 654 1828 igitur
677 1773 802 1826 idque
822 1773 908 1814 iam
929 1774 1109 1827 saepius,
1134 1773 1246 1827 quod
1266 1773 1532 1827 eloquentiae

201 1846 333 1887 genus
370 1833 549 1885 probem
586 1832 768 1872 maxime
809 1835 851 1872 et
890 1831 1012 1885 quale
1050 1831 1155 1872 mihi
1186 1831 1380 1872 videatur
1415 1832 1533 1886 illud,

200 1905 283 1943 quo
315 1890 422 1931 nihil
456 1890 552 1931 addi
583 1890 733 1944 possit,
764 1889 877 1943 quod
903 1904 982 1944 ego
1010 1905 1223 1931 summum
1249 1894 1291 1931 et
1315 1890 1533 1944 perfectis-

199 1949 355 1989 simum
393 1949 587 1990 iudicem.
648 1948 699 1989 In
741 1963 823 2002 quo
865 1962 1012 1988 vereor
1051 1963 1121 2003 ne,
1163 1948 1198 1989 si
1236 1948 1280 1989 id
1318 1949 1430 2002 quod
1467 1948 1530 1989 vis

199 2007 375 2047 effecero
417 2021 597 2060 eumque
639 2009 851 2047 oratorem
895 2020 1020 2071 quem
1065 2007 1231 2060 quaeris
1275 2021 1533 2061 expressero,

198 2065 362 2105 tardem
401 2065 541 2105 studia
579 2065 831 2118 multorum,
873 2064 944 2118 qui
985 2065 1278 2118 desperatione
1319 2064 1531 2105 debilitati

199 2122 379 2177 experiri
421 2123 466 2163 id
508 2123 655 2164 nolent
700 2123 812 2187 quod
857 2136 899 2163 se
946 2123 1115 2188 assequi
1157 2137 1282 2177 posse
1326 2122 1531 2163 diffidant.

151 2191 173 2222 4
200 2180 281 2222 Sed
312 2195 390 2235 par
422 2184 486 2222 est
519 2181 656 2222 omnis
691 2180 833 2221 omnia
865 2181 1058 2235 experiri,
1089 2181 1161 2235 qui
1187 2196 1253 2222 res
1280 2195 1457 2236 magnas
1490 2184 1532 2222 et

199 2254 356 2295 magno
385 2253 510 2293 opere
538 2239 792 2293 expetendas
814 2239 1157 2293 concupiverunt.
1202 2239 1324 2288 Quod
1350 2239 1385 2280 si
1406 2253 1531 2293 quem

199 2277 298 2339 autO
303 2301 458 2340 natura
490 2312 566 2339 sua
605 2300 678 2338 aut
715 2297 790 2338 illa
826 2298 1084 2351 praestantis
1122 2297 1283 2353 ingenii
1319 2297 1383 2338 vis
1420 2297 1531 2338 forte

1553 1383 1586 1408 10

1553 1674 1643 1716 15η

1551 1964 1584 1990 20

1551 2255 1584 2280 25
