1643 2526
369 71 510 107 LIBER
534 73 561 108 1.
611 71 710 107 OAP.
737 76 887 109 24—26.
938 77 957 116 g
985 76 1181 109 110—118.
1388 73 1444 115 27

105 170 248 209 motus
279 182 370 209 esse
408 167 580 223 debent,
617 167 689 222 qui
727 170 770 209 et
808 168 861 209 ad
891 168 1222 223 excogitandum
1254 168 1369 210 acuti
1402 171 1446 211 et

105 226 157 267 ad
189 226 486 280 explicandum
524 226 843 280 ornandumque
882 226 968 267 sint
1006 227 1157 268 uberes
1195 229 1238 268 et
1276 227 1328 268 ad
1360 241 1444 268 me-

105 284 286 325 moriam
315 284 428 325 firmi
461 288 587 339 atque
619 284 826 339 diuturni,
858 287 901 325 et
934 284 969 325 si
997 285 1091 338 quis
1124 287 1202 340 est,
1233 285 1305 339 qui
1337 285 1514 327 haecll4

104 345 228 396 putat
260 345 349 384 arte
383 343 516 396 accipi
547 357 672 397 posse
708 367 757 372 —
793 342 906 397 quod
931 343 1086 384 falsum
1114 346 1196 398 est,
1226 343 1443 398 praeclare

68 415 84 442 5
105 400 217 442 enim
248 415 315 442 res
357 415 400 442 se
438 401 614 456 habeat,
651 401 687 442 si
723 401 829 442 haec
867 401 1039 442 accendi
1072 405 1146 442 aut
1179 402 1442 443 commoveri

105 461 195 500 arte
237 459 423 513 possint,
465 459 595 500 inseri
640 459 809 513 quidem
853 462 895 500 61
939 459 1087 500 donari
1132 460 1184 501 ab
1225 463 1314 501 arte
1355 474 1443 501 non

102 520 302 572 possunt,
335 517 478 558 omnia
510 520 608 558 sunt
640 517 753 558 enim
784 517 860 558 illa
891 517 1001 558 dona
1031 520 1210 559 naturae
1245 542 1311 571 -—,
1343 518 1444 572 quid

104 575 153 616 de
184 575 270 616 illis
297 575 445 628 dicam,
478 589 584 629 quae
611 578 724 617 certe
750 590 846 617 cum
877 575 972 630 ipso
998 576 1170 617 homine
1196 579 1443 631 nascuntur,

102 633 274 688 linguae
314 633 471 675 solutio
509 634 626 675 vocis
665 648 794 675 sonus
831 634 967 675 latera
1006 634 1117 675 vires
1156 634 1441 675 conformatio

51 708 84 733 10
104 692 310 745 quaedam
335 695 378 733 et
402 693 541 747 figura
567 692 702 733 totius
724 692 809 733 oris
831 696 873 733 et
893 693 1113 747 corporis?
1157 691 1306 746 Neque
1328 693 1511 734 6111111115

102 750 206 791 11360
242 750 306 791 113
342 750 455 804 (1160,
492 753 540 791 111
578 765 646 791 ars
685 751 850 805 aliquos
891 751 1040 791 limare
1080 765 1166 792 non
1205 751 1344 805 possit
1384 776 1443 780 —

101 823 239 862 neque
279 808 393 849 enim
432 809 584 863 ignoro
626 812 669 849 et
709 823 815 862 quae
853 809 967 850 bona
1008 809 1094 850 sint
1131 809 1224 850 fieri
1264 809 1442 850 meliora

102 881 227 921 posse
260 866 453 908 doctrina
484 870 526 908 et
558 881 664 921 quae
697 867 859 921 optima
883 881 981 921 non,
1012 867 1155 920 aliquo
1188 868 1314 908 modo
1347 867 1442 908 acui

102 928 248 966 tamen
278 928 321 966 et
353 925 510 979 corrigi
546 939 672 978 posse
708 949 778 980 —,
810 925 883 966 sed
920 928 1020 966 sunt
1058 925 1230 979 quidam
1269 928 1343 966 aut
1378 925 1442 966 ita

51 999 84 1025 15
102 983 251 1038 lingua
280 983 541 1024 haesitantes
580 986 654 1024 aut
689 982 752 1024 ita
788 997 889 1024 voce
922 983 1073 1024 absoni
1111 986 1185 1024 aut
1221 984 1284 1025 ita
1320 983 1441 1025 voltu

103 1045 307 1095 motuque
351 1041 541 1096 corporis
584 1041 696 1083 vasti
740 1044 867 1095 atque
911 1044 1119 1096 agrestes,
1162 1044 1228 1096 ut,
1272 1042 1441 1083 etiamsi

101 1100 285 1155 ingeniis
318 1103 445 1153 atque
478 1102 569 1140 arte
599 1099 782 1153 valeant,
813 1102 957 1141 tamen
981 1099 1027 1140 in
1053 1102 1273 1141 oratorum
1297 1114 1441 1141 nume-

102 1173 198 1199 rum
229 1158 372 1199 venire
403 1172 492 1198 non
522 1158 699 1211 possint.
764 1157 873 1199 Sunt
912 1160 1055 1198 autem
1088 1158 1260 1212 quidam
1296 1158 1359 1199 ita
1394 1158 1442 1199 in
1501 1162 1508 1165 “

100 1216 236 1257 isdem
266 1216 392 1257 rebus
424 1215 602 1271 habiles,
631 1215 694 1257 ita
724 1219 901 1257 naturae
933 1216 1181 1257 muneribus
1209 1217 1361 1271 ornati,
1392 1219 1440 1257 ut

49 1291 83 1316 20
101 1288 189 1315 non
235 1274 328 1315 nati
376 1274 449 1315 sed
498 1274 550 1315 ab
601 1274 743 1328 aliquo
793 1275 870 1315 deo
920 1274 1009 1315 dati
1065 1289 1156 1316 esse
1205 1275 1439 1316 videantur.

102 1332 309 1387 Magnum
340 1332 552 1385 quoddam
578 1335 642 1372 est
669 1347 775 1373 onus
803 1335 929 1385 atque
955 1347 1110 1373 munus
1137 1333 1351 1386 suscipere
1379 1336 1508 1374 at-116

103 1405 183 1444 que
208 1390 401 1444 profiteri
421 1404 464 1431 se
492 1404 582 1431 esse
610 1390 806 1430 omnibus
834 1390 1059 1431 silentibus
1084 1405 1217 1431 unum
1242 1391 1439 1432 maximis

103 1449 152 1489 de
196 1449 322 1489 rebus
365 1462 521 1503 magno
566 1448 612 1488 in
655 1451 866 1490 conventu
907 1448 1130 1489 hominum
1173 1449 1439 1490 audiendum.

101 1506 237 1548 Adest
267 1507 380 1547 enim
411 1506 498 1547 fere
523 1521 661 1561 nemo,
693 1506 795 1560 quin
821 1507 986 1548 acutius
1015 1510 1142 1560 atque
1170 1507 1307 1548 acrius
1334 1507 1440 1548 vitia

50 1581 83 1607 25
102 1565 147 1605 in
178 1565 342 1606 dicente
369 1579 496 1618 quam
521 1568 638 1606 recta
662 1565 814 1605 videat.
858 1565 927 1605 Ita
953 1565 1155 1618 quicquid
1180 1568 1257 1619 est,
1282 1565 1328 1605 in
1354 1579 1437 1619 quo

104 1623 350 1677 offenditur,
385 1623 429 1663 id
461 1623 591 1664 etiam
621 1623 713 1677 illa,
746 1637 850 1676 quae
882 1623 1093 1664 laudanda
1125 1626 1246 1678 sunt,
1283 1623 1439 1664 obruit.

102 1680 251 1734 Neque
282 1681 386 1722 haec
416 1681 462 1721 in
502 1696 595 1722 eam
633 1681 889 1722 sententiam
927 1681 1117 1735 disputo,
1157 1684 1206 1722 ut
1242 1681 1506 1723 hominesn?

104 1739 406 1793 adulescentes,
420 1739 456 1780 si
477 1739 577 1793 quid
596 1739 790 1780 naturale
810 1739 921 1780 forte
941 1753 1028 1780 non
1046 1739 1245 1794 habeant,
1265 1740 1438 1780 omnino

104 1813 129 1839 a
171 1797 336 1839 dicendi
380 1797 520 1838 studio
565 1798 810 1838 deterream.
884 1797 988 1846 Quis
1033 1797 1146 1838 enim
1194 1812 1281 1839 non
1324 1798 1440 1839 videt

51 1872 85 1897 30
104 1853 148 1896 O.
175 1853 338 1909 Coelio,
376 1855 541 1909 aequali
573 1870 686 1910 11160,
716 1870 872 1910 magno
904 1855 1056 1896 honori
1088 1856 1238 1909 fuisse,
1274 1856 1440 1897 homini

103 1927 228 1968 novo,
257 1913 376 1954 illam
405 1913 556 1968 ipsam,
587 1928 929 1967 quamquomque
956 1913 1130 1967 adsequi
1161 1914 1364 1968 potuerit,
1393 1914 1439 1954 in

104 1971 280 2013 dicendo
301 1971 666 2013 mediocritatem?
705 1972 809 2020 Quis
828 1974 1018 2012 vestrum
1038 1971 1270 2026 aequalem,
1289 1971 1336 2020 Q.
1356 1971 1440 2013 Va-

103 2029 232 2081 rium,
270 2032 440 2071 vastum
469 2030 686 2071 hominem
718 2033 844 2083 atque
876 2030 1066 2083 foedum,
1102 2044 1188 2070 non
1225 2030 1439 2085 intellegit

102 2087 178 2129 illa
207 2087 302 2142 ipsa
332 2087 550 2143 facultate,
580 2102 890 2141 quamcumque
920 2088 1083 2142 habuit,
1114 2102 1316 2143 magnam
1347 2102 1437 2129 esse
1452 2112 1507 2152 26

51 2145 353 2190 35incivitate
387 2146 570 2199 gratiam
602 2145 906 2187 consecutum?
952 2144 1034 2186 Sed
1060 2146 1160 2199 quia
1185 2146 1234 2187 de
1268 2149 1508 2210 oratore118

105 2203 360 2257 quaerimus,
378 2203 601 2258 fingendus
622 2207 687 2245 est
706 2204 830 2245 nobis
853 2204 1045 2245 oratione
1065 2206 1215 2245 nostra
1235 2203 1437 2245 detractis

104 2261 302 2303 omnibus
342 2261 458 2302 vitiis
503 2265 647 2303 orator
690 2265 817 2316 atque
862 2262 978 2304 omni
1020 2262 1144 2303 laude
1183 2261 1439 2303 cumulatus.
