1643 2526
506 109 606 144 CAP.
634 112 781 144 27—29.
833 112 852 150 ξ
879 112 1052 144 95-101.
1363 110 1450 150 413

110 220 190 259 que
223 205 313 247 eius
346 205 516 259 quidem
549 204 714 261 generis
745 204 842 245 finis
875 207 940 245 est
972 204 1184 259 aequitas3
1226 219 1332 258 quae
1364 219 1451 246 non

111 264 362 318 simpliciter
383 267 601 318 spectatur
616 264 689 305 sed
703 278 753 304 ex
767 263 1086 317 comparatione
1105 277 1192 304 non
1204 277 1452 318 numquam,

109 325 158 363 ut
189 337 286 363 611111
318 323 367 363 (16
399 322 621 363 verissimo
662 324 907 363 accusatore
946 321 1210 375 disceptatur
1248 325 1322 362 aut
1354 336 1451 363 cum

108 380 358 422 hereditatis
391 381 482 422 sine
513 381 606 435 lege
639 384 713 422 aut
745 380 834 421 sine
866 383 1125 421 testamento
1163 380 1326 434 petitur
1355 395 1451 435 pos-

74 457 90 481 5
111 439 262 494 36331ος
287 439 332 479 111
352 439 506 493 quibus
528 439 666 480 causis
688 438 790 493 quid
809 439 985 492 aequius
1004 442 1130 493 atque
1145 439 1450 492 aequissimum

110 497 167 538 sit
193 498 422 552 quaeritur,
449 513 552 549 quas
579 498 631 538 ad
657 511 806 539 causas
832 497 1014 538 facultas
1041 497 1202 551 petitur
1228 512 1450 552 argumen—

108 555 322 597 tationum
367 571 417 597 ex
456 556 530 611 iis,
573 557 623 597 de
662 556 816 610 quibus
857 570 957 596 mox
995 556 1177 609 dicetur,
1221 556 1450 610 aequitatis

108 614 224 655 10613.
274 614 418 668 Atque
445 615 574 655 etiam
600 617 697 656 ante
722 614 926 655 iudicium
952 615 1002 655 de
1029 614 1328 655 constituendo
1354 615 1449 668 ipso
1475 625 1518 656 99

106 672 264 714 iudicio
301 673 411 714 solet
449 687 539 714 esse
578 673 814 727 contentio,
852 688 947 714 cum
980 676 1054 713 aut
1087 672 1196 713 sitne
1230 673 1342 714 act-io
1374 673 1450 727 1111,

56 750 88 773 10
108 731 182 784 qui
214 731 317 786 agit,
349 735 423 772 aut
452 732 592 772 iamne
626 732 682 772 sit
713 735 786 772 aut
817 746 920 772 num
945 731 1032 772 iam
1059 746 1150 772 esse
1177 731 1349 772 desierit
1376 735 1449 772 aut

106 789 234 830 illane
278 790 390 844 lege,
433 790 554 831 hisne
598 790 740 830 verbis
783 790 838 830 sit
883 790 995 831 actio
1041 790 1269 843 quaeritur.
1332 789 1448 838 Quae

107 848 238 889 etiam
266 848 301 888 si
334 851 431 889 ante
464 863 591 902 quam
622 863 689 889 res
715 849 760 888 in
790 848 995 890 iudicium
1026 848 1144 889 venit
1176 852 1250 889 aut
1282 863 1448 890 concer-

107 909 199 947 tata
231 910 305 948 aut
343 907 574 948 diiudicata
611 910 685 948 aut
724 907 917 948 confecta
953 921 1040 948 non
1073 910 1190 961 sunt,
1228 911 1372 948 tamen
1403 907 1447 947 in

105 964 210 1019 ipsis
247 965 415 1006 iudiciis
452 980 734 1020 permagnum
773 980 896 1019 saepe
931 966 1092 1006 habent
1123 966 1307 1019 pondus,
1351 980 1448 1007 cum

55 1041 86 1065 15
105 1022 167 1064 ita
207 1023 378 1064 dicitur:
428 1023 531 1064 Plus
574 1024 740 1078 petisti,
785 1038 877 1064 sero
919 1023 1084 1078 petisti3
1127 1038 1214 1065 non
1251 1024 1333 1065 fuit
1373 1028 1447 1066 tua

105 1082 277 1137 petitio,
307 1096 395 1122 non
427 1097 451 1122 a
482 1097 560 1135 me,
592 1097 679 1122 non
709 1082 788 1123 hac
820 1083 926 1137 lege,
956 1097 1044 1123 non
1075 1082 1142 1123 1113
1175 1083 1328 1136 verbis,
1360 1098 1446 1124 non

104 1140 186 1181 hoc
217 1140 385 1181 iudicio.
448 1139 636 1188 Quarum
669 1155 892 1181 causarum
925 1155 1058 1196 genus
1086 1144 1150 1182 est
1180 1141 1371 1194 positum
1402 1141 1516 1183 111100

103 1198 195 1239 iure
215 1198 342 1253 civili,
368 1199 481 1252 quod
507 1202 572 1240 est
596 1199 641 1239 111
666 1199 930 1253 privatarum
951 1203 993 1240 et
1011 1199 1281 1254 publicarum
1303 1214 1445 1241 rerum

104 1257 198 1312 lege
225 1260 298 1297 aut
324 1271 440 1298 more
466 1257 674 1312 positum3
707 1258 826 1299 cuius
853 1258 1031 1299 scientia
1055 1258 1253 1312 neglecta
1279 1259 1331 1299 ab
1357 1273 1445 1299 ora-

54 1333 88 1358 20
105 1315 272 1356 toribus
297 1315 511 1369 plerisque
536 1316 661 1356 nobis
682 1316 734 1357 ad
755 1316 977 1357 dicendum
1002 1317 1243 1357 necessaria
1268 1317 1443 1357 videtur.

106 1372 244 1422 Quare
284 1374 333 1414 de
373 1374 683 1415 constituendis
716 1374 976 1427 actionibus,
1013 1375 1062 1415 de
1101 1375 1316 1429 capiendis
1350 1376 1445 1416 sub—

104 1432 305 1473 eundisve
337 1432 519 1486 iudiciis,
550 1433 599 1473 de
632 1432 878 1486 excipienda
908 1433 1136 1488 iniquitate
1169 1433 1363 1488 actionis,
1395 1434 1443 1475 (16

106 1491 390 1544 comparanda
422 1491 650 1545 aequitate,
682 1491 795 1545 quod
820 1506 869 1532 ea
894 1492 981 1532 fere
1009 1492 1176 1546 generis
1209 1492 1299 1533 eius
1334 1496 1445 1546 sunt,

105 1552 172 1602 ut,
216 1563 473 1602 quamquam
510 1549 555 1589 in
592 1550 732 1603 ipsum
768 1550 973 1590 iudicium
1013 1565 1137 1604 saepe
1179 1550 1446 1605 delabuntur,

53 1624 85 1649 25
106 1610 250 1648 tamen
289 1610 386 1648 ante
421 1607 626 1649 iudicium
658 1608 881 1649 tractanda
911 1608 1152 1662 videantur,
1189 1609 1365 1663 paulum
1397 1623 1446 1650 ea

106 1680 255 1719 separo
294 1681 318 1706 a
354 1665 522 1707 iudiciis
559 1669 751 1720 tempore
791 1666 928 1721 magis
969 1667 1121 1721 agendi
1161 1682 1288 1720 quam
1326 1667 1446 1708 dissi-

104 1724 344 1764 militudine
385 1725 562 1779 generis.
623 1724 736 1766 Nam
775 1725 934 1779 omnia,
975 1740 1083 1779 quae
1121 1726 1170 1766 de
1201 1726 1292 1766 iure
1331 1726 1444 1767 civili

106 1785 180 1822 aut
217 1782 267 1822 de
305 1796 438 1835 aequo
477 1787 519 1823 et
562 1783 676 1824 bono
720 1783 1030 1838 disceptantur,
1075 1784 1231 1825 cadunt
1268 1784 1314 1824 in
1353 1799 1445 1825 63111

105 1840 290 1881 formam
321 1855 563 1895 causarum,
598 1841 645 1882 in
682 1856 765 1895 qua
803 1842 926 1895 quale
965 1842 1066 1895 quid
1104 1842 1160 1883 sit
1199 1842 1446 1897 ambigitur,

53 1916 88 1941 30
108 1898 158 1939 de
191 1912 273 1951 qua
311 1897 465 1939 dicturi
505 1913 669 1953 sumus,
713 1914 819 1953 quae
856 1899 901 1940 in
939 1900 1154 1953 aequitate
1192 1904 1234 1941 et
1270 1901 1316 1941 in
1352 1900 1443 1941 iure

107 1956 289 1997 maxime
322 1956 529 1997 consistit.
590 1957 640 1997 In
673 1958 868 1998 omnibus
901 1958 1035 2012 igitur
1060 1958 1199 1999 causis
1231 1962 1318 2000 tres
1345 1962 1444 2000 sunt

107 2015 276 2069 gradus,
308 2029 358 2054 ex
385 2015 537 2068 quibus
565 2030 674 2056 unus
707 2016 839 2070 aliqui
872 2016 1100 2070 capiendus
1133 2020 1210 2071 est,
1241 2017 1278 2058 si
1308 2017 1443 2071 pluris

105 2087 193 2113 11011
219 2086 361 2126 (111633,
387 2073 439 2113 3(1
463 2073 757 2115 resistendum.
806 2073 919 2115 Nam
945 2078 1019 2115 aut
1043 2075 1106 2116 ita
1125 2075 1444 2116 consistendum

106 2134 184 2184 est,
215 2133 264 2170 ut
287 2130 343 2184 id,
375 2144 457 2183 quo
485 2131 533 2171 de
560 2132 715 2186 agitur,
744 2133 907 2174 factum
938 2147 1068 2188 neges
1101 2137 1187 2188 aut,
1219 2134 1255 2174 si
1280 2134 1444 2175 factum

53 2206 87 2230 35
106 2188 286 2241 fateare,
328 2202 457 2242 neges
496 2203 589 2230 eam
625 2190 712 2231 vim
748 2190 904 2232 habere
943 2194 1070 2245 atque
1101 2192 1146 2232 id
1177 2206 1287 2245 esse,
1331 2192 1443 2245 quod

108 2245 372 2287 adversarius
411 2246 674 2302 criminetur,
715 2252 806 2303 aut,
844 2249 879 2289 si
910 2264 1046 2303 neque
1078 2250 1128 2290 de
1159 2250 1275 2290 facto
1306 2263 1442 2303 neque

107 2305 157 2344 de
188 2304 292 2345 facti
324 2304 606 2358 appeHatione
639 2307 800 2361 ambigi
830 2310 986 2361 potest,
1020 2308 1076 2361 id,
1107 2308 1219 2360 quod
1252 2321 1443 2361 arguare,

1460 1937 1513 1977 29

1450 2006 1512 2036 101
