1643 2526
353 115 497 150 LIBER
522 114 566 150 ΙΙ.
617 113 719 149 ΟΑΡ.
748 116 899 149 74—75.
937 117 955 155 ξ
983 116 1180 148 296—303.
1352 113 1436 155 145

97 225 142 253 se
172 210 448 266 traditurum3
489 224 619 263 quom
649 209 721 250 ille
754 207 992 263 quaesisset
1023 208 1227 262 quidnam
1262 208 1338 249 illa
1369 223 1438 250 ars

96 269 263 311 efficere
294 271 458 324 posset,
489 268 646 310 dixisse
676 268 800 309 illum
832 267 1068 320 doctorem,
1099 269 1148 308 ut
1180 267 1324 308 omnia
1356 281 1440 308 me-

97 327 309 382 minisset,
343 329 419 379 [et]
448 327 486 368 ei
508 326 841 368 Themistoclem
866 325 1136 380 respondisse
1163 325 1330 380 gratius
1352 325 1439 366 sibi

96 386 219 427 illum
250 400 341 427 esse
372 385 600 440 facturum,
640 385 676 427 si
708 399 752 426 se
785 383 980 426 oblivisci
1013 398 1120 437 quae
1151 384 1280 425 vellet
1312 398 1440 438 quam

62 463 79 489 5
98 444 135 486 si
166 444 411 486 meminisse
449 444 673 486 docuisset.
735 442 922 484 Videsne
955 457 1063 496 quae
1094 442 1158 484 vis
1190 442 1236 483 in
1265 443 1510 485 homine-«2300

98 502 293 545 acerrimi
323 502 498 558 ingenii,
529 517 657 556 quam
687 504 841 556 potens
870 503 913 542 et
939 503 1099 555 quanta
1129 515 1249 542 mens
1281 500 1440 542 fuerit?

99 562 171 616 qui
201 561 264 602 ita
296 561 582 615 responderit,
618 563 667 601 ut
703 559 953 614 intellegere
990 574 1213 614 possemus
1250 559 1358 600 nihil
1390 573 1441 600 ex

96 619 212 661 illius
234 619 389 674 animo,
408 619 522 673 quod
542 619 672 660 semel
691 621 804 660 esset
822 618 1026 672 infusum,
1043 632 1247 671 umquam
1268 618 1440 659 effluere

97 678 305 733 potuisse3
350 692 479 732 quom
517 677 688 731 quidem
725 677 763 718 ei
799 676 929 717 fuerit
970 676 1203 731 optabilius
1245 675 1442 718 oblivisci

47 755 81 781 ιο
99 751 225 791 posse
256 736 401 790 potius
429 736 542 790 quod
572 735 817 777 meminisse
848 734 984 776 nollet
1011 750 1139 789 quam
1166 735 1279 788 quod
1311 734 1441 776 semel

100 795 289 836 audisset
313 795 542 836 vidissetve
572 794 829 835 meminisse.
893 792 975 834 Sed
999 807 1135 847 neque
1162 796 1337 847 propter
1361 793 1443 835 hoc

98 853 378 894 Themistocli
415 867 667 907 responsum
707 851 937 893 memoriae
975 852 1100 892 nobis
1140 865 1268 906 opera
1306 852 1443 893 danda

99 926 187 953 11011
218 914 283 952 est
319 925 456 965 neque
494 911 570 952 illa
606 925 701 952 mea
735 910 877 952 cautio
911 912 953 951 et
985 909 1194 951 timiditas
1225 910 1272 950 in
1303 910 1443 951 causis

99 973 276 1024 propter
306 972 597 1024 praestantem
621 968 892 1023 prudentiam
913 966 1057 1009 Crassi
1082 968 1348 1023 neglegenda
1367 971 1443 1010 est.

47 1046 80 1073 15
100 1028 290 1083 Uterque
323 1028 435 1069 enim
466 1028 649 1069 istorum
680 1041 767 1068 non
798 1026 903 1068 mihi
941 1026 1089 1067 attulit
1127 1027 1333 1082 aliquam,
1370 1027 1444 1068 sed

100 1102 221 1129 suam
253 1086 511 1141 significavit
541 1085 802 1127 facultatem.
864 1085 923 1126 Et
955 1084 1068 1126 enim
1098 1085 1312 1139 permulta
1343 1087 1511 1126 sunt301

98 1145 145 1186 in
177 1145 315 1187 causis
346 1145 391 1185 in
423 1144 540 1185 omni
570 1147 691 1199 parte
725 1143 933 1185 orationis
966 1143 1357 1198 circumspicienda,
1391 1157 1443 1184 ne
1486 1160 1494 1163 ’

101 1204 203 1258 quid
235 1203 435 1257 offendas,
465 1217 518 1244 ne
545 1216 629 1257 quo
661 1203 818 1243 inr.uas
881 1201 1014 1256 Saepe
1047 1202 1180 1255 aliqui
1212 1202 1337 1243 testis
1369 1204 1444 1243 aut

99 1276 188 1303 non
211 1262 343 1303 laedit
369 1264 444 1302 aut
468 1261 610 1302 minus
636 1260 780 1315 laedit,
803 1259 887 1301 nisi
913 1260 1158 1301 lacessatur.
1204 1259 1309 1301 Orat
1334 1274 1445 1315 reus,

48 1340 82 1366 20
101 1323 256 1376 urgent
289 1319 502 1374 advocati,
535 1322 584 1360 ut
615 1319 886 1373 invehamur,
915 1322 964 1359 ut
995 1319 1105 1360 male
1138 1318 1347 1373 dicamus,
1379 1319 1445 1360 de-

101 1379 230 1432 nique
261 1380 310 1419 ut
339 1378 673 1433 interrogemus3
715 1391 803 1417 non
833 1391 1025 1430 moveor,
1060 1391 1149 1417 non
1183 1380 1445 1431 optempero,

101 1451 188 1478 non
220 1436 458 1491 satisfacio,
495 1450 632 1490 neque
670 1438 814 1476 tamen
851 1435 984 1476 ullam
1016 1435 1226 1488 adsequor
1256 1435 1445 1490 laudem,

101 1495 297 1536 homines
342 1494 455 1535 enim
503 1493 693 1548 imperiti
741 1493 910 1535 facilius
955 1493 1068 1547 quod
1114 1493 1244 1534 stulte
1289 1492 1444 1534 dixeris

101 1553 407 1608 reprehendere
452 1567 580 1606 quam
624 1552 737 1606 quod
781 1552 995 1605 sapienter
1044 1551 1228 1592 tacueris
1272 1551 1444 1592 laudare

51 1630 84 1657 25
102 1614 296 1667 possunt.
356 1611 439 1652 Hic
484 1612 692 1665 quantum
734 1611 784 1651 fit
824 1609 944 1664 mali,
987 1609 1022 1650 si
1065 1609 1243 1663 iratum,
1287 1609 1323 1651 si
1359 1619 1515 1651 non302

104 1670 304 1725 stultum,
344 1669 376 1710 si
416 1683 503 1710 non
540 1669 676 1710 levem
712 1671 869 1709 testem
906 1667 1100 1709 laeseris!
1151 1667 1295 1709 Habet
1334 1667 1446 1708 enim

104 1732 147 1771 et
177 1728 444 1770 voluntatem
474 1727 655 1768 nocendi
685 1726 732 1767 in
761 1726 980 1768 iracundia
1012 1728 1054 1767 et
1080 1726 1166 1767 vim
1197 1726 1242 1767 in
1272 1726 1445 1781 ingenio

105 1790 148 1829 et
178 1787 344 1841 pondus
375 1786 422 1826 in
452 1785 559 1841 vita,
589 1799 680 1839 nec,
712 1785 748 1826 si
773 1785 855 1826 hoc
882 1783 1061 1825 Crassus
1086 1798 1175 1825 non
1200 1784 1448 1838 committit,

103 1845 199 1886 ideo
242 1859 330 1885 non
372 1843 498 1884 multi
542 1846 584 1884 et
629 1857 753 1897 saepe
794 1842 1079 1884 committunt.
1143 1842 1236 1891 Quo
1277 1843 1447 1896 quidem

52 1921 88 1947 30
107 1902 213 1944 mihi
244 1902 413 1956 turpius
439 1901 572 1943 videri
597 1901 706 1942 nihil
739 1902 861 1956 solet,
893 1916 1021 1954 quam
1048 1900 1161 1954 quod
1187 1915 1237 1941 ex
1264 1901 1446 1942 oratoris

106 1961 220 2002 dicto
259 1960 401 2013 aliquo
441 1962 515 2001 aut
551 1973 757 2014 responso
796 1962 871 2000 aut
907 1962 1060 2014 rogato
1100 1973 1239 2000 sermo
1276 1959 1349 2000 ille
1387 1973 1448 2000 se-

107 2019 269 2073 quitur:
319 2017 531 2059 Occidit.
598 2016 1057 2059 Adversariumne‘?
1109 2017 1265 2058 Immo
1309 2031 1447 2072 vero,

107 2077 239 2131 aiunt,
271 2091 320 2118 se
353 2079 401 2117 et
433 2090 541 2117 eum
570 2090 713 2130 quem
745 2075 985 2117 defendit.
1034 2074 1129 2116 Hoc
1156 2073 1335 2117 Crassus
1360 2089 1447 2116 non

106 2138 232 2190 putat
262 2134 346 2176 nisi
375 2134 553 2188 peifidia
584 2134 773 2176 accidere
804 2148 948 2188 posse3
991 2147 1071 2188 ego
1110 2136 1254 2174 autem
1292 2133 1447 2188 saepis·

54 2211 89 2237 35
109 2194 213 2235 sime
244 2193 366 2235 video
398 2192 445 2233 in
475 2192 613 2233 causis
651 2192 812 2246 aliquid
844 2192 946 2233 mali
977 2191 1115 2233 facere
1146 2192 1340 2233 homines
1372 2191 1448 2232 mi-

106 2251 220 2293 nime
252 2251 401 2292 malos.
465 2250 604 2299 Quid?
638 2250 744 2291 illud
777 2250 890 2304 quod
922 2264 1051 2304 supra
1082 2249 1182 2305 dixi,
1213 2250 1348 2291 solere
1380 2263 1446 2289 me

108 2310 253 2351 cedere
291 2312 352 2365 et,
393 2311 442 2350 ut
477 2308 646 2363 planius
684 2308 840 2364 dicam,
882 2308 1031 2363 fugere
1069 2322 1136 2363 ea,
1180 2322 1287 2362 quae
1325 2306 1446 2348 valde

179 2383 249 2409 010.
268 2383 291 2410 1.
312 2384 335 2410 2.
1121 2378 1163 2410 10

1464 2051 1518 2093 75

1450 2120 1517 2150 303
