1643 2526
161 93 294 126 LXXII
577 92 855 128 ADNOTATIO
882 92 1080 128 CRITICA.

162 199 256 232 tione
281 198 374 242 P(p)
401 198 646 232 laudationem
669 197 702 231 R
739 218 783 223 —
824 202 876 233 19.
910 198 1094 241 confertur
1119 197 1182 231 Rf
1191 197 1221 232 E
1254 219 1298 223 —
1331 203 1450 234 tamen
1474 199 1504 233 P

163 245 246 279 inde
271 244 303 277 R
329 246 403 279 iam
429 244 560 289 Stangl
586 255 655 279 om.
675 244 736 278 Ef
760 265 799 269 —
827 256 871 280 ea:
889 246 1017 279 seiam
1039 244 1068 278 E
1095 249 1171 280 tex
1189 256 1224 280 se
1249 257 1268 278 Ζ
1295 266 1337 270 -
1366 249 1421 280 20.
1447 256 1504 280 res

164 302 233 325 om.
260 291 289 324 P
322 311 363 316 ——
392 295 571 336 proponet
595 290 624 324 Ε
657 312 700 317 -
733 295 787 326 28.
820 292 1028 326 seruabitur
1052 291 1127 325 PR
1159 311 1201 317 —
1233 295 1287 327 30.
1315 293 1504 337 inaequali

162 337 263 382 pr
275 337 302 371 E
333 358 377 363 —
410 342 465 372 32.
496 338 748 382 probabilibus
771 338 1003 373 incredibilia
1029 338 1044 371 f
1069 349 1138 373 om.
1164 337 1208 380 Ρ;
1247 338 1311 372 cfr.
1337 349 1501 382 prooem.

161 394 238 428 par.
266 389 286 419 3
320 405 362 410 —
394 387 448 419 35.
481 389 575 420 sunt.
609 384 703 420 Sunt
727 384 759 418 f2
790 405 833 409 —
867 386 962 419 cuim
988 395 1057 419 om.
1084 384 1116 417 f¹
1142 405 1186 410 —
1220 389 1275 419 37.
1302 390 1353 420 est
1377 396 1446 420 om.
1474 385 1503 419 P

163 451 206 456 —-
232 431 270 465 P.
292 435 371 466 392.
393 436 423 465 5.
446 442 543 476 pros.
564 431 609 465 fz
635 451 678 456 ——
706 434 736 466 6.
763 432 867 466 hasta
893 431 938 465 fz
963 452 1010 456 —
1035 432 1208 466 collocata
1232 431 1261 464 E
1288 432 1464 467 collocata
1489 431 1507 465 f

164 498 206 502 —
239 482 270 512 8.
309 479 484 513 orationis
508 477 536 511 P
559 479 804 522 perorationis
827 489 851 522 p
872 479 1185 523 perorationisque
1210 477 1228 510 f
1236 477 1265 511 E
1292 479 1334 513 in
1352 489 1501 523 perora-

162 525 272 559 tionis
290 524 321 557 R
347 525 394 559 iis
414 526 590 559 orationis
615 523 746 568 scripsi
772 545 816 550 —
844 528 897 559 10.
920 526 1115 569 paululum
1135 524 1199 558 Rf
1208 524 1237 558 E
1264 545 1308 550 —
1338 529 1392 560 13.
1412 537 1501 560 sum.

157 572 276 616 princ.
305 581 355 605 ez
387 572 570 606 sumenda.
609 572 839 616 Principium
872 576 921 606 est
951 572 1161 606 sumendum
1186 571 1204 604 f
1239 592 1279 597 —
1319 576 1374 607 23.
1413 583 1503 616 quae

162 619 203 651 in
227 617 256 651 P
281 639 326 643 —
351 621 406 652 30.
433 619 480 652 iis
504 617 532 651 P
557 619 613 652 his
638 617 664 652 C
692 639 733 643 —
760 618 797 653 P.
820 622 898 653 393.
920 622 950 652 3.
978 620 1020 653 ui
1043 620 1132 653 incr.
1159 618 1187 651 P
1212 629 1256 652 ue
1281 620 1369 653 incr.
1397 618 1426 652 E
1457 639 1502 643 —

164 668 218 698 15.
250 665 292 707 fit
315 664 360 697 fz
393 664 464 708 (eb
492 664 680 708 deficiunt)
714 685 755 690 —
792 669 846 699 16.
879 669 944 699 aut
969 675 1038 699 om.
1065 665 1093 698 P
1127 686 1166 690 -
1200 667 1343 700 concisa
1367 665 1396 698 P
1421 676 1502 700 con-

165 712 241 745 cisa
265 723 288 755 p
315 713 474 746 concisa:
500 711 531 744 R
557 713 724 746 conc-lusa
774 738 776 755 z
804 711 822 744 f
846 731 886 736 —
916 716 970 746 27.
997 716 1029 746 et
1053 713 1238 756 superlata
1262 711 1295 744 R
1314 722 1383 746 om.
1404 711 1432 745 P
1458 732 1502 737 --

163 760 218 792 29.
245 762 350 802 atque
375 759 434 792 im.
461 769 531 792 om.
554 758 665 801 PRf,
693 757 758 792 sed
783 757 845 792 cfr.
874 757 997 800 Quint.
1018 758 1102 792 VIII
1122 763 1153 801 3,
1175 762 1218 792 43
1246 778 1289 782 —
1315 762 1371 792 31.
1397 759 1453 793 Iis
1473 758 1502 792 P

161 804 217 838 his
243 805 268 838 C
300 825 345 829 —
377 809 431 838 33.
458 808 544 839 suut
568 816 637 839 om.
664 804 692 837 P
726 825 767 829 —
800 808 854 839 36.
883 806 1044 849 primum
1071 816 1139 839 om.
1166 805 1194 838 P
1222 825 1264 829 —
1296 804 1335 839 P.
1362 809 1441 840 394.
1470 810 1501 840 5.

161 855 238 885 tum
264 850 289 885 C
316 862 424 895 quum
449 851 483 884 N
517 871 559 876 -—-
590 852 701 886 uerba
726 851 755 884 P
786 852 910 886 crebra
934 852 1065 886 crebris
1093 851 1130 886 C.
1180 851 1357 886 Eiusdem
1381 851 1502 886 brevi-

162 896 252 930 tatis
274 897 443 941 exempla
469 901 547 939 323,
569 901 631 937 28;
658 901 736 940 376,
759 901 796 940 3;
823 901 902 940 441,
927 902 980 932 13.
1005 918 1049 922 —
1077 902 1108 932 9.
1134 898 1175 941 fit
1195 898 1238 931 fz
1259 918 1304 923 ——
1326 902 1379 933 10.
1400 902 1502 933 tuum

161 943 189 976 P
214 945 375 978 inuisum
399 949 516 979 tuum:
543 944 575 977 R
599 946 815 979 inusitatum
840 943 858 977 f
879 948 919 979 tu
943 955 1068 979 uersus
1093 957 1111 978 Ζ
1138 965 1181 969 ——
1218 948 1270 979 11.
1297 946 1405 979 etiam
1429 945 1504 978 PR

162 992 255 1024 enim
280 990 325 1023 fz
357 1011 399 1017 —
435 995 488 1025 13.
521 992 704 1025 animiscit
728 991 756 1024 P
782 992 898 1025 anim-i
923 993 1044 1026 miscet
1070 990 1095 1025 C
1121 992 1254 1026 animis
1279 993 1346 1026 ciet
1370 991 1503 1035 scripsi

163 1057 206 1062 —
234 1041 288 1071 14.
315 1039 561 1082 exprimentur
585 1049 608 1081 p
638 1058 679 1063 —
705 1038 944 1082 significando
970 1038 1060 1071 sz
1086 1058 1130 1063 —
1159 1043 1210 1072 15.
1232 1049 1276 1073 esc
1301 1049 1359 1073 an.
1386 1038 1405 1072 f
1414 1050 1432 1072 Ζ
1457 1059 1503 1063 —-

165 1086 218 1118 16.
253 1095 361 1127 quum
386 1084 418 1117 N
446 1095 515 1118 om.
542 1084 568 1118 C
596 1086 628 1119 si
654 1085 783 1126 scripsi
823 1105 864 1109 —
903 1088 959 1119 20.
993 1086 1101 1119 etiam
1125 1086 1190 1119 hoc
1215 1097 1233 1118 Ζ
1264 1086 1328 1119 lzoc
1353 1086 1393 1119 in
1417 1084 1436 1118 f
1457 1105 1502 1110 —-

163 1133 217 1165 23.
244 1131 385 1174 quidem
406 1130 477 1163 PR
503 1142 547 1174 ne
572 1132 627 1166 ita
651 1142 694 1165 ne
720 1130 737 1164 f
758 1132 923 1175 itaneque
949 1144 966 1164 Ζ
990 1152 1038 1156 --
1061 1135 1104 1166 ut
1126 1143 1237 1176 qenus
1260 1131 1289 1164 P
1304 1132 1356 1176 (p)
1381 1133 1503 1167 einum

162 1177 201 1211 id
225 1188 337 1221 qcnus
362 1177 393 1209 R
417 1189 529 1222 glenus
554 1178 593 1211 id
618 1189 635 1210 Ζ
661 1198 704 1202 -
734 1181 846 1212 totum
870 1179 979 1212 situm
1004 1177 1050 1211 fz
1088 1199 1133 1202 —
1170 1182 1225 1213 28.
1264 1179 1384 1213 diduc.
1413 1178 1439 1211 Ρ
1458 1180 1500 1223 (‘?)

162 1224 284 1258 deduc.
311 1235 334 1267 p
351 1223 376 1257 C
403 1245 445 1247 —
472 1228 526 1259 31.
555 1225 690 1268 duplex
717 1224 795 1258 Pid.
831 1245 873 1249 —
907 1229 960 1259 35.
991 1236 1133 1259 uersum
1158 1224 1186 1257 P
1213 1235 1282 1259 om.
1309 1238 1326 1259 z
1352 1226 1445 1270 (349,
1466 1228 1502 1259 4>

163 1290 206 1294 —-
233 1270 271 1304 P.
293 1274 370 1305 395.
396 1275 424 1305 1.
451 1272 505 1305 ita
531 1281 600 1304 om.
627 1270 655 1304 P
682 1291 727 1296 —
754 1275 785 1305 6.
813 1282 855 1305 ae
873 1272 993 1306 uoltus
1018 1271 1046 1304 P
1071 1272 1263 1316 uultusque
1287 1271 1320 1305 R
1344 1273 1452 1306 uultu
1471 1271 1501 1305 Ε

161 1316 232 1361 (eb
258 1317 428 1351 redeunt}
461 1317 479 1350 f
507 1328 568 1352 an:
607 1318 734 1352 habitu
766 1318 910 1353 voltus?
948 1323 1004 1361 31,
1028 1321 1086 1361 133
1125 1318 1170 1352 de
1202 1320 1261 1353 fin.
1292 1318 1344 1352 III
1371 1323 1425 1352 56.
1457 1339 1503 1344 —

163 1368 194 1398 8.
233 1364 320 1408 quid
345 1365 418 1398 iam
450 1363 481 1396 R
519 1385 562 1388 ——
597 1365 739 1409 aliquid
769 1376 793 1408 p
827 1375 896 1399 om.
929 1364 985 1398 fE
1025 1385 1068 1390 —
1109 1368 1163 1400 12.
1200 1365 1286 1399 illae
1316 1364 1418 1398 RfE
1458 1384 1502 1390 —-

164 1414 218 1445 19.
249 1415 283 1445 et
314 1421 382 1445 om.
409 1410 550 1444 Psz
589 1431 634 1436 —-
673 1414 728 1445 24.
766 1412 825 1445 uel
857 1422 926 1446 om.
952 1411 1084 1456 P(p)b
1123 1432 1166 1436 —
1202 1415 1256 1446 26.
1294 1413 1342 1446 sit
1373 1411 1430 1445 fE
1456 1432 1502 1437 —-

163 1460 218 1491 27.
245 1458 490 1492 commouendi
514 1459 562 1492 sit
586 1457 697 1502 1³²(p)
723 1478 766 1482 —
793 1462 849 1492 33.
875 1469 892 1492 e
918 1468 986 1492 om.
1007 1457 1081 1491 PR
1105 1479 1151 1482 —
1176 1458 1213 1492 P.
1235 1461 1314 1492 396.
1337 1463 1368 1492 2.
1395 1459 1500 1493 collo-

162 1508 245 1538 cata
269 1504 328 1537 Pz
356 1524 399 1528 -
426 1508 456 1538 7.
483 1505 524 1538 in
543 1504 570 1537 P
597 1516 618 1538 a
639 1504 664 1538 C
692 1525 733 1529 —-
762 1508 815 1539 11.
842 1505 932 1547 ferri
956 1504 1030 1537 PR
1055 1505 1184 1548 referri
1203 1504 1247 1538 fz
1267 1506 1425 1547 conferri
1444 1515 1462 1539 e
1477 1505 1499 1539 b

161 1551 312 1593 traferri
330 1550 497 1585 Stroebel
522 1571 567 1575 —
594 1555 648 1585 14.
675 1552 798 1596 ayz'tur
816 1550 919 1584 PRf
943 1571 984 1575 —-
1011 1552 1117 1585 etiam
1142 1552 1207 1586 lzoc
1230 1563 1254 1595 p
1281 1571 1324 1576 —
1355 1555 1406 1586 17.
1433 1552 1500 1586 ali-

161 1598 249 1641 quid
268 1597 299 1630 R
314 1596 358 1630 fz
378 1617 421 1622 —
444 1601 496 1631 19.
518 1598 686 1641 derelinq.
707 1597 770 1630 Rf
786 1598 915 1641 delinq.
938 1610 955 1631 z
982 1618 1023 1622 ——
1045 1601 1100 1632 22.
1121 1608 1278 1633 conseru.
1301 1597 1358 1631 fE
1380 1618 1422 1623 -
1443 1602 1499 1633 28.

161 1644 220 1678 sed
241 1643 265 1677 C
291 1644 322 1677 si
347 1643 379 1676 R
405 1654 474 1678 om.
496 1656 514 1676 Ζ
540 1664 585 1669 -
611 1655 828 1678 assumemus
852 1643 871 1676 f
893 1645 1124 1679 adsumamus
1144 1644 1200 1678 eb
1225 1646 1302 1688 (ant
1330 1646 1381 1680 sic
1400 1656 1500 1680 assu-

161 1691 334 1732 nzamus‘?)
362 1710 405 1714 —
431 1689 469 1725 P.
497 1694 575 1725 397.
602 1693 633 1724 4.
659 1692 692 1725 si
716 1691 846 1734 interp.
872 1690 945 1723 PR
962 1691 1005 1724 fz
1033 1711 1074 1716 —-
1104 1694 1157 1725 15.
1183 1692 1379 1726 simillimis
1403 1691 1431 1725 P
1455 1712 1499 1717 —

164 1741 216 1770 19.
249 1740 398 1771 notatur
423 1736 450 1769 P
483 1741 589 1772 notae
614 1737 646 1770 R-
683 1741 833 1771 notatur
857 1748 938 1772 cum
969 1737 987 1770 f
1020 1742 1184 1772 notatum
1210 1738 1266 1772 eb
1297 1742 1385 1773 nota
1410 1742 1460 1773 est
1485 1750 1502 1771 Ζ

161 1803 206 1808 -
232 1786 286 1817 20.
312 1784 354 1826 fit
373 1782 474 1816 RfE
504 1805 543 1808 —
571 1784 731 1818 declarat
756 1783 785 1817 E
811 1784 1019 1819 declaratur
1038 1784 1056 1817 f
1076 1805 1121 1809 —
1147 1788 1203 1819 32.
1230 1785 1307 1819 alia
1325 1784 1353 1818 P
1378 1786 1451 1820 ista
1468 1785 1502 1818 R

160 1849 204 1854 —
236 1829 274 1863 P.
303 1833 380 1864 398.
408 1834 439 1864 4.
478 1831 695 1874 temporibus
719 1830 747 1863 P
778 1834 975 1875 temporum
1002 1830 1035 1864 R
1067 1836 1099 1866 et
1124 1833 1272 1876 tempori
1297 1831 1329 1864 f¹
1360 1835 1392 1866 et
1416 1836 1499 1867 tem-

155 1878 258 1920 poris
284 1875 359 1910 Ef³
397 1897 439 1902 -—-
477 1882 595 1912 aestas
624 1888 705 1912 uer:
740 1881 936 1912 (uctumnus
961 1877 994 1910 R
1025 1882 1140 1913 aestas
1167 1882 1231 1913 (citt
1257 1880 1426 1913 autumni
1455 1878 1474 1911 f
1482 1891 1500 1912 Ζ

161 1924 229 1967 (ut)
255 1922 310 1956 eb
337 1943 382 1947 —
408 1926 438 1957 5.
466 1928 507 1958 ut
526 1925 616 1958 anni
640 1923 668 1957 P
694 1928 759 1958 aut
782 1926 872 1958 (mini
896 1924 928 1957 R
955 1935 1024 1958 om.
1051 1924 1107 1957 fE
1137 1945 1178 1949 -—
1205 1929 1236 1959 et
1260 1936 1284 1968 p
1311 1935 1380 1960 om.
1401 1924 1430 1958 P
1456 1945 1499 1950 —

160 1980 291 2004 menses
315 1969 453 2013 P(p)R
479 1991 524 1995 —
551 1974 604 2004 10.
632 1982 739 2015 quam
758 1970 786 2004 P
811 1982 854 2005 ac
874 1970 899 2004 C
925 1991 969 1996 —
998 1975 1050 2005 11.
1078 1976 1142 2006 aut
1161 1975 1273 2006 metus
1292 1975 1358 2006 aut
1376 1973 1500 2016 aliqua

162 2015 263 2049 RfE
292 2037 335 2040 —
360 2017 543 2060 cupiditas
568 2017 624 2051 eb
663 2038 708 2041 —
748 2021 800 2051 12.
840 2017 910 2052 Est
933 2017 990 2051 fE
1033 2038 1071 2042 —
1114 2022 1166 2052 13.
1199 2022 1284 2053 sunt
1307 2029 1384 2063 qen.
1412 2030 1430 2051 z
1456 2038 1499 2043 —

163 2065 216 2096 15.
242 2062 369 2097 Huius
393 2062 425 2095 R
451 2064 491 2097 lie
516 2063 534 2096 f
554 2064 614 2098 hee
637 2063 693 2097 eb
718 2064 803 2098 heae
828 2076 845 2096 Ζ
873 2084 915 2089 —
941 2065 1113 2099 materiae
1138 2064 1228 2098 sz
1256 2085 1298 2090 —
1323 2066 1500 2100 subiectae

160 2108 250 2142 sz
277 2130 319 2134 ——
350 2113 403 2144 17.
430 2111 554 2154 aqitur
577 2110 606 2143 P
632 2130 674 2136 —
704 2114 757 2145 19.
784 2111 934 2145 auditus
959 2109 984 2145 C
1011 2111 1134 2146 aditus
1158 2110 1261 2145 f¹eb
1288 2112 1445 2147 eiulatus
1468 2111 1500 2145 f³

161 2166 223 2190 an:
250 2157 430 2200 crepitus?
456 2155 591 2191 Cornif.
617 2156 651 2190 II
670 2160 691 2191 8
717 2177 760 2181 -
793 2161 849 2191 20.
875 2168 996 2192 eorum
1022 2156 1047 2191 C
1073 2161 1105 2192 et
1129 2169 1252 2192 eorum
1276 2157 1309 2191 R
1334 2168 1397 2192 an:
1425 2169 1500 2193 cor-

155 2203 280 2247 poris?
309 2223 354 2227 —
386 2206 441 2237 21.
477 2204 617 2238 alorum
642 2204 818 2248 quidquid
842 2203 871 2236 P
896 2204 1053 2238 aliorum
1078 2205 1166 2249 quid
1191 2205 1285 2249 quod
1308 2216 1332 2248 p
1358 2205 1500 2249 aliquid

161 2250 255 2293 quod
281 2248 306 2283 C
333 2269 376 2274 —-
404 2252 459 2283 24.
486 2260 503 2284 e
529 2260 598 2284 om.
625 2249 727 2283 RfE
755 2270 797 2275 —
825 2253 880 2284 30.
907 2254 957 2285 est
981 2250 1037 2283 fE
1067 2272 1106 2275 -
1134 2250 1173 2285 P.
1187 2254 1266 2285 399.
1284 2255 1314 2286 7.
1341 2262 1384 2286 ex
1403 2253 1500 2294 facto

160 2296 188 2329 P
211 2296 350 2339 factum
374 2295 407 2329 R
436 2317 482 2320 —
515 2300 679 2332 constant
704 2308 760 2341 pz
787 2300 918 2332 constet
943 2296 975 2329 R
1006 2317 1051 2322 —
1080 2299 1222 2333 nomine
1247 2297 1346 2332 Peb
1372 2318 1417 2323 —
1446 2301 1499 2334 10.
