1643 2526
153 84 270 119 LXVI
574 83 853 119 ADNOTATIO
881 83 1080 119 CRITICA.

155 190 264 224 iuuas
290 189 337 223 Ο1
362 190 403 224 in
427 191 506 224 uas’
530 189 751 233 Heerdegen
775 200 792 223 e
816 190 890 224 vas’
915 188 1065 222 Muther
1091 209 1133 213 —
1159 189 1291 233 palmet
1314 187 1346 221 A
1368 188 1493 233 palma

155 240 187 270 et
211 236 237 270 L
260 237 389 281 palmi’
413 235 584 270 Ribbeck
610 256 652 261 -υ
682 240 734 270 17.
761 240 793 270 et
818 246 887 270 om.
908 235 941 268 A
966 256 1010 261 -
1038 239 1091 270 18.
1117 235 1303 270 Duillium
1327 233 1359 267 ἐξ
1379 233 1493 268 Heer-

156 282 276 327 degen
305 303 342 308 —
371 287 426 317 21.
448 283 593 318 aua‘ilia
612 283 709 317 mala
729 283 760 316 A
785 303 829 307 —
856 286 911 316 22.
932 293 1039 327 quam
1058 281 1085 315 L
1105 293 1184 317 cum
1204 285 1235 316 A
1260 302 1304 307 —
1323 285 1379 315 23.
1399 291 1443 315 ex
1460 280 1494 314 A

156 350 199 354 —
225 334 258 364 et
283 330 409 364 axillis
432 329 460 362 L
495 350 536 354 —-
570 333 603 364 et
621 330 767 374 paxillo
793 340 863 363 om.
889 328 916 361 L
949 349 992 353 —-
1023 333 1056 363 et
1079 329 1216 363 uexillo
1241 329 1272 361 A
1303 332 1336 363 et
1358 327 1494 362 uexillo

155 380 188 410 et
206 377 378 421 pauaeillo
403 376 442 419 L,
474 375 513 409 in
537 387 628 420 mrg.
656 376 739 410 add.
766 380 799 410 et
823 376 953 410 taoeillo
977 375 1011 408 A
1048 394 1092 400 —
1130 379 1184 410 29.
1223 386 1266 410 eoe
1290 374 1323 408 A
1347 375 1441 409 exim
1465 373 1493 407 F

156 442 200 447 —
226 424 310 457 inde
336 423 360 457 C
387 423 515 457 deinde
539 422 557 456 f
586 443 628 448 -—
655 427 687 457 et
706 433 775 467 pro
801 423 929 457 eaeinde
954 432 1025 456 om.
1051 421 1084 455 A
1115 442 1158 446 —
1194 425 1250 456 34.
1282 432 1361 456 cum
1384 432 1437 456 me
1461 424 1495 456 et

156 480 236 504 cum
260 473 292 504 te
323 469 350 503 L
389 490 434 494 -
470 469 506 504 Ρ.
535 473 613 504 355.
641 473 671 502 6.
711 470 826 504 lz'cent.
859 472 1012 503 consuet.
1045 468 1073 502 L
1111 489 1155 499 —
1196 473 1249 503 13.
1287 469 1367 502 loca
1390 467 1425 502 A
1448 487 1493 492 —

158 519 211 550 15.
250 520 351 550 tuum
375 516 407 549 A
438 520 479 550 tu
510 516 536 549 L
575 536 618 540 —
656 520 711 550 27.
748 516 953 550 hominibus
982 515 1015 549 A
1045 516 1250 550 nominibus
1287 513 1418 558 Stangl
1450 535 1492 540 —

155 564 307 607 ncutriq.
340 563 373 595 A
409 583 455 588 —
492 566 548 597 30.
586 563 722 598 accedit
745 562 778 596 A
814 582 859 587 —
897 567 952 596 31.
989 563 1135 604 fabrum
1166 566 1199 596 et
1224 572 1375 606 procum
1409 561 1495 604 post

157 610 355 653 loquuntur
378 609 406 643 L
435 629 478 634 —
505 613 560 643 32.
587 614 620 644 et
638 620 738 653 proc.
765 608 793 642 L
825 629 868 633 —
901 609 939 642 P.
967 613 1046 643 356.
1072 612 1104 642 3.
1137 609 1260 643 litibus
1285 607 1311 642 C
1336 608 1495 642 stlitibus

156 655 289 690 Muret.
328 676 371 681 -—
409 667 483 691 non
507 667 605 691 nunc
629 667 737 700 quam
761 655 794 689 A
831 676 873 680 —
912 656 1000 700 quid
1024 655 1057 688 A
1087 659 1119 690 et
1143 657 1206 699 qui
1230 655 1258 688 L
1283 655 1386 699 atqui
1410 667 1437 688 ω
1463 659 1496 689 et

158 704 245 746 quid
276 702 495 746 Heerdegen
533 704 633 747 ecqui
665 702 796 745 Stangl
833 722 878 727 —
916 708 948 736 5.
984 702 1187 746 sepulerum
1217 713 1239 736 a
1269 701 1302 734 A
1337 721 1384 727 —
1419 701 1496 736 dua

156 748 314 783 FOP²E
330 760 397 783 om.
413 749 498 782 AP¹
519 770 562 774 —
583 753 614 784 6.
629 749 787 793 eicleq.A
806 769 850 773 —-
870 753 900 783 9.
922 749 986 784 vel.
1008 749 1124 783 om.A
1144 769 1188 773 -
1211 753 1263 782 11.
1278 749 1354 783 etA
1374 747 1495 782 cumL

157 816 201 820 —-
225 799 276 829 12.
303 797 463 830 sestertiu
484 796 515 828 A
533 797 777 831 sesterciorum
803 795 876 829 Erl.
899 806 968 829 om.
987 794 1015 828 L
1041 815 1084 820 -
1115 799 1167 830 18.
1188 799 1377 840 coynatum
1396 793 1422 828 O
1440 805 1493 829 so-

157 843 302 877 brinum
315 842 460 877 Terent.
475 842 620 876 Phorm.
636 846 714 884 384,
730 842 794 875 sed
808 841 903 875 illud
916 841 1028 885 paulo
1049 843 1134 875 ante
1155 843 1263 885 (381),
1284 840 1381 875 unde
1395 839 1494 875 Cice-

157 889 255 923 ronis
282 899 382 922 error
406 888 523 922 fiuxit.
552 909 593 914 —
623 893 677 923 19.
703 889 834 923 ibidem
859 888 892 922 A
916 908 961 913 ——
987 891 1042 922 20.
1068 889 1238 932 stilipone
1263 887 1295 921 A
1318 888 1496 922 Stilionem

156 935 184 968 F
211 935 405 970 Stilbonem
429 935 457 968 P
473 935 500 969 O
527 936 738 980 Stilphonem
758 935 775 968 f
785 934 814 968 E
841 934 922 969 cod.
941 934 1022 969 Ter.
1049 934 1247 979 Stilponem
1265 934 1431 968 Donatus
1451 955 1495 960 --

158 985 212 1016 21.
246 983 304 1016 sin
329 982 361 1015 A
385 984 417 1017 si
443 986 475 1017 et
499 982 527 1015 L
552 984 604 1017 sic
628 987 661 1017 et
685 982 702 1014 f
723 984 815 1017 sient
840 981 1059 1026 Heerdegen
1094 1002 1137 1006 -
1169 983 1227 1016 sin
1252 981 1283 1014 A
1307 982 1401 1016 sient
1424 980 1494 1015 FO

156 1030 267 1064 scient
291 1029 319 1062 P
344 1030 394 1063 sic
420 1033 461 1063 ut
486 1028 504 1061 f
523 1030 582 1072 fiet
606 1028 635 1062 E
661 1030 735 1063 sint
760 1028 979 1072 Heerdegen
1011 1048 1055 1053 -
1087 1031 1142 1062 23.
1178 1039 1268 1073 qiiae
1292 1039 1400 1072 quam
1422 1029 1497 1062 sint

157 1086 243 1110 cara
269 1075 439 1109 Ribbeck
465 1095 509 1100 —
535 1077 684 1110 carendi
702 1075 734 1109 A
759 1095 803 1100 —
830 1078 885 1109 26.
913 1076 966 1109 ali
983 1079 1024 1109 re
1043 1074 1071 1108 F
1097 1095 1140 1100 —-—
1166 1079 1221 1109 27.
1241 1075 1497 1109 consuetudine

157 1123 305 1157 aurium
329 1122 362 1155 A
399 1142 443 1146 —-
481 1126 536 1156 29.
569 1123 661 1157 idem
687 1121 713 1156 C
739 1123 850 1156 isdem
875 1121 949 1156 Erl.
988 1142 1032 1146 -
1071 1125 1126 1157 30.
1158 1122 1251 1156 idem
1271 1122 1441 1166 probabit
1464 1120 1497 1154 A

156 1170 251 1203 idem
277 1169 451 1213 probauit
485 1168 522 1202 L.
572 1169 706 1203 Totum
737 1168 833 1202 hunc
868 1168 991 1203 locum
1024 1167 1162 1212 opt-ime
1193 1167 1410 1211 Heerdegen
1440 1178 1496 1202 re-

159 1214 293 1250 stituit.
330 1236 367 1240 —
403 1220 457 1250 31.
491 1216 621 1250 eisdem
646 1215 678 1249 A
704 1235 746 1240 —
773 1216 883 1250 isdem
909 1215 936 1248 L
969 1235 1013 1239 —
1044 1220 1086 1249 ut
1110 1226 1180 1249 om.
1211 1215 1242 1248 A
1275 1235 1314 1238 ——
1349 1218 1404 1249 32.
1430 1215 1495 1249 eis-

157 1263 235 1297 dem
261 1262 293 1295 A
327 1282 371 1287 —
409 1262 448 1296 P.
475 1266 554 1296 357.
583 1266 612 1296 1.
646 1263 821 1307 pomerid.
849 1261 874 1296 C
894 1262 1085 1306 posmerid.
1112 1260 1241 1296 Velius
1268 1260 1416 1305 Longus
1450 1281 1497 1286 —

159 1314 189 1343 2.
217 1309 456 1354 quadriiuyas
477 1308 560 1343 add.
581 1308 805 1342 Doederlein
830 1329 873 1333 —
901 1313 931 1342 3.
952 1313 985 1343 et
1004 1319 1074 1342 om.
1095 1308 1127 1341 A
1153 1328 1197 1333 —
1222 1312 1254 1342 4.
1274 1308 1446 1343 uideatur
1464 1308 1496 1341 A

159 1376 202 1380 —
230 1361 261 1390 6.
287 1357 491 1390 insuauius.
526 1355 607 1390 Vna
629 1354 654 1389 C
681 1356 872 1390 insuavius
890 1367 976 1389 una.
1005 1354 1112 1389 Klotz
1137 1355 1338 1390 insuavius.
1364 1355 1496 1389 Insua-

157 1403 312 1437 vis-suma
338 1402 436 1436 Jahn
461 1404 661 1437 insuavius.
687 1403 836 1437 Absona
861 1401 1055 1436 Hellmuth
1080 1421 1124 1426 ——
1152 1406 1181 1435 7.
1209 1402 1254 1436 ab
1278 1401 1311 1435 A
1335 1412 1376 1436 ea
1401 1400 1429 1434 L
1455 1401 1504 1444 af

159 1459 202 1483 ex
228 1449 308 1483 Vel.
335 1448 449 1493 Long.
476 1448 623 1483 Freund
648 1469 692 1474 —
725 1453 756 1483 8.
784 1450 902 1484 aeneis
926 1449 959 1482 A
989 1460 1033 1483 ne
1057 1449 1114 1483 his
1137 1448 1165 1481 L
1196 1459 1240 1483 ac
1262 1459 1306 1482 ne
1329 1448 1386 1482 his
1410 1447 1496 1482 Ern.

158 1516 202 1520 —
232 1499 285 1530 10.
312 1507 406 1530 anne
425 1494 451 1529 C
477 1507 544 1530 ane
565 1495 721 1530 Schuetz
748 1516 791 1520 -
818 1497 921 1530 abais
941 1497 970 1528 A
992 1496 1056 1530 abs
1074 1494 1102 1528 L
1120 1496 1164 1529 ab
1184 1506 1235 1529 an
1253 1495 1317 1529 abs
1341 1493 1497 1528 Schuetz

159 1563 202 1567 -—
237 1546 291 1577 11.
333 1543 455 1588 afuyit
485 1543 604 1586 quoda
640 1543 738 1588 fuyit
763 1544 794 1576 A
826 1543 959 1586 affuyit
983 1541 1054 1574 PE
1087 1542 1208 1586 afugit
1231 1541 1259 1574 F
1274 1539 1334 1575 Of
1355 1541 1498 1586 abfuyit

160 1588 301 1623 Gellius
327 1588 394 1622 XV
421 1592 452 1631 3,
473 1593 492 1622 2
521 1609 564 1614 -
589 1590 681 1631 forte
707 1589 739 1622 A
765 1608 808 1613 —
835 1590 926 1631 affer
950 1587 978 1621 P
1003 1589 1082 1630 afer
1106 1587 1133 1621 L
1160 1588 1262 1630 abfer
1287 1586 1427 1621 Gellius
1452 1608 1497 1612 —

161 1639 215 1669 12.
242 1636 390 1680 aufugit
414 1640 447 1670 et
472 1645 514 1668 ex
540 1634 620 1668 Vel.
641 1634 755 1679 Long.
778 1635 860 1669 add.
883 1634 1038 1669 Schuetz
1066 1655 1106 1659 ——
1135 1635 1241 1677 aufer
1265 1634 1348 1668 mal.
1375 1644 1445 1668 om.
1465 1634 1498 1667 A

160 1703 203 1707 —
232 1686 285 1716 15.
311 1683 428 1726 iynoti
452 1683 583 1726 iynaui
608 1683 732 1727 iynari
756 1681 783 1714 L
820 1701 864 1706 -—
905 1685 959 1714 17.
992 1685 1024 1716 et
1049 1691 1119 1715 om.
1145 1681 1177 1714 A
1215 1702 1257 1706 —
1298 1684 1352 1715 19.
1383 1681 1499 1716 edixit

160 1739 229 1763 om.
256 1728 289 1761 A
315 1748 358 1752 —
384 1729 468 1762 item
492 1729 616 1771 refecit
643 1727 803 1762 Schenkl
830 1748 870 1753 —
899 1732 955 1762 20.
982 1729 1142 1772 primam
1168 1728 1324 1762 litteram
1343 1738 1496 1772 praepo-

158 1776 241 1810 sitio
268 1774 293 1809 C
321 1785 411 1809 corr.
440 1774 666 1817 Maior-agius
692 1796 737 1799 —
763 1778 954 1810 commutat
978 1775 1011 1807 A
1037 1794 1080 1799 —
1107 1778 1162 1809 21.
1188 1778 1264 1809 tum
1288 1775 1448 1809 mutauit
1466 1773 1499 1808 A

158 1822 384 1856 submutauit
408 1821 436 1854 P
461 1823 698 1856 summutauit
725 1821 750 1855 C
781 1822 969 1857 summovit
993 1821 1084 1855 Ven.
1106 1824 1126 1855 2
1160 1841 1201 1846 ——
1234 1825 1290 1855 29.
1322 1822 1363 1855 in
1386 1831 1499 1856 sanus

159 1869 192 1902 A
217 1869 438 1903 inhumanus
469 1868 496 1901 L
534 1869 709 1912 insipiens
747 1868 793 1901 P²
818 1880 909 1912 mrg.
947 1869 1107 1902 inmanis
1144 1867 1229 1902 Luc.
1261 1866 1417 1901 Mueller
1453 1887 1495 1892 —

160 1918 214 1950 30.
241 1917 283 1949 in
306 1926 396 1950 sano
422 1914 496 1948 Erl.
529 1935 573 1939 —-
607 1920 661 1949 31.
693 1915 837 1957 infelice
861 1916 895 1949 A
919 1915 1037 1958 felice,
1067 1916 1108 1949 in
1134 1914 1266 1959 Stangl
1290 1933 1333 1939 —
1362 1914 1499 1949 dicitur

159 1963 225 2005 in,
249 1963 291 1996 in
317 1961 472 1995 Schuetz
498 1981 541 1986 —
568 1965 624 1995 34.
651 1972 686 1996 se
711 1961 736 1996 C
762 1963 810 1996 sit
835 1961 975 1996 Gellius
1000 1962 1034 1995 11
1063 1965 1117 2003 17,
1137 1966 1156 1995 2
1185 1981 1227 1987 -
1253 1962 1378 1996 iuvare
1403 1959 1496 1995 Gen.

160 2028 204 2033 -
243 2013 298 2043 36.
337 2019 407 2043 esse
439 2019 508 2042 om.
534 2008 566 2041 A
604 2029 647 2033 —
686 2008 723 2043 P.
750 2012 829 2043 358.
857 2014 888 2043 6.
927 2009 1095 2043 lacrimas
1122 2018 1191 2042 om.
1218 2007 1250 2041 A
1287 2027 1330 2032 —-
1366 2017 1500 2051 semper

160 2055 241 2090 licet
265 2054 292 2087 L
318 2076 362 2079 —
391 2059 420 2089 7.
447 2065 622 2099 nusquam
650 2055 682 2088 A
708 2076 751 2080 —
786 2059 816 2089 8.
847 2056 945 2101 plzry
969 2054 1002 2088 A
1025 2055 1147 2099 fruyes
1172 2053 1272 2088 FPf
1287 2054 1444 2098 phruqes
1469 2053 1498 2087 Ο

159 2102 303 2147 Bruyes
327 2101 515 2135 Victorius
552 2121 595 2126 -
634 2106 687 2136 11.
721 2106 753 2136 et
778 2113 858 2136 eum
882 2101 910 2134 L
945 2121 988 2126 -—
1025 2105 1077 2135 12.
1110 2105 1229 2135 tamen
1254 2101 1283 2145 (i
1308 2111 1386 2144 sup.
1411 2101 1442 2143 e)
1466 2100 1500 2133 A

159 2153 233 2183 tam
258 2149 300 2182 in
324 2147 351 2181 L
378 2159 454 2183 eam
479 2149 519 2181 in
545 2148 563 2181 f
584 2150 691 2183 etiam
715 2147 869 2191 Madvig
899 2149 1007 2182 etiam
1032 2148 1073 2182 in
1097 2146 1208 2181 Halm
1239 2167 1282 2171 —
1317 2150 1370 2180 14.
1401 2157 1500 2181 nunc

160 2199 279 2230 tamen
305 2194 460 2229 Schuetz
500 2215 542 2219 —
577 2196 721 2239 plzyrru
746 2195 779 2229 A
810 2195 996 2239 Plzryyum
1029 2193 1184 2228 Schuetz
1223 2212 1266 2218 -—
1307 2197 1359 2227 15.
1397 2193 1497 2227 uiole-

160 2242 268 2277 batur
286 2241 319 2275 A
343 2261 388 2267 —
415 2244 469 2276 20.
491 2243 542 2276 sic
561 2241 593 2274 A
617 2243 671 2276 ita
690 2241 717 2274 L
744 2262 786 2266 —
814 2242 1051 2286 loquebantur
1076 2250 1121 2274 ex
1139 2239 1196 2274 ed.
1216 2239 1320 2274 Rom.
1343 2238 1498 2273 Schuetz

160 2309 203 2314 ——
243 2292 298 2323 27.
331 2289 520 2333 postulata
557 2289 649 2333 clisp.
688 2288 721 2322 A
752 2289 941 2333 proposita
975 2288 1066 2332 disp.
1104 2286 1323 2330 Heerdegen
1361 2306 1404 2312 —-
1441 2287 1499 2321 liic
