1643 2526
153 49 240 89 424
310 19 313 22 >
432 49 754 85 PARTITIONES
782 49 1060 85 ORATORIAE
1088 54 1107 93 ξ
1135 54 1211 85 140.

156 159 263 198 quae
284 145 454 198 quidem
481 159 502 185 e
529 145 668 186 media
692 145 767 186 illa
785 148 935 186 nostra
953 144 1185 186 Academia
1205 145 1497 200 effloruerunt,

154 217 291 257 neque
325 203 415 244 sine
448 218 497 244 ea
535 206 609 244 aut
645 203 826 244 inveniri
865 206 938 244 aut
975 203 1170 259 intellegi
1207 207 1281 245 aut
1318 204 1495 245 tractari

154 264 347 316 possunt.
408 261 521 302 Nam
553 264 595 302 et
620 261 772 316 partiri
797 262 939 316 ipsum
966 265 1009 302 et
1034 262 1208 303 definire
1236 265 1278 304 et
1304 262 1496 317 ambigui

155 320 411 373 partitiones
448 319 633 361 dividere
672 323 714 361 et
752 323 1102 375 argumentorum
1139 321 1256 362 locos
1294 335 1421 361 nosse
1453 323 1497 361 et

156 378 572 433 argumentationem
620 379 758 433 ipsam
807 378 1057 420 concludere
1107 382 1149 419 et
1197 379 1338 420 videre
1388 393 1496 433 quae
1532 396 1570 420 5Δ

157 437 362 477 sumenda
391 436 437 477 in
475 437 812 491 argumentando
852 437 938 477 sint
970 437 1153 491 quidque
1186 452 1236 478 ex
1266 437 1353 492 his,
1390 442 1496 490 quae

158 498 329 549 sumpta
366 498 483 549 sunt,
521 495 732 536 efficiatur
772 498 814 536 et
851 510 950 536 vera
982 511 1005 536 a
1037 495 1177 550 falsis,
1213 495 1301 537 veri
1340 495 1498 536 similia

157 554 210 594 ab
236 553 559 594 incredibilibus
591 554 821 595 diiudicare
854 557 896 594 et
928 553 1191 608 distinguere
1217 557 1260 595 et
1287 557 1361 594 aut
1386 553 1497 594 male

157 615 329 666 sumpta
361 615 434 652 aut
466 612 575 653 male
608 612 807 653 conclusa
843 612 1148 666 reprehendere
1181 615 1223 653 et
1255 612 1401 653 eadem
1431 611 1498 652 vel

157 673 338 725 anguste
371 670 588 724 disserere,
619 674 667 711 ut
693 670 903 711 dialectici
931 670 1003 724 qui
1029 670 1310 724 appellantur,
1341 670 1420 724 vel,
1449 673 1498 711 ut
1518 687 1551 711 10

158 732 373 770 oratorem
405 729 538 783 decet,
568 729 654 769 late
681 743 939 783 expromere,
969 729 1085 769 illius
1112 728 1430 770 exercitationis
1456 731 1499 769 et

91 786 375 841 140suptiliter
408 786 654 840 disputandi
686 790 729 827 et
759 787 929 841 copiose
962 787 1127 828 dicendi
1160 787 1264 827 artis
1297 789 1372 827 est.
1433 786 1499 827 De

157 845 281 886 bonis
314 859 413 886 vero
446 845 573 886 rebus
607 848 649 886 et
678 845 817 899 malis,
848 845 994 899 aequis
1026 845 1197 899 iniquis,
1228 845 1407 886 utilibus
1438 844 1501 885 in-

158 904 350 957 utilibus,
380 903 573 944 honestis
608 904 807 957 turpibus
834 918 962 958 quam
990 907 1134 958 potest
1164 903 1322 944 habere
1354 906 1499 944 orator

159 962 249 1003 sine
289 962 375 1002 illis
417 962 699 1002 maximarum
739 977 882 1002 rerum
926 962 1090 1003 artibus
1134 961 1385 1003 facultatem
1426 964 1500 1002 aut
1520 977 1552 1003 15

160 1020 356 1074 copiam?
389 1020 526 1068 Quare
553 1021 656 1061 haec
684 1020 764 1060 tibi
789 1020 887 1074 sint,
912 1020 970 1061 mi
991 1020 1151 1075 Cicero,
1178 1035 1284 1074 quae
1311 1019 1501 1074 exposui,

160 1077 281 1132 quasi
318 1079 477 1119 indicia
513 1078 699 1119 fontium
734 1078 925 1133 illorum3
969 1079 1020 1119 ad
1053 1093 1159 1132 quos
1192 1079 1228 1119 si
1259 1078 1326 1119 his
1364 1078 1500 1119 isdem

160 1137 338 1178 ducibus
371 1137 517 1177 aliisve
550 1137 803 1190 perveneris,
834 1140 927 1177 tum
953 1140 995 1177 et
1020 1137 1124 1177 haec
1156 1136 1251 1190 ipsa
1279 1136 1430 1177 melius
1457 1139 1499 1176 et

160 1195 296 1236 multo
330 1195 492 1236 maiora
524 1195 608 1235 alia
640 1209 884 1249 cognosces.
942 1193 986 1235 C.
1018 1195 1114 1250 Ego
1141 1209 1241 1235 vero
1268 1209 1316 1236 ac
1341 1208 1498 1249 magno

162 1253 332 1307 quidem
365 1254 519 1307 studio,
551 1253 609 1294 mi
639 1256 774 1307 pater,
805 1253 1035 1306 multisque
1066 1268 1116 1294 ex
1141 1253 1227 1294 tuis
1253 1251 1500 1307 praeclaris-
1520 1270 1554 1294 20

162 1311 281 1353 simis
314 1311 561 1352 muneribus
593 1312 758 1352 nullum
790 1311 926 1352 maius
960 1314 1147 1365 expecto.
