1643 2526
211 101 295 142 278
786 101 974 136 BRUTUS

211 199 256 238 at
297 194 442 238 Crassi
483 195 622 251 magis
662 195 830 237 nitebat
871 195 1020 237 oratio.
1088 192 1179 237 Nec
1218 210 1318 237 vero
1361 194 1550 250 Sulpicio

211 269 348 309 neque
387 253 540 296 Cottae
579 254 716 295 dicere
756 268 984 309 possumus
1024 268 1162 308 neque
1203 254 1401 308 cuiquam
1437 254 1550 295 bono
1602 271 1605 273 ·

213 313 375 354 oratori
406 327 496 354 rem
528 312 667 355 ullam¹
692 327 743 354 ex
772 312 859 353 illis
893 312 1078 367 quinque
1109 312 1305 366 partibus
1335 312 1460 366 plane
1493 315 1553 354 atr-

141 382 293 425 216que
327 371 499 412 omnino
526 371 722 412 defuisse.
771 371 922 424 Itaque
947 371 993 411 in
1019 369 1201 411 Curione
1226 371 1309 412 hoc
1334 370 1552 412 verissime

212 430 391 471 iudicari
422 432 579 484 potest,
609 430 727 470 nulla
752 444 797 470 re
823 444 907 469 una
933 429 1069 484 magis
1097 431 1312 470 oratorem
1344 443 1554 470 commen-
1590 445 1607 472 5

214 488 304 529 dari
343 503 471 542 quam
509 488 737 528 verborum
779 487 1000 541 splendore
1039 490 1081 528 et
1118 487 1251 542 copia.
1312 486 1426 528 Nam
1457 502 1554 529 cum

212 547 358 587 tardus
390 547 436 587 in
467 546 695 601 cogitando
735 549 827 587 tum
864 546 910 586 in
949 546 1151 587 struendo
1191 546 1422 600 dissipatus
1459 545 1553 586 fuit.

143 604 396 658 GOReliqua
439 605 521 646 duo
567 608 684 658 sunt,
727 618 851 660 agere
893 607 935 645 et
972 604 1234 645 meminisse:
1283 604 1330 644 in
1371 607 1553 657 utroque

213 663 443 705 cachinnos
485 662 763 704 inridentium
808 663 1114 704 commovebat.
1185 662 1330 704 Motus
1374 665 1465 703 erat
1504 662 1555 717 is,

214 736 340 775 quem
372 725 414 763 et
447 720 491 763 C.
523 721 658 762 Iulius
696 721 741 761 in
778 724 1032 776 perpetuum
1069 721 1255 775 notavit,
1292 736 1389 763 cum
1421 735 1471 762 ex
1503 734 1552 761 eo
1574 737 1608 763 10

212 780 259 820 in
288 783 511 833 utramque
542 783 710 833 partem
740 782 833 820 toto
867 793 1041 834 corpore
1073 779 1299 820 vacillante
1333 778 1555 834 quaesivit,

215 838 309 892 quis
351 838 597 891 loqueretur
635 852 655 878 e
695 838 854 891 luntre,
897 841 939 878 et
978 836 1052 878 Cn.
1092 836 1276 878 Sicinius
1313 837 1443 878 homo
1479 837 1555 878 im-

213 911 364 950 purus,
404 897 476 937 sed
515 896 743 937 admodum
774 895 996 950 ridiculus,
1025 920 1083 925 —
1114 910 1250 950 neque
1282 895 1398 937 aliud
1428 896 1474 936 in
1505 909 1554 936 eo

145 955 401 996 ‘21701’atoris
434 954 571 995 simile
599 954 836 1008 quicquam.
886 954 929 995 Is
956 969 1053 995 cum
1082 954 1280 995 tribunus
1311 954 1449 1008 plebis
1476 953 1556 996 Cu-

214 1013 380 1053 rionem
424 1016 467 1053 et
511 1012 735 1054 Octavium
782 1013 977 1054 consules
1027 1012 1298 1066 produxisset
1342 1012 1554 1067 Curioque
1575 1030 1607 1055 15

215 1072 352 1112 multa
396 1071 572 1112 dixisset
610 1071 781 1111 sedente
820 1070 893 1112 Cn.
927 1070 1107 1112 Octavio
1146 1071 1342 1126 conlega,
1385 1071 1457 1124 qui
1489 1071 1556 1112 de-

215 1129 383 1170 vinctus
427 1132 518 1170 erat
559 1129 703 1170 fasciis
745 1132 787 1170 et
827 1129 974 1170 multis
1016 1129 1336 1170 medicamentis
1380 1132 1555 1184 propter

216 1188 406 1228 dolorem
432 1190 602 1228 artuum
629 1187 855 1241 delibutus,
888 1187 1163 1241 ‘numquam’,
1192 1187 1345 1242 inquit,
1377 1186 1555 1242 eOctavi,

216 1245 417 1301 conlegae
455 1249 530 1287 tuo
570 1246 754 1300 gratiam
790 1246 964 1286 referes:
1010 1246 1082 1300 qui
1119 1245 1202 1286 nisi
1241 1260 1284 1286 se
1322 1261 1398 1287 suo
1437 1260 1554 1287 more

214 1304 478 1358 iactavisset,
514 1304 639 1345 hodie
676 1307 718 1345 te
755 1304 853 1345 istic
891 1318 1061 1345 muscae
1099 1303 1408 1345 comedissent’.
1469 1303 1555 1345 Me-
1574 1321 1608 1346 20

216 1362 351 1403 moria
386 1365 529 1403 autem
566 1363 629 1403 ita
660 1362 743 1403 fuit
773 1362 908 1416 nulla,
946 1366 993 1403 ut
1027 1362 1300 1416 aliquotiens,
1337 1362 1421 1403 tria
1457 1377 1554 1404 cum

214 1421 529 1475 proposuisset,
565 1423 638 1462 aut
677 1424 875 1474 quartum
914 1421 1086 1462 adderet
1118 1424 1192 1462 aut
1222 1420 1399 1462 tertium
1432 1435 1555 1475 quae-

214 1482 345 1533 reret,
389 1479 462 1532 qui
499 1480 545 1520 in
580 1479 737 1521 iudicio
775 1479 942 1533 privato
981 1479 1047 1520 vel
1085 1493 1303 1533 maxumo,
1346 1494 1442 1521 cum
1474 1494 1553 1535 ego

215 1552 294 1591 pro
327 1537 487 1578 Titinia
519 1536 670 1579 Cottae
708 1538 1036 1592 peroravissem,
1075 1538 1146 1578 ille
1185 1541 1333 1579 contra
1367 1552 1434 1578 me
1476 1552 1553 1592 pro

219 1595 305 1636 Ser.
351 1595 513 1636 Naevio
564 1596 739 1648 diceret,
790 1596 933 1636 subito
983 1599 1122 1637 totam
1172 1611 1343 1636 causam
1393 1596 1552 1637 oblitus
1572 1612 1606 1638 25

216 1656 282 1694 est
324 1654 450 1707 idque
494 1654 708 1695 veneficiis
759 1657 801 1694 et
845 1653 1116 1695 cantionibus
1159 1653 1343 1695 Titiniae
1392 1654 1554 1695 factum

147 1721 308 1753 218esse
352 1712 530 1752 dicebat.
593 1711 751 1766 Magna
787 1712 891 1753 haec
930 1711 1193 1753 immemoris
1230 1712 1376 1767 ingeni
1414 1712 1554 1767 signa3

216 1770 290 1811 sed
325 1769 434 1810 nihil
472 1770 638 1824 turpius
678 1784 805 1823 quam
846 1770 958 1824 quod
996 1770 1126 1811 etiam
1162 1770 1208 1811 in
1239 1771 1410 1825 scriptis
1450 1771 1554 1811 obli-

215 1828 458 1869 viscebatur
496 1828 597 1882 quid
633 1828 761 1882 paulo
794 1831 891 1869 ante
923 1828 1155 1882 posuisset,
1195 1831 1243 1870 ut
1272 1829 1318 1869 in
1349 1843 1398 1870 eo
1429 1829 1554 1883 libro,

216 1886 290 1927 ubi
327 1901 370 1927 se
409 1889 633 1927 exeuntem
670 1901 691 1927 e
733 1889 883 1927 senatu
923 1889 965 1927 et
1007 1901 1102 1928 cum
1139 1886 1281 1928 Pansa
1318 1890 1468 1928 nostro
1509 1890 1553 1928 et
1571 1903 1606 1930 30

216 1959 313 1985 cum
350 1944 532 1985 Curione
570 1944 659 1985 filio
698 1945 1025 1998 conloquentem
1062 1945 1167 1986 facit
1205 1947 1319 1997 [cum
1358 1948 1553 1986 senatum

216 2002 372 2043 Caesar
404 2003 551 2043 consul
582 2002 821 2055 habuisset]
866 2003 1087 2057 omnisque
1124 2004 1195 2044 ille
1229 2018 1367 2045 sermo
1399 2004 1552 2045 ductus

216 2064 282 2101 est
319 2075 340 2101 e
378 2061 700 2115 percontatione
740 2060 802 2102 fili
841 2061 942 2115 quid
978 2061 1023 2101 in
1062 2065 1212 2106 senatu
1249 2065 1361 2103 esset
1398 2065 1552 2103 actum.

214 2118 266 2160 In
304 2133 387 2172 quo
426 2119 571 2160 multis
609 2119 750 2160 verbis
794 2133 891 2160 cum
933 2119 1204 2161 inveheretur
1246 2120 1292 2161 in
1329 2119 1553 2162 Caesarem

215 2177 343 2218 Curio
376 2177 694 2231 disputatioque
727 2180 840 2218 esset
865 2177 977 2218 inter
1003 2192 1088 2233 eos,
1119 2182 1166 2220 ut
1192 2181 1258 2220 est
1289 2179 1550 2220 consuetudo
1571 2193 1604 2220 35

215 2235 495 2290 dialogorum,
527 2250 623 2276 cum
656 2250 792 2277 sermo
825 2239 938 2277 esset
968 2236 1194 2278 institutus
1227 2240 1378 2278 senatu
1409 2237 1554 2291 misso,

215 2308 342 2348 quem
375 2297 569 2335 senatum
602 2293 757 2335 Caesar
789 2294 937 2335 consul
967 2294 1201 2350 habuisset,
1230 2295 1447 2349 reprendit
1479 2309 1548 2336 eas
