1643 2526
112 78 195 119 188
620 78 683 112 DE
711 78 934 113 ORATORE

109 174 261 215 leviter
304 189 476 215 sensum
518 174 738 228 voluptate
779 176 997 227 moveant,
1036 172 1238 214 facillime
1278 172 1450 228 fugiant

43 233 366 274 100satietatem.
429 231 498 273 Sic
532 232 728 272 omnibus
759 231 807 272 in
835 232 962 272 rebus
994 231 1288 285 voluptatibus
1319 232 1450 272 maxi-

111 291 192 332 mis
217 291 438 332 fastidium
458 290 690 331 finitimum
710 293 793 344 est3
821 304 903 344 quo
929 290 1010 331 hoc
1030 289 1171 330 minus
1190 289 1237 330 in
1257 290 1448 331 oratione

111 349 327 403 miremur,
357 349 402 389 in
434 363 518 402 qua
547 349 615 390 vel
647 363 698 389 ex
728 349 866 402 poetis
898 348 965 388 vel
997 363 1048 388 ex
1080 348 1323 389 oratoribus
1354 362 1449 402 pos-

111 422 257 448 sumus
276 407 465 448 iudicare
484 407 734 448 concinnam
754 406 1001 447 distinctam
1022 409 1218 447 ornatam
1236 406 1448 461 festivam,
1467 423 1483 449 5

113 466 202 507 sine
233 466 570 520 intermissione,
606 465 696 506 sine
728 465 1074 519 reprehensione,
1107 464 1197 505 sine
1229 465 1450 519 varietate,

113 524 306 577 quamvis
328 524 452 565 claris
480 523 536 565 sit
562 523 776 565 coloribus
802 523 919 577 picta
944 523 1010 564 vel
1035 523 1177 577 poesis
1205 523 1271 564 vel
1299 523 1450 578 oratio,

111 597 199 623 non
234 597 359 637 posse
400 582 446 623 in
486 582 766 623 delectatione
808 596 899 622 esse
941 581 1150 622 diuturna.
1212 581 1356 635 Atque
1399 595 1448 622 eo

113 641 239 682 citius
271 641 317 681 in
349 640 531 681 oratoris
565 643 638 681 aut
675 640 720 680 in
749 644 900 694 poetae
933 640 1140 681 cincinnis
1173 654 1220 680 ac
1260 639 1356 681 fuco
1391 639 1450 680 of—

111 699 317 753 fenditur7
348 699 460 753 quod
493 713 640 740 sensus
671 699 717 738 in
746 698 881 739 nimia
911 698 1131 752 voluptate
1161 701 1333 752 natura,
1362 712 1448 739 non
1470 716 1503 740 10

112 760 254 798 mente
288 758 517 811 satiantur3
553 757 597 797 in
637 757 807 810 scriptis
846 760 888 797 et
924 756 971 796 in
1002 757 1126 797 dictis
1163 770 1251 797 non
1283 756 1449 797 aurium

114 815 270 869 solum,
308 816 380 856 sed
418 815 548 856 animi
585 815 742 856 iudicio
781 815 911 855 etiam
948 814 1086 869 magis
1122 814 1315 855 infucata
1345 814 1451 855 vitia

112 877 360 914 noscuntur.
411 872 549 921 Quare
580 873 706 914 bene
738 876 781 914 et
811 873 1072 927 praeclare
1105 873 1299 926 quamvis
1324 872 1449 913 nobis

114 946 238 985 saepe
276 932 459 981 dicatur-3
497 931 628 972 belle
667 935 709 972 et
746 931 932 972 festive
968 930 1150 971 nimium
1182 945 1306 985 saepe
1337 931 1449 971 nolo.

115 990 384 1043 Quamquam
402 990 477 1030 illa
500 990 594 1044 ipsa
615 990 885 1031 exclamatio:
911 989 1024 1030 Non
1048 992 1223 1043 potest
1249 989 1450 1043 melius,
1471 1006 1503 1032 15

115 1048 171 1088 sit
207 1049 335 1089 velim
374 1049 540 1102 crebra3
585 1049 657 1088 sed
696 1048 853 1088 habeat
893 1050 1037 1088 tamen
1075 1047 1151 1087 illa
1187 1047 1232 1087 in
1273 1047 1449 1088 dicendo

115 1106 340 1147 admiratio
362 1121 410 1148 ac
431 1121 597 1147 summa
616 1106 708 1146 laus
729 1107 925 1146 umbram
945 1106 1131 1159 aliquam
1158 1108 1200 1146 et
1224 1119 1450 1159 recessum,

116 1179 198 1218 quo
239 1165 377 1219 magis
417 1165 479 1218 id,
520 1165 634 1218 quod
673 1164 754 1205 erit
790 1164 1098 1217 illuminatum,
1139 1167 1282 1204 extare
1322 1167 1448 1217 atque

46 1223 298 1263 102eminere
318 1223 522 1263 videatur.
566 1223 797 1276 Nunquam
824 1222 914 1277 agit
939 1222 1050 1263 hunc
1077 1236 1247 1262 versum
1266 1221 1449 1263 Roscius

114 1295 163 1321 eo
197 1284 333 1336 gestu⁷
365 1295 448 1334 quo
479 1284 638 1335 potest:
1469 1298 1503 1323 20

54 850 109 891 26

45 919 106 949 101

142 1355 267 1397 Nam
295 1356 498 1410 sapiens
525 1356 710 1397 virtuti
736 1356 976 1397 honorem
1001 1355 1296 1410 praemium,
1319 1355 1450 1396 haud

957 1414 1195 1468 praedam
1225 1413 1377 1468 petit3

114 1485 187 1525 sed
220 1484 350 1525 abicit
381 1498 570 1538 prorsus,
600 1487 649 1523 ut
680 1484 724 1523 in
755 1484 967 1537 proximo:

144 1558 231 1600 Set
264 1559 381 1612 quid
413 1558 589 1599 video?
626 1558 762 1599 ferro
802 1562 1008 1612 saeptus
1045 1558 1276 1612 possidet
1316 1559 1450 1600 sedes

957 1631 1147 1670 sacras,
1467 1634 1500 1659 25

111 1687 273 1728 incidat
305 1686 485 1740 aspiciat
512 1686 744 1727 admiretur
770 1689 998 1740 stupescat.
1049 1685 1188 1734 Quid?
1224 1686 1297 1726 ille
1325 1686 1448 1727 alter:

143 1762 270 1811 Quid
301 1766 468 1816 petam
499 1761 753 1816 praesidi?

113 1847 239 1885 quam
265 1831 431 1886 leniter⁷
457 1846 585 1885 quam
611 1831 799 1885 remisse,
825 1846 951 1884 quam
977 1827 1065 1871 noi]
1091 1833 1282 1872 actuose!
1313 1832 1448 1872 instat

112 1905 225 1931 enlm

141 1959 175 2000 O
207 1963 371 2014 pater,
403 1974 426 2000 o
458 1960 645 2014 patria,
679 1973 702 2000 o
735 1958 924 2000 Priami
957 1960 1146 2000 domus!
1467 1983 1501 2007 30

109 2035 156 2076 in
197 2049 279 2089 quo
320 2038 443 2075 tanta
484 2034 740 2075 commoveri
782 2034 893 2075 actio
931 2048 1017 2075 non
1054 2038 1219 2089 posset,
1259 2035 1294 2076 si
1336 2038 1448 2076 esset

113 2096 367 2146 consumpta
411 2093 626 2146 superiore
671 2096 792 2133 motu
835 2095 878 2133 et
922 2092 1138 2134 exhausta.
1211 2092 1361 2147 Neque
1403 2094 1448 2134 id

111 2154 276 2193 actores
302 2151 420 2205 prius
440 2151 638 2191 viderunt
665 2166 791 2204 quam
816 2150 899 2204 ipsi
924 2154 1088 2205 poetae,
1114 2166 1242 2205 quam
1267 2151 1446 2205 denique

111 2210 176 2250 illi
203 2209 343 2262 etiam,
377 2209 450 2263 qui
476 2209 668 2250 fecerunt
695 2209 857 2262 modos,
888 2224 913 2249 a
939 2209 1093 2262 quibus
1119 2209 1311 2263 utrisque
1338 2224 1447 2250 sum-

108 2268 298 2309 mittitur
338 2267 518 2321 aliquid,
561 2267 709 2308 deinde
754 2270 935 2321 augetur
979 2271 1232 2308 extenuatur
1272 2268 1447 2308 inflatur
1466 2283 1500 2309 35
