1643 2526
356 80 500 115 LIBER
526 80 551 115 I.
603 79 704 116 CAP.
729 84 880 116 27-28.
930 84 949 123 ξ
977 83 1174 116 119-126.
1383 81 1439 122 29

98 176 170 231 qui
202 178 442 230 coeperunt.
493 175 596 217 Fuit
626 176 740 217 enim
771 176 974 217 mirificus
1008 176 1180 231 quidam
1210 176 1257 217 in
1282 175 1438 219 Crasso

96 234 251 289 pudor,
289 234 361 288 qui
398 237 544 275 tamen
579 248 666 275 non
699 234 843 286 [modo
874 236 979 286 non]
1021 235 1192 276 obesset
1224 234 1315 276 eius
1349 249 1438 276 ora—

97 293 225 347 tioni,
263 293 336 334 sed
372 292 503 333 etiam
539 293 770 347 probitatis
803 293 1172 334 commendatione
1203 294 1435 348 prodesset.

97 350 206 392 Tum
225 350 455 405 Antonius,
481 350 627 406 Saepe,
652 355 700 392 ut
726 351 844 406 dicis,
868 351 1022 406 inquit,
1047 352 1237 392 animum
1263 352 1438 407 adverti,
1452 352 1506 393 27

61 424 78 451 5
99 409 269 464 Crasse,
300 412 344 450 et
374 412 416 450 te
449 412 491 450 et
523 413 686 451 ceteros
719 424 909 451 summos
943 412 1154 464 oratores,
1193 424 1436 464 quanquam

97 467 178 509 tibi
208 483 286 522 par
317 482 412 509 mea
443 469 654 509 sententia
684 483 810 509 nemo
842 482 1030 522 unquam
1061 468 1162 523 fuit,
1192 468 1239 509 in
1270 469 1436 510 dicendi

97 526 269 567 exordio
308 526 557 580 permoveri.
619 525 749 568 Cuius
790 527 961 580 quidem
998 526 1058 567 rei
1096 541 1225 580 quom
1263 537 1505 569 causam123

98 599 343 639 quaererem
381 585 583 638 quidnam
620 588 750 640 esset,
789 600 862 626 cur
898 588 947 626 ut
982 584 1028 625 in
1066 599 1234 639 quoque
1267 589 1437 626 oratore

97 643 330 698 plurimum
355 646 468 684 esset
486 643 548 684 ita
567 644 750 684 maxime
769 643 805 684 is
825 644 1158 698 pertimesceret,
1182 643 1260 685 has
1286 658 1435 685 causas

46 718 79 743 10
97 701 366 743 inveniebam
404 701 525 742 duas:
562 717 710 755 unam,
751 702 863 757 quod
899 702 1199 757 intellegerent
1238 702 1289 756 ii,
1330 716 1435 756 quos

97 775 200 801 usus
233 775 281 801 ac
311 763 466 801 natura
497 760 725 814 docuisset,
760 774 848 801 non
875 774 1095 814 nunquam
1128 760 1305 801 summis
1346 775 1436 801 ora-

97 818 263 860 toribus
294 833 381 859 non
413 819 517 859 satis
550 833 601 859 ex
633 819 845 860 sententia
870 822 1069 860 eventum
1097 819 1262 860 dicendi
1293 833 1437 873 proce-

99 877 213 931 dere3
238 877 301 918 ita
324 891 412 918 non
430 877 598 931 iniuria,
624 877 1002 931 quotienscumque
1030 877 1230 931 dicerent,
1253 877 1297 918 id
1324 878 1436 931 quod

100 935 326 989 aliquando
365 938 511 988 posset
552 935 740 976 accidere
776 950 828 976 ne
865 935 940 976 illo
976 935 1071 989 ipso
1104 939 1297 989 tempore
1330 936 1436 976 acci—

47 1008 80 1035 15
101 994 235 1048 deret,
271 993 433 1034 timere.
493 993 644 1034 Altera
682 997 746 1034 est
783 993 906 1047 haec,
943 994 992 1034 de
1031 1008 1114 1047 qua
1153 993 1272 1047 queri
1311 1004 1507 1048 saepe124

101 1053 236 1093 soleo:
280 1052 393 1105 quod
437 1054 673 1093 ceterarum
716 1052 910 1092 homines
959 1052 1116 1093 artium
1164 1052 1346 1106 spectati
1393 1055 1435 1093 et

99 1110 270 1165 probati
302 1110 338 1151 si
371 1111 538 1164 quando
572 1110 732 1164 aliquid
773 1110 912 1151 minus
944 1110 1050 1151 bene
1081 1110 1275 1151 fecerunt
1308 1125 1436 1164 quam

100 1169 252 1223 solent,
272 1172 346 1210 aut
363 1169 553 1209 noluisse
575 1171 648 1209 aut
667 1169 908 1210 valetudine
928 1168 1124 1223 impediti
1143 1183 1231 1209 non
1244 1169 1436 1222 potuisse

100 1227 303 1282 consequi
327 1227 371 1268 id
392 1227 504 1280 quod
525 1226 682 1268 scirent
706 1230 913 1281 putantur
932 1251 989 1256 -—
1014 1227 1201 1282 noluit,
1225 1227 1438 1281 inquiunt,

47 1302 81 1327 20
99 1285 248 1326 hodie
280 1299 427 1340 agere
454 1285 670 1326 Roscius
698 1288 771 1326 aut
798 1285 1001 1326 crudior
1032 1285 1133 1326 fuit
1160 1310 1226 1340 —,
1253 1285 1436 1326 oratoris

100 1346 323 1398 peccatum
368 1343 403 1383 si
447 1343 560 1396 quod
604 1346 669 1384 est
710 1343 899 1384 animum
941 1344 1182 1397 adversum,
1226 1343 1437 1384 stultitiae

100 1404 323 1456 peccatum
353 1401 531 1442 videtur.
595 1400 789 1442 Stultitia
821 1404 964 1442 autem
1001 1401 1319 1442 excusationem
1350 1412 1506 1443 non125

100 1460 249 1514 habet,
287 1459 386 1513 quia
422 1474 547 1500 nemo
579 1459 747 1500 videtur
779 1463 853 1500 aut
885 1459 984 1513 quia
1016 1460 1169 1500 crudus
1202 1459 1333 1500 fuerit
1364 1462 1438 1500 aut

104 1518 216 1571 quod
245 1518 308 1558 ita
339 1517 537 1558 maluerit
569 1518 725 1558 stultus
758 1517 901 1558 fuisse.
964 1516 1056 1566 Quo
1095 1518 1226 1558 etiam
1265 1518 1437 1572 gravius

48 1593 83 1619 25
102 1576 306 1618 iudicium
336 1576 383 1616 in
413 1576 589 1617 dicendo
622 1576 825 1617 subimus.
876 1575 1082 1624 Quotiens
1109 1576 1222 1616 enim
1248 1576 1440 1630 dicimus,

101 1635 260 1676 totiens
293 1635 342 1675 de
373 1635 498 1675 nobis
529 1634 759 1687 iudicatur3
792 1637 833 1675 et
860 1635 932 1688 qui
965 1634 1095 1675 semel
1125 1634 1170 1675 in
1197 1637 1321 1689 gestu
1345 1649 1439 1688 pec-

102 1693 233 1747 cavit,
268 1707 356 1734 non
393 1692 594 1733 continuo
634 1693 903 1733 existimatur
938 1692 1101 1734 nescire
1141 1695 1328 1747 gestum,
1366 1692 1439 1746 qui

103 1754 244 1792 autem
273 1751 319 1791 in
351 1751 526 1792 dicendo
554 1751 655 1804 quid
680 1751 960 1804 reprehensus
988 1754 1065 1805 est,
1097 1754 1170 1792 aut
1197 1754 1369 1792 aeterna
1393 1751 1439 1790 in

102 1824 151 1850 eo
190 1812 264 1850 aut
301 1812 414 1850 certe
455 1809 657 1849 diuturna
696 1809 810 1850 valet
851 1809 994 1863 opinio
1035 1809 1264 1850 tarditatis.
1326 1809 1439 1849 Illud

49 1884 83 1910 30
101 1882 201 1909 vero
234 1867 347 1920 quod
373 1882 397 1908 a
421 1869 464 1908 te
490 1867 652 1908 dictum
678 1871 754 1921 est,
786 1882 877 1908 esse
902 1867 1127 1921 permulta,
1159 1881 1266 1920 quae
1294 1870 1438 1908 orator

103 1941 127 1967 a
157 1928 311 1966 natura
340 1925 424 1966 nisi
455 1925 651 1979 haberet,
687 1939 774 1966 non
805 1925 989 1966 multum
1028 1941 1051 1966 a
1082 1925 1291 1980 magistro
1325 1925 1439 1966 adiu—

101 1986 293 2037 varetur,
335 1983 455 2024 valde
499 1983 580 2024 tibi
624 1983 834 2024 assentior
876 1983 1004 2037 inque
1050 1998 1098 2025 eo
1142 1984 1211 2024 vel
1254 1983 1438 2024 maxime

100 2041 280 2096 probavi
312 2056 525 2082 summum
548 2041 670 2082 illum
697 2042 915 2083 doctorem
939 2041 1284 2083 Alabandensem
1308 2042 1439 2096 Apol—

101 2100 277 2154 lonium,
303 2099 375 2153 qui
398 2114 493 2140 Cum
512 2100 702 2141 mercede
723 2100 906 2154 doceret,
925 2102 1068 2140 tamen
1087 2114 1175 2141 non
1192 2100 1438 2154 patiebatur

49 2174 84 2200 35
104 2172 188 2212 eos,
214 2172 320 2212 quos
338 2157 556 2199 iudicabat
574 2172 660 2199 non
678 2172 805 2211 posse
833 2160 1023 2199 oratores
1051 2159 1238 2212 evadere,
1265 2172 1437 2212 operam

102 2217 214 2270 apud
239 2230 329 2257 sese
354 2216 540 2270 perdere,
571 2216 901 2269 dimittebatque
928 2219 970 2257 et
996 2216 1048 2257 ad
1075 2231 1202 2270 quam
1229 2229 1437 2269 quemque

103 2277 234 2316 artem
277 2274 460 2329 putabat
499 2288 590 2316 esse
629 2278 795 2329 aptum,
834 2274 886 2315 ad
924 2289 1017 2315 eam
1054 2274 1271 2328 impellere
1310 2276 1438 2326 atque

1453 1786 1507 1827 28

1443 1854 1508 1886 126
