1643 2526
519 108 798 144 ADNOTATIO
825 107 1024 145 CRITICA.
1350 109 1447 145 LVII

111 233 153 238 —
186 216 242 248 32.
273 213 402 248 ductus
427 224 444 248 e
476 212 501 248 C
533 215 663 249 ductus
688 217 707 247 ἒ
736 213 771 247 N
802 214 949 248 ducitur
974 225 990 249 e
1016 213 1173 249 Schuetz
1205 215 1333 249 duetus
1358 218 1408 249 est
1431 225 1448 248 e

111 258 222 294 Orell.
249 281 291 285 —
319 264 372 294 34.
400 261 441 295 in
461 272 528 305 quo
625 261 732 295 misso
751 260 834 294 incl.
856 260 989 294 Eberh.
1017 262 1150 306 disput.
1173 287 1201 296 ..
1223 261 1449 306 clialoqorum

109 305 195 341 incl.
221 306 332 350 Kays.
358 327 402 332 -
428 306 467 341 P.
495 311 573 342 279.
601 311 632 341 9.
659 311 786 342 senatu
812 307 837 340 C
863 311 1027 342 senatum
1047 321 1073 341 ω
1101 329 1144 332 -
1172 312 1225 342 10.
1252 309 1311 342 secl
1337 307 1363 342 C
1388 307 1450 342 sed

109 356 142 388 et
167 352 222 387 ed.
244 353 349 388 Rom.
375 358 407 389 et
432 352 578 388 Corrad.
605 374 650 379 —
677 357 730 387 17.
758 355 888 389 aetatis
913 353 1042 388 addidi
1069 375 1110 379 —-
1138 359 1193 389 23.
1220 365 1294 390 non
1318 355 1448 389 medio-

109 401 217 435 criter
242 399 373 444 Stangl
401 421 441 426 —
470 404 525 435 28.
551 402 590 436 Is
614 411 689 435 non
719 399 817 434 Jahn
843 421 886 425 —
914 404 968 435 36.
996 402 1136 436 tametsi
1162 401 1294 436 Eberh.
1321 421 1365 426 —
1392 405 1447 435 37.

110 448 202 491 cepit
226 446 320 482 coni.
349 447 481 492 Stangl
514 468 560 473 —
593 447 632 482 P.
658 450 737 482 280.
765 452 795 481 9.
832 448 873 482 id
897 452 947 482 est
972 459 995 482 a
1020 449 1169 483 iudiciis
1194 447 1279 482 incl.
1306 447 1448 482 Manui.

109 513 155 518 —-
180 494 224 528 ab
250 493 277 527 F
302 505 360 538 ap.
386 493 456 527 En.
496 515 539 519 —
580 498 632 529 12.
668 494 882 529 (lissessesset
906 494 953 528 B¹
979 495 1183 530 cliscedisset
1209 494 1282 529 OD
1317 515 1358 520 —
1395 498 1448 529 15.

109 541 376 585 coqnitionibus
400 540 470 574 FB
486 540 514 576 Ο
534 541 626 575 Ven.
650 545 666 574 1
695 561 738 565 —
765 546 818 575 25.
847 542 888 575 iu
908 545 1086 585 praetura
1110 541 1195 576 incl.
1223 540 1385 575 Schenkl
1406 562 1446 566 —

110 590 164 621 32.
195 587 290 631 Quos
315 592 364 622 est
388 587 490 621 Bake
519 608 560 612 —
591 592 797 622 consecutus
821 592 871 623 est
895 587 1007 630 Jahn;
1047 599 1110 622 an:
1142 592 1192 623 est
1215 591 1378 623 secutus?
1406 608 1448 612 —-

109 637 164 668 34.
191 635 386 669 dissolutus
411 634 458 668 B¹
479 633 615 678 Campe
642 655 685 659 -—
712 638 768 669 35.
793 635 855 669 Ita
876 662 882 668 .
900 662 930 669 ..
951 636 1116 670 rideatur
1139 634 1224 668 incl.
1248 634 1379 678 Stangl
1405 655 1447 659 —

109 683 164 715 37.
191 682 392 715 irrideatur
416 680 544 714 malim
577 701 620 706 —
651 680 689 715 P.
717 684 797 716 281.
826 685 878 715 16.
915 683 1056 726 quidem
1082 680 1107 716 C
1134 682 1281 726 quidam
1306 681 1448 715 Manut.

112 747 152 752 —-
191 731 246 762 20.
287 728 366 762 ulla
401 726 440 761 in
479 727 599 772 spatio
636 727 767 762 relicto
806 727 889 763 add.
927 728 957 761 B
996 748 1040 753 —
1077 729 1185 763 etiam
1222 732 1340 763 autem
1377 728 1448 762 FO

108 773 199 808 Ven.
228 778 245 807 1
272 773 307 807 N
343 795 390 799 —
426 777 481 808 30.
515 775 663 810 maioris
690 774 715 808 C
748 776 915 810 maiorem
940 774 971 808 D
1010 795 1053 800 -
1092 778 1148 809 31.
1175 777 1319 820 percipi
1344 775 1371 809 F
1406 795 1447 800 —

109 824 164 855 35.
203 820 368 866 Namque
394 820 419 855 C
452 821 551 856 Nam
586 821 625 866 Q.
651 821 742 855 Ven.
772 826 788 855 1
828 842 871 846 -
909 821 948 856 P.
976 825 1054 856 282.
1082 826 1114 857 8.
1154 826 1304 856 aetatem
1336 821 1361 856 C
1397 821 1450 865 (in

110 868 205 911 spa-b.
231 867 296 902 rel.
324 867 407 902 add.
434 868 478 912 B)
503 872 653 903 aetatem
678 869 754 902 eius
778 867 870 902 Rob.
899 867 1108 912 Stephanus
1146 889 1189 893 —
1229 873 1260 902 9.
1300 872 1449 903 aetatem

109 924 178 948 om.
201 913 229 948 O
256 934 299 939 -—-
328 918 380 949 14.
408 926 480 958 qua
500 913 525 948 C
544 926 623 950 cum
642 914 724 958 DQ»
740 928 766 948 ω
791 935 838 939 -
864 919 919 949 20.
944 916 1080 950 dicente
1101 914 1125 949 C
1151 916 1272 950 clicens
1293 915 1448 950 Schuetz

109 962 204 995 auct.
231 960 460 1005 Feldhuegel
491 981 536 987 —
567 966 622 996 33.
656 961 830 1006 eliqeretis
857 960 881 995 C
913 962 1085 997 eliceretis
1110 975 1137 995 ω
1169 982 1212 987 -
1244 961 1283 996 P.
1311 965 1390 997 283.
1415 966 1447 996 4.

108 1008 149 1042 id
173 1008 291 1052 ipsum
316 1007 393 1041 BN
428 1029 468 1032 —
503 1012 534 1042 5.
566 1009 716 1053 inquam
741 1009 808 1043 tibi
836 1008 864 1041 B
885 1007 976 1042 Ven.
999 1013 1015 1042 1
1037 1008 1071 1042 N
1106 1028 1145 1034 —
1181 1012 1213 1043 8.
1245 1010 1397 1043 minoris
1423 1007 1448 1042 C

108 1055 262 1089 minores
286 1053 317 1087 D
338 1054 429 1089 Ven.
453 1058 470 1087 1
499 1074 542 1080 —
563 1053 602 1089 P.
623 1059 701 1089 284.
724 1059 754 1088 2.
782 1055 999 1090 admirando
1019 1066 1077 1090 ore
1097 1055 1237 1090 dicebat
1262 1054 1301 1088 in
1323 1055 1448 1089 arche-

109 1101 198 1144 typo
236 1100 350 1134 fuisse
387 1102 476 1145 puto
515 1121 558 1126 -—
597 1102 749 1136 callebat
784 1101 812 1135 O
851 1122 893 1126 —
935 1106 964 1136 7.
1003 1113 1085 1146 neq:
1123 1101 1150 1135 F
1175 1101 1367 1146 (Ven.1‘?)
1404 1122 1448 1127 —

112 1150 165 1182 10.
201 1149 253 1182 sic
280 1147 305 1181 C
334 1148 367 1182 si
391 1147 422 1180 D
454 1148 515 1182 secl
540 1147 650 1182 Orell.
688 1169 735 1174 -—
773 1151 827 1182 18.
868 1150 973 1193 quasi
1002 1159 1146 1183 cursum
1177 1148 1249 1182 del.
1282 1147 1379 1183 Jahn
1406 1169 1447 1174 -

109 1198 164 1229 22.
190 1195 230 1229 Is
249 1193 275 1228 C
301 1195 422 1239 itaque
441 1193 553 1238 Kays.
578 1196 694 1240 iqitur
713 1194 845 1239 Stangl
873 1215 913 1219 —
941 1198 996 1229 34.
1023 1199 1055 1230 et
1074 1206 1177 1239 saepe
1202 1194 1303 1229 Bake
1329 1206 1448 1240 saepe·
1491 1228 1499 1231 .

110 1252 175 1286 que
218 1241 349 1284 Stangl
387 1252 429 1275 ac
471 1252 574 1286 saepe
616 1240 796 1275 Weidner
833 1262 875 1266 -
917 1246 950 1277 et
987 1241 1012 1276 C
1056 1244 1088 1277 ei
1124 1241 1155 1275 D
1176 1243 1219 1286 (‘.>)
1246 1255 1272 1275 ω
1312 1263 1352 1266 -
1393 1247 1448 1277 35.

113 1288 247 1322 Cancer
278 1287 303 1321 C
338 1287 509 1322 011161667-
540 1287 670 1331 D(?)m
709 1308 751 1313 —-
789 1287 827 1322 P.
854 1291 934 1322 285.
961 1292 991 1323 5.
1031 1290 1125 1323 mira
1160 1299 1248 1323 cura
1281 1300 1324 1323 ac
1354 1290 1450 1324 ratio

109 1333 263 1378 Madvig
289 1354 332 1359 —
359 1339 389 1369 6.
417 1335 518 1369 nullo
545 1335 571 1368 F
604 1355 647 1359 —
681 1338 712 1369 8.
738 1336 771 1369 si
796 1334 823 1368 F
849 1336 914 1370 etsi
940 1334 966 1368 C
993 1355 1035 1360 —-
1064 1338 1118 1369 14.
1146 1340 1210 1371 aut
1235 1335 1348 1370 FBO
1374 1339 1450 1370 tum

110 1380 144 1414 N
170 1382 235 1415 aui
261 1379 286 1414 C
313 1400 356 1406 —
385 1384 438 1414 16.
465 1382 505 1415 in
525 1385 595 1416 toto
620 1380 652 1413 D
678 1401 722 1406 —
749 1384 803 1415 26.
832 1382 994 1416 discendi
1018 1381 1144 1416 Lamb.
1173 1403 1215 1406 —
1243 1381 1280 1416 P.
1297 1385 1448 1417 286.21.

110 1427 203 1470 ferre
224 1426 294 1461 del.
308 1427 486 1461 Weidner
508 1448 555 1453 -
580 1432 635 1461 25.
652 1431 825 1472 putaram
844 1427 1023 1462 KVeidner
1044 1449 1084 1452 —
1113 1432 1168 1463 31.
1188 1429 1359 1474 incliqnos
1377 1428 1449 1462 BN

111 1494 154 1498 —
193 1477 248 1509 32.
285 1485 411 1509 uerum
439 1473 464 1508 C
490 1485 610 1509 eorum
635 1474 822 1517 Weidner,
856 1474 942 1509 incl.
969 1473 1124 1518 Madvig
1161 1495 1206 1500 —
1244 1475 1283 1510 P.
1310 1479 1389 1510 287.
1418 1479 1448 1510 6.

110 1521 352 1564 exferuescens
377 1521 402 1555 C
435 1522 528 1564 effer.
555 1520 585 1553 D
601 1522 684 1565 (5³)oe
724 1542 765 1545 —
805 1525 835 1555 9.
876 1522 1062 1556 delinitior
1090 1521 1119 1554 B
1140 1520 1232 1555 Ven.
1256 1526 1271 1555 1
1293 1521 1328 1555 N
1359 1522 1449 1556 clele-

109 1569 208 1602 nitor
234 1580 260 1601 ω
299 1587 343 1592 —-
384 1571 436 1603 15.
471 1568 566 1602 nihil
592 1567 617 1602 C
643 1568 812 1602 nonnihil
838 1567 893 1601 ed.
920 1569 1024 1602 Rom.
1064 1588 1107 1592 —
1149 1571 1201 1602 17.
1243 1567 1273 1603 G
1294 1578 1337 1602 ex
1365 1568 1399 1603 G-
1423 1567 1450 1601 F

113 1614 143 1649 Ο
162 1613 194 1648 D
214 1613 305 1649 Ven.
329 1617 346 1648 1
367 1613 401 1648 N
436 1614 553 1649 Gaius
578 1613 651 1648 ΒΟ
692 1614 752 1649 Gn.
785 1614 926 1648 Manut.
965 1635 1008 1639 —
1047 1618 1103 1649 35.
1141 1616 1314 1659 inquam,
1350 1626 1451 1659 quem

108 1661 207 1695 Jahn
232 1681 275 1686 -
303 1665 358 1695 37.
383 1662 439 1695 ita
462 1665 495 1696 st
519 1661 548 1694 B
573 1662 703 1696 iterum
728 1672 819 1705 mrg.
848 1681 890 1686 —-
924 1661 963 1696 P.
991 1665 1069 1696 288.
1098 1665 1128 1695 1.
1157 1666 1262 1706 atque
1287 1661 1357 1694 FB
1373 1661 1401 1696 O
1417 1661 1450 1695 N

111 1728 154 1733 —
187 1711 217 1742 5.
256 1708 501 1752 frequentibus
527 1707 552 1742 C
585 1708 831 1752 frequentibus
861 1709 1046 1743 sententiis
1076 1707 1175 1742 Jahn
1204 1709 1372 1752 frequens
1402 1712 1451 1743 est

109 1756 295 1789 sententiis
320 1753 498 1788 Weidner
524 1775 565 1779 —
593 1757 624 1788 6.
651 1755 749 1800 cliqn.
777 1754 803 1789 C
829 1759 861 1789 et
886 1756 986 1800 (liqn.
1014 1768 1040 1788 ω
1067 1775 1110 1780 -
1138 1758 1169 1789 7.
1197 1756 1291 1799 quod
1316 1756 1452 1790 dicitur

111 1800 136 1836 C
164 1812 232 1835 om.
259 1800 290 1834 D
317 1802 411 1845 quod
437 1802 526 1835 elicit
552 1800 662 1835 Orell.
696 1822 738 1826 —
772 1805 803 1835 9.
831 1812 910 1836 cum
936 1801 961 1836 C
988 1802 1082 1846 quod
1105 1801 1216 1835 Peter
1243 1822 1282 1826 —-
1312 1806 1367 1836 27.
1395 1813 1450 1837 ce-

109 1849 204 1883 ritus
237 1846 264 1881 C
302 1849 438 1882 veritus
463 1858 497 1882 es
532 1847 621 1892 D(‘?)
639 1847 732 1882 Ven.
756 1853 772 1882 1
800 1848 926 1882 Lamb.
967 1868 1008 1872 —
1048 1851 1104 1883 28.
1138 1849 1254 1893 possit
1291 1847 1369 1881 BN
1406 1868 1450 1873 —

111 1898 165 1929 30.
203 1905 247 1929 ne
272 1893 395 1928 BON
425 1905 488 1929 nec
513 1893 537 1928 C
579 1915 619 1919 —
658 1894 697 1929 P.
724 1899 804 1929 289.
831 1900 863 1929 3.
901 1896 991 1939 quin
1022 1893 1047 1929 C
1083 1896 1145 1939 qui
1171 1893 1373 1928 Schneider
1405 1915 1447 1920 —

111 1947 142 1975 5.
168 1941 314 1985 scripsit
333 1940 402 1974 FB
429 1940 503 1984 (hic
522 1940 602 1984 ipse
622 1942 774 1985 correx.)
800 1962 842 1966 —
872 1946 923 1975 10.
952 1943 1109 1986 coqitata
1129 1940 1154 1976 C
1181 1945 1222 1976 ut
1247 1943 1405 1986 coqitata
1424 1955 1451 1975 ω

110 1989 269 2033 coqitata
293 1991 335 2022 ut
354 1987 494 2031 Stangl.
533 1987 618 2022 Non
642 1987 734 2022 haec
759 1999 843 2031 νοΧ,
871 1988 935 2022 sed
956 1989 1144 2032 praeclare
1164 1989 1282 2032 eloqui
1305 1987 1450 2032 pondus

110 2034 235 2069 habeb.
273 2033 424 2068 Rectius
450 2033 566 2078 igitur
589 2038 631 2069 ut
650 2038 796 2079 possent
822 2035 905 2068 Ern.
934 2055 975 2059 —
1005 2038 1057 2068 15.
1083 2035 1191 2077 facile
1216 2034 1287 2068 FB
1303 2034 1377 2069 ON
1407 2054 1450 2059 -

113 2085 167 2116 16.
193 2092 291 2115 nunc
318 2080 343 2113 C
368 2092 456 2115 num
480 2080 701 2115 Laflemand
726 2080 878 2124 Madvig
904 2080 1036 2125 Stangl
1063 2102 1105 2106 -
1131 2082 1297 2116 derelicto
1321 2081 1448 2115 Lamb.

109 2128 244 2162 reiculo
268 2126 422 2170 Madvig
459 2147 502 2152 -—
541 2132 596 2162 21.
631 2139 699 2172 per
723 2132 755 2162 te
781 2132 937 2172 ereptum
965 2138 1009 2161 ex
1033 2127 1128 2162 Plut.
1156 2127 1228 2162 Cic.
1256 2138 1284 2162 c.
1306 2133 1327 2162 4
1354 2129 1450 2171 (863)

111 2174 201 2208 coni.
223 2173 302 2209 Pid.
328 2178 486 2217 ereptum
506 2185 573 2218 per
597 2177 629 2209 te
654 2173 781 2208 malim
812 2195 848 2198 —
877 2178 932 2210 22.
963 2175 1111 2210 Graecis
1130 2174 1234 2209 FOD
1260 2175 1336 2208 illis
1356 2173 1382 2208 C
1405 2194 1451 2198 —

111 2225 166 2256 37.
194 2221 283 2256 liber
309 2220 334 2255 C
363 2221 469 2255 libere
493 2220 590 2254 Jahn
615 2241 659 2246 —
688 2222 723 2254 P.
750 2225 830 2255 290.
858 2225 912 2255 11.
947 2222 1058 2256 baioli
1083 2221 1156 2255 ΒΟ
1185 2242 1226 2246 —
1256 2225 1309 2255 17.
1335 2221 1450 2264 pilum.

110 2267 199 2301 F¹B
215 2266 243 2302 O
279 2267 322 2301 P.
349 2267 454 2301 illum
479 2266 621 2311 Stangl.
672 2267 858 2311 Speciosa,
891 2278 965 2301 non
989 2278 1077 2302 vera
1102 2267 1232 2309 lecti03
1270 2265 1450 2309 numquid

110 2312 170 2347 hic
194 2312 261 2348 illo
286 2312 490 2358 insignior?
522 2334 564 2339 —
601 2316 655 2349 21.
688 2325 799 2359 neque
823 2325 882 2349 eos
906 2314 978 2348 FB
995 2314 1022 2348 O
1054 2325 1117 2349 nec
1143 2325 1199 2350 eos
1225 2313 1250 2348 C
1276 2324 1386 2358 neque
1413 2323 1451 2348 os
