1643 2526
184 135 271 176 214
696 134 758 168 DE
787 133 1010 169 ORATORE

186 246 283 273 cum
315 246 340 272 a
369 233 525 271 natura
555 229 749 284 profecta
780 230 849 283 sit,
879 228 963 269 nisi
994 231 1149 269 natura
1174 230 1343 270 moveat
1375 242 1424 270 ac
1455 228 1522 269 de-

183 289 336 344 lectet,
375 289 483 329 nihil
525 302 624 329 sane
665 288 803 343 egisse
840 287 1044 328 videatur.
1112 285 1233 327 Nihil
1273 289 1338 327 est
1379 289 1522 328 autem

185 351 276 389 tam
308 350 539 403 cognatum
575 346 791 388 mentibus
828 345 988 386 nostris
1026 359 1155 399 quam
1190 344 1357 386 numeri
1395 347 1521 399 atque

186 421 330 461 voces,
368 405 523 459 quibus
555 408 598 446 et
629 404 864 446 excitamur
896 407 938 445 et
968 403 1234 445 incendimur
1266 406 1308 444 et
1338 403 1522 444 lenimur

188 468 231 505 et
272 463 588 519 languescimus
632 466 674 504 et
716 463 769 503 ad
810 462 1075 503 hilaritatem
1119 465 1161 503 et
1205 462 1257 503 ad
1297 461 1522 502 tristitiam
1543 478 1558 502 5

188 537 313 578 saepe
346 522 610 576 deducimur3
648 536 828 576 quorum
864 521 939 562 illa
971 535 1136 562 summa
1166 520 1230 561 vis
1263 519 1522 561 carminibus

188 584 254 622 est
286 581 426 635 aptior
458 583 500 621 et
531 579 740 634 cantibus,
770 594 857 621 non
887 579 1096 634 neglecta,
1128 582 1176 619 ut
1206 578 1313 619 mihi
1344 578 1525 632 videtur,

189 655 214 681 a
256 638 399 680 Numa
441 653 540 694 rege
591 638 838 679 doctissimo
883 637 1200 690 maioribusque
1249 636 1429 691 nostris,
1476 639 1525 677 ut

189 698 410 752 epularum
431 696 701 738 sollemnium
720 697 823 737 fides
845 711 892 737 ac
913 696 1044 737 tibiae
1060 695 1358 750 Saliorumque
1372 709 1523 736 vorsus

187 756 397 810 indicant3
434 756 618 796 maxime
656 758 799 796 autem
836 769 860 795 a
899 753 1077 795 Graecia
1114 757 1256 795 vetere
1298 753 1524 795 celebrata.
1546 769 1578 794 10

190 813 354 862 Quibus
387 814 553 854 utinam
585 813 881 866 similibusque
915 813 964 853 de
995 813 1122 853 rebus
1155 812 1365 866 disputari
1397 826 1524 865 quam

189 873 238 913 de
270 872 505 927 puerilibus
537 872 604 912 his
641 871 871 912 verborum
908 871 1209 912 tralationibus
1247 870 1525 911 maluissetis!

123 930 352 971 198Ve1·um
384 933 432 971 ut
463 930 507 970 in
538 944 663 971 versu
688 929 853 984 volgus,
885 929 920 970 si
947 932 1011 970 est
1036 932 1272 983 peccatum,
1301 928 1430 983 videt,
1455 928 1528 983 sic,

190 989 225 1030 si
247 989 347 1043 quid
371 988 416 1029 in
440 991 590 1029 nostra
616 988 808 1029 oratione
829 988 1051 1042 claudicat,
1077 987 1219 1028 sentit.
1268 985 1349 1028 Sed
1373 989 1526 1041 poetae

188 1061 276 1087 non
305 1047 506 1102 ignoscit,
535 1047 661 1087 nobis
694 1046 903 1101 concedit3
934 1046 1056 1087 taciti
1087 1049 1231 1086 tamen
1263 1060 1408 1086 omnes
1439 1059 1527 1086 non
1547 1061 1579 1085 15

191 1120 281 1146 esse
307 1105 423 1158 illud,
456 1105 568 1158 quod
594 1104 789 1157 diximus,
815 1107 963 1158 aptum
988 1103 1309 1158 perfectumque
1336 1106 1525 1145 cernunt.

189 1162 341 1217 Itaque
360 1163 424 1203 illi
444 1166 620 1217 veteres,
646 1163 756 1204 sicut
780 1162 905 1203 hodie
927 1162 1057 1203 etiam
1075 1162 1303 1202 nonnullos
1323 1162 1526 1216 videmus,

191 1237 288 1263 cum
321 1221 592 1262 circumitum
630 1223 673 1261 et
711 1221 832 1274 quasi
871 1221 1017 1261 orbem
1055 1221 1283 1261 verborum
1320 1220 1525 1261 conficere

190 1294 277 1320 non
307 1282 484 1334 possent
513 1304 571 1308 —
601 1294 700 1320 nam
731 1279 773 1319 id
812 1278 982 1332 quidem
1018 1293 1153 1333 nuper
1190 1278 1257 1319 vel
1294 1293 1420 1332 posse
1459 1278 1527 1319 vel

191 1338 344 1380 audere
366 1337 582 1391 coepimus
603 1362 672 1391 —,
691 1340 813 1378 terna
834 1340 908 1378 aut
927 1337 1028 1377 bina
1048 1340 1122 1378 aut
1142 1336 1337 1377 nonnulli
1357 1336 1526 1392 singula
1545 1352 1578 1377 20

192 1397 322 1437 etiam
363 1396 492 1436 verba
532 1396 748 1450 dicebant3
795 1395 868 1449 qui
910 1395 954 1436 in
992 1395 1067 1436 illa
1109 1394 1292 1435 infantia
1331 1394 1525 1436 naturale

190 1455 308 1508 illud,
328 1454 440 1507 quod
460 1469 582 1495 aures
601 1454 824 1494 hominum
849 1453 1117 1508 flagitabant,
1142 1453 1347 1495 tenebant
1371 1456 1526 1507 tamen,

192 1515 239 1553 ut
271 1515 314 1553 et
344 1513 419 1553 illa
457 1515 597 1553 essent
635 1512 769 1566 paria,
809 1526 916 1566 quae
954 1511 1160 1566 dicerent,
1197 1514 1240 1552 et
1277 1511 1525 1565 aequalibus

121 1594 177 1634 59
190 1570 612 1624 interspirationibus
644 1573 875 1610 uterentur.

124 1622 188 1693 159
309 1628 501 1682 Exposui
533 1628 633 1682 fere,
663 1631 711 1668 ut
741 1628 875 1681 potui,
907 1642 1013 1681 quae
1040 1628 1223 1668 maxime
1250 1627 1302 1668 ad
1328 1630 1524 1668 ornatum
1546 1642 1578 1668 25

193 1686 398 1727 orationis
418 1686 630 1740 pertinere
652 1686 903 1726 arbitrabar.
941 1685 1041 1726 Dixi
1062 1686 1174 1726 enim
1189 1686 1237 1726 de
1258 1685 1526 1740 singulorum

191 1745 315 1785 laude
347 1744 594 1798 verborum,
626 1744 712 1784 dixi
745 1744 794 1784 de
827 1743 1126 1784 coniunctione
1160 1758 1325 1797 eorum,
1357 1743 1443 1783 dixi
1475 1743 1526 1784 de

191 1816 368 1843 numero
401 1805 528 1855 atque
559 1801 709 1842 forma.
766 1800 847 1841 Sed
879 1801 1008 1843 etiam
1035 1801 1070 1842 si
1095 1801 1292 1842 habitum
1318 1801 1525 1843 orationis

193 1864 236 1901 et
263 1860 384 1915 quasi
411 1860 598 1901 colorem
623 1859 807 1913 aliquem
833 1859 1062 1913 requiritis,
1094 1862 1158 1900 est
1185 1862 1227 1900 et
1251 1860 1377 1914 plena
1404 1873 1526 1912 quae-

193 1919 308 1972 dam,
341 1919 413 1959 sed
444 1922 589 1959 tamen
620 1921 750 1967 teres3
790 1920 832 1957 et
863 1917 1022 1971 tenuis,
1059 1932 1145 1958 non
1183 1917 1272 1958 sine
1304 1917 1444 1958 nervis
1477 1932 1524 1958 ac
1544 1934 1578 1959 30

191 1977 373 2026 viribus3
400 1979 441 2017 et
462 1991 522 2030 ea,
548 1991 654 2029 quae
673 1975 886 2030 particeps
907 1975 1128 2030 utriusque
1150 1975 1316 2030 generis
1343 1976 1525 2029 quadam

192 2034 485 2075 mediocritate
500 2035 708 2075 laudatur.
739 2033 818 2073 His
835 2033 972 2073 tribus
987 2034 1135 2088 figuris
1156 2034 1339 2074 insidere
1354 2033 1525 2087 quidam

192 2092 429 2133 venustatis
449 2107 536 2132 non
560 2092 658 2133 fuco
684 2091 846 2145 inlituS,
872 2091 943 2131 sed
969 2092 1175 2146 sanguine
1202 2092 1379 2132 diffusus
1400 2091 1525 2132 debet

123 2151 321 2192 {zoocoloin
365 2150 473 2190 Tum
493 2150 672 2203 denique
697 2149 768 2190 liic
792 2149 916 2189 nobis
945 2153 1089 2190 orator
1112 2150 1176 2190 ita
1197 2149 1524 2191 conformandus

192 2211 257 2250 est
289 2211 332 2249 et
363 2208 503 2249 verbis
537 2211 579 2248 et
611 2207 852 2261 sententiis,
890 2210 957 2261 ut,
996 2222 1121 2260 quem
1159 2208 1210 2248 ad
1247 2208 1420 2248 modum
1452 2207 1524 2260 qui
1543 2224 1577 2249 35

192 2269 372 2308 utuntur
409 2266 537 2307 armis
577 2269 650 2306 aut
686 2265 900 2320 palaestra
936 2279 1022 2305 non
1062 2266 1201 2307 solum
1241 2265 1323 2306 sibi
1360 2265 1522 2306 vitandi

193 2328 267 2365 aut
292 2324 475 2366 feriundi
501 2324 711 2365 rationem
737 2337 828 2364 esse
853 2323 1091 2364 habendam
1116 2326 1281 2378 putent,
1307 2324 1379 2364 sed
1396 2322 1525 2364 etiam
