1643 2526
160 108 244 149 346
733 110 928 145 ORATOR

159 217 352 244 sermone
385 203 620 258 explicatae
653 203 845 246 dilucide.
895 205 1008 246 Dein
1034 205 1069 246 si
1096 206 1236 248 tenuis
1269 221 1397 248 causa
1423 210 1500 262 est,

158 264 251 302 tum
283 262 412 303 etiam
445 263 771 318 argumentandi
803 267 929 305 tenue
958 264 1079 305 filum
1106 268 1148 305 et
1171 264 1217 305 in
1242 265 1430 306 docendo
1457 269 1499 307 et

157 319 203 360 in
234 320 483 375 refellendo,
519 321 645 375 idque
676 321 739 362 ita
771 322 1004 377 tenebitur,
1043 325 1092 363 ut
1130 326 1290 378 quanta
1327 324 1379 365 ad
1409 338 1500 365 rem

91 380 281 419 125tanta
314 379 366 419 ad
399 379 636 420 orationem
667 380 744 421 fiat
775 381 974 422 accessio.
1037 380 1144 422 Cum
1172 396 1271 423 vero
1299 396 1426 423 causa
1451 397 1500 423 ea

158 436 374 491 inciderit,
410 437 456 477 in
488 452 571 491 qua
601 438 665 479 vis
698 439 964 492 eloquentiae
996 440 1135 493 possit
1167 440 1375 495 expromi,
1405 443 1498 482 tum
1537 458 1553 483 5

159 509 202 535 se
234 495 362 536 latius
395 495 545 537 fundet
578 499 741 551 orator,
784 500 877 538 tum
914 501 1034 552 reget
1073 501 1115 539 et
1152 498 1297 540 flectet
1334 498 1498 540 animos

158 556 201 593 et
227 553 288 594 sic
315 553 485 608 afficiet,
516 557 564 595 ut
589 555 716 610 volet,
735 556 778 596 id
805 558 870 596 est
895 559 944 597 ut
969 570 1121 597 causae
1141 559 1295 598 natura
1321 560 1363 598 et
1387 557 1499 599 ratio

158 612 364 665 temporis
396 613 647 666 postulabit.

278 670 359 711 Sed
391 670 472 711 erit
504 672 658 725 duplex
697 672 786 712 eius
826 672 963 714 omnis
1004 676 1180 714 ornatus
1217 673 1289 714 ille
1322 673 1500 715 admira-

157 727 276 782 bilis,
313 732 488 783 propter
521 744 646 783 quem
679 731 869 771 ascendit
899 731 945 771 in
976 734 1148 772 tantum
1179 731 1384 773 honorem
1417 732 1500 773 elo·
1520 750 1552 775 10

159 787 343 839 quentia.
405 786 517 828 Nam
556 803 652 829 cum
691 789 828 829 omnis
866 804 964 843 pars
1005 790 1209 831 orationis
1250 805 1341 831 esse
1374 791 1499 832 debet

156 844 402 899 laudabilis,
442 845 502 886 sic
539 849 587 887 ut
627 847 805 888 verbum
840 847 1007 888 nullum
1043 848 1127 889 nisi
1160 851 1233 889 aut
1265 862 1392 903 grave
1425 852 1499 890 aut

158 902 330 957 elegans
358 903 536 958 excidat,
568 907 661 945 tum
688 908 787 946 sunt
819 905 1001 947 maxime
1034 906 1271 948 luminosae
1304 910 1346 948 et
1378 907 1498 961 quasi

159 964 359 1002 actuosae
386 966 530 1016 partes
559 963 682 1003 duae:
715 977 895 1017 quarum
927 965 1107 1006 alteram
1138 965 1182 1006 in
1212 965 1399 1006 universi
1432 980 1499 1021 ge-

157 1020 271 1060 neris
305 1021 552 1074 quaestione
590 1036 722 1076 pono,
763 1036 908 1076 quam,
948 1025 996 1063 ut
1036 1038 1163 1077 supra
1201 1023 1305 1078 dixi,
1347 1023 1497 1065 Graeci
1520 1042 1552 1067 15

160 1078 377 1131 appellant
404 1078 549 1132 θέσιν,
583 1080 761 1120 alteram
791 1080 838 1121 in
869 1082 1073 1135 augendis
1106 1081 1498 1136 amplificandisque

92 1137 306 1191 126rebus,
348 1152 453 1190 quae
497 1138 549 1178 ab
592 1138 728 1179 isdem
771 1138 951 1192 αὔξησις
993 1142 1058 1180 est
1089 1140 1320 1181 nominata.
1382 1140 1498 1189 Quae

159 1194 240 1235 etsi
267 1195 548 1248 aequabiliter
573 1199 666 1237 toto
693 1211 869 1250 corpore
897 1197 1103 1238 orationis
1129 1198 1225 1239 fusa
1251 1213 1341 1240 esse
1362 1199 1499 1253 debet,

158 1255 303 1293 tamen
327 1253 372 1293 in
399 1254 696 1295 communibus
721 1255 827 1295 locis
854 1256 1037 1296 maxime
1064 1257 1258 1311 excellet3
1290 1257 1362 1310 qui
1388 1272 1499 1298 com—

158 1326 307 1352 munes
335 1315 434 1352 sunt
461 1313 663 1366 appellati
690 1328 752 1367 eo,
778 1314 891 1367 quod
910 1314 1107 1355 videntur
1132 1315 1365 1356 multarum
1384 1315 1497 1357 idem
1519 1335 1551 1359 ρο

159 1384 250 1410 esse
283 1385 520 1425 causarum,
553 1372 625 1412 sed
656 1372 818 1425 proprii
852 1372 1116 1427 singularum
1149 1388 1239 1414 esse
1273 1374 1497 1415 debebunt.

157 1427 217 1468 At
249 1443 348 1469 vero
386 1429 461 1470 illa
496 1444 595 1483 pars
635 1430 860 1484 orationis,
899 1445 1005 1483 quae
1044 1434 1109 1472 est
1142 1432 1191 1472 de
1225 1446 1376 1486 genere
1409 1433 1499 1473 uni-

157 1501 293 1541 verso,
323 1489 438 1528 totas
472 1502 620 1528 causas
653 1503 777 1542 saepe
807 1489 1008 1531 continet.
1059 1490 1269 1543 Quicquid
1295 1494 1359 1531 est
1385 1491 1498 1532 enim

155 1544 279 1598 illud,
315 1545 360 1585 in
393 1560 475 1600 quo
509 1546 630 1599 quasi
662 1550 877 1588 certamen
917 1551 981 1588 est
1015 1549 1348 1603 controversiae,
1385 1550 1498 1603 quod

158 1601 317 1644 Graece
355 1606 616 1657 κρινόμενον
650 1602 822 1659 dicitur,
862 1605 905 1645 id
935 1605 998 1646 ita
1029 1606 1111 1646 dici
1141 1607 1300 1661 placet,
1336 1610 1384 1647 ut
1415 1611 1498 1648 tra-
1518 1625 1552 1650 25

157 1661 336 1701 ducatur
368 1662 420 1701 ad
457 1665 707 1716 perpetuam
747 1663 1040 1716 quaestionem
1073 1667 1199 1717 atque
1231 1665 1295 1705 uti
1328 1665 1377 1705 de
1408 1665 1498 1706 uni-

157 1733 280 1759 verso
326 1733 478 1773 genere
523 1720 706 1774 dicatur,
747 1721 831 1761 nisi
876 1736 971 1762 cum
1016 1722 1065 1762 de
1108 1736 1207 1763 vero
1253 1723 1498 1778 ambigitur,

90 1777 272 1829 127quod
305 1777 451 1830 quaeri
484 1778 729 1819 coniectura
760 1779 879 1819 solet.
940 1779 1118 1820 Dicetur
1144 1783 1287 1821 autem
1310 1795 1397 1821 non
1423 1781 1498 1822 Pe-

156 1834 479 1888 ripateticorum
523 1851 639 1877 more
683 1862 730 1866 --
766 1840 831 1878 est
875 1834 1002 1878 eninr
1031 1838 1203 1880 illorum
1247 1840 1495 1881 exercitatio

156 1893 328 1947 elegans
359 1893 446 1935 iam
476 1894 573 1936 inde
607 1896 658 1936 ab
685 1894 918 1936 Aristotele
951 1897 1188 1938 constituta
1222 1922 1287 1952 —,
1319 1899 1391 1938 sed
1424 1898 1496 1939 ali·
1515 1917 1549 1941 30

157 1954 317 2005 quanto
350 1953 571 1994 nervosius
605 1956 647 1994 et
678 1953 741 1994 ita
773 1954 822 1994 de
854 1968 899 1994 re
932 1955 1174 1996 communia
1206 1956 1412 2010 dicentur,
1449 1959 1497 1997 ut

156 2012 198 2050 et
235 2024 312 2063 pro
351 2010 434 2051 reis
473 2011 608 2052 multa
644 2012 798 2053 leniter
836 2012 1031 2053 dicantur
1069 2016 1111 2054 et
1148 2014 1194 2054 in
1231 2014 1495 2056 adversarios

157 2082 315 2121 aspere.
365 2068 586 2123 Augendis
613 2085 711 2111 vero
738 2070 865 2111 rebus
887 2073 929 2111 et
956 2074 1105 2112 contra
1131 2072 1361 2113 abiciendis
1387 2073 1496 2113 nihil

156 2129 221 2167 est
254 2126 366 2179 quod
396 2140 483 2167 non
520 2129 721 2181 perficere
759 2128 897 2182 possit
930 2130 1084 2180 orati03
1130 2131 1242 2184 quod
1275 2132 1351 2182 [et]
1384 2131 1496 2172 inter

155 2183 294 2224 media
319 2189 572 2238 argumenta
596 2186 837 2227 faciendum
862 2189 927 2227 est
954 2188 1304 2243 quotiescumque
1326 2189 1496 2230 dabitur
1515 2206 1549 2231 35

154 2242 221 2283 vel
253 2242 539 2296 amplificandi
570 2245 636 2285 vel
668 2244 887 2285 minuendi
918 2245 1056 2301 locus,
1093 2250 1136 2288 et
1166 2261 1298 2301 paene
1329 2247 1494 2288 infinite

156 2300 204 2341 in
233 2301 484 2355 perorando.
