1643 2526
151 103 214 138 LX
571 100 848 136 ADNOTATIO
875 100 1074 137 CRITICA.

154 208 243 254 quid
265 207 297 241 D
312 220 339 241 ω
379 227 420 231 -
460 210 491 241 7.
530 207 704 241 eoestitisse
729 205 858 239 Rivius
892 226 935 230 —
968 208 1082 240 cottae
1107 205 1228 249 quales
1254 205 1297 248 (s,
1317 203 1341 238 1.
1366 203 1494 238 melius

153 255 257 291 credo
282 254 477 298 coequales)
503 252 532 286 B
558 253 738 297 coequales
763 252 797 285 N
823 272 867 278 —
895 255 950 286 11.
976 253 1035 287 usi
1059 255 1144 286 sunt
1168 251 1279 286 multo
1305 248 1384 284 Pid.

250 299 456 335 Oratoris
482 298 651 334 codicum
676 310 792 343 genus
818 298 917 333 idem
944 300 1002 332 est
1021 297 1119 341 quod
1140 297 1185 331 de
1207 297 1371 332 Oratore.
1413 295 1492 329 Mu-

154 347 307 382 tilorum
336 349 463 381 tamen
494 345 657 381 omnium
689 345 850 389 optimus
884 346 921 379 et
945 343 1221 380 vetustissimus
1249 344 1306 378 est
1330 354 1423 376 unus
1449 342 1493 384 A,

157 405 201 428 ex
221 404 292 437 quo
314 395 454 428 ceteros
475 403 610 435 omnes,
632 394 724 436 quot
741 391 821 426 noti
842 393 937 432 sunt,
964 390 1151 425 derivatos
1173 401 1253 424 esse
1273 389 1494 432 Heerdegen

155 439 402 484 probabiliter
427 439 562 474 docuit.
607 438 806 474 Continent
831 442 872 480 ἓξ
899 441 1057 472 91-191
1087 439 1125 471 et
1150 440 1346 472 231—238.
1389 435 1494 470 Illius

155 486 336 522 lectiones
363 497 407 520 ex
425 485 573 520 Ernesti
592 485 637 519 de
656 485 817 520 Leutsch
843 484 1042 519 collatione
1067 483 1176 518 hausi
1200 493 1319 526 neque
1345 481 1494 526 neglexi

157 545 247 578 quas
285 535 323 567 et
353 532 574 577 Heerdegen
605 532 661 567 ed.
688 531 787 576 Lips.
818 534 907 566 1884
946 532 982 565 et
1011 530 1152 575 Sandys
1191 530 1247 565 ed.
1280 528 1493 573 Cantabrig.

158 584 249 616 1885
283 579 587 623 subscripserunt.
638 577 877 622 Erlangensis
903 578 935 611 II
960 577 1196 620 varietatem,
1229 587 1323 620 quae
1355 575 1493 620 passim

157 637 180 661 a
203 637 262 661 me
288 628 420 661 notata
445 627 511 669 est,
539 625 602 660 Ch.
622 625 788 660 Hoerner
812 636 929 668 prgm.
956 623 1219 659 Zweibrficken
1247 626 1338 658 1878
1363 621 1493 656 edidit.

156 673 388 718 integrorum
425 674 550 706 autem
587 672 748 716 quinque
783 671 838 716 (L)
870 670 1127 712 adhibuimus,
1165 680 1323 713 quorum
1353 668 1392 711 F,
1431 667 1495 711 qui

157 719 257 754 idem
275 720 314 754 in
332 720 447 753 Bruto
469 718 630 762 optimus
650 722 718 761 est,
744 729 788 752 ex
809 716 1043 761 Heerdegeni
1067 716 1230 751 editione
1258 714 1494 760 sumpsimus,

157 766 186 800 P
213 768 251 800 et
277 766 323 810 O,
362 766 407 800 de
441 765 573 809 quibus
600 776 711 809 supra
736 764 877 798 dictum
902 766 973 807 est,
1013 766 1092 798 tum
1122 763 1421 806 Vitebergensem
1447 762 1495 805 (f)

158 812 234 857 ipsi
269 813 511 855 excussimus,
556 811 849 845 Einsiedlensem
881 810 939 855 (E)
978 821 1021 844 ex
1054 810 1110 845 ed.
1144 809 1253 844 Orell.
1287 810 1371 843 Tur.
1406 810 1496 842 1830

157 859 335 894 novimus
370 859 519 893 Ceteras
535 858 729 899 editiones,
751 868 842 901 quas
861 857 1114 899 tractavimus,
1134 855 1282 900 Lipsiae
1301 854 1497 889 ediderunt

159 906 285 949 Meyer
305 907 435 950 (1827),
456 904 604 939 Goeller
620 906 752 948 (1838),
772 903 1037 938 Peter-Weller
1055 904 1186 947 (1838),
1203 901 1342 936 Piderit
1360 900 1495 946 (Halm,

162 953 276 996 1876),
304 952 437 996 Stangl
457 953 589 996 (1885).
639 951 692 985 De
713 950 840 985 codice
859 950 1029 984 Laurent.
1055 949 1084 983 L
1105 953 1160 991 50,
1184 953 1200 983 1
1227 950 1285 991 (=
1304 948 1355 992 lg.
1375 948 1435 992 32)
1459 948 1498 982 et

161 1003 221 1042 18,
256 1009 411 1042 quorum
436 1001 589 1041 uterque
616 998 938 1040 commemoratur,
968 996 1116 1040 scripsit
1142 994 1322 1029 Henricus
1348 994 1498 1028 Rubner

160 1057 278 1089 prgm.
313 1045 442 1089 Spirae
477 1048 577 1079 1882.
628 1044 739 1078 Henr.
765 1043 914 1077 Muther
946 1054 1013 1077 sua
1042 1043 1082 1076 in
1106 1041 1371 1077 Wochenschr.
1394 1041 1420 1076 f.
1445 1040 1496 1074 kl.

159 1092 253 1127 Phil.
282 1095 371 1127 1886
397 1103 431 1125 n.
453 1095 509 1134 37,
531 1095 587 1134 38,
608 1095 652 1125 39
678 1090 844 1133 protulit.

254 1139 308 1173 M.
339 1138 511 1173 TULLI.
547 1137 836 1172 CICERONIS.
873 1135 1094 1171 ORATOR.
1126 1135 1236 1170 inser.
1262 1135 1289 1168 F
1316 1145 1387 1169 om.
1413 1133 1496 1169 ΟΡ.

163 1184 375 1220 ORATOR
395 1185 531 1218 subscr.
552 1184 594 1218 A.
608 1184 695 1218 AD.
719 1184 791 1218 BR
800 1183 957 1218 UTUM.
979 1182 1063 1217 add.
1079 1182 1102 1217 f.
1119 1203 1161 1207 —
1178 1186 1232 1216 19.
1248 1192 1316 1226 quo
1330 1181 1357 1214 L
1377 1181 1438 1216 cui
1451 1180 1497 1214 Ρ2

160 1252 204 1257 -
231 1236 287 1266 23.
312 1232 448 1266 nollent
468 1230 495 1265 O
522 1231 640 1265 nolint
658 1230 676 1263 f
699 1250 739 1255 -
769 1233 823 1264 26.
851 1234 915 1264 aut
939 1234 1076 1264 natura
1099 1240 1167 1263 sua
1193 1228 1263 1262 del.
1282 1227 1428 1271 Sauppe
1453 1247 1496 1252 —

161 1282 227 1314 aut
245 1280 291 1322 (2,
310 1282 369 1317 14;
390 1281 445 1321 20,
461 1280 521 1319 24;
545 1282 599 1320 74,
617 1282 674 1319 13;
702 1276 747 1310 de
767 1276 825 1311 off.
840 1276 855 1310 I
871 1279 915 1310 28
935 1275 1228 1319 CFWMueller)
1246 1273 1317 1309 del.
1332 1273 1495 1318 Madvig.

161 1325 211 1359 At
235 1326 422 1369 ingenium
446 1328 602 1359 naturae
625 1335 712 1368 pars
738 1333 812 1357 una
837 1323 896 1367 (de
922 1333 971 1358 or.
994 1322 1009 1355 I
1032 1323 1123 1365 113).
1150 1343 1193 1346 —
1220 1322 1258 1356 P.
1280 1324 1357 1355 315.
1378 1324 1410 1355 4.
1435 1322 1499 1356 An

161 1371 189 1405 L
215 1371 313 1406 Nam.
339 1385 366 1405 ω
393 1371 486 1406 Sane
512 1382 610 1414 susp.
638 1369 748 1405 Orell.
774 1389 819 1395 —
854 1374 905 1403 12.
938 1370 982 1404 ab
1009 1370 1149 1404 artibus
1172 1367 1220 1403 P²
1245 1369 1340 1412 (158,
1360 1370 1420 1407 33;
1453 1367 1498 1400 de

161 1417 235 1452 inv.
262 1418 397 1461 11164)
437 1439 479 1441 -
518 1421 574 1451 25.
605 1417 855 1462 piaesentibus
881 1416 907 1450 L
935 1426 1026 1450 corr.
1053 1428 1080 1449 ω
1117 1435 1162 1440 -—
1199 1418 1253 1449 31.
1284 1425 1445 1458 unquam
1469 1413 1496 1447 L

160 1476 357 1509 numquam
381 1463 427 1497 E¹
454 1484 497 1489 -—
524 1468 580 1499 35.
608 1475 670 1498 an:
698 1464 792 1508 quod
817 1466 957 1498 tamen?
980 1482 1027 1487 —
1051 1462 1090 1496 P.
1111 1465 1190 1496 316.
1214 1464 1265 1495 10.
1292 1472 1335 1495 ea
1439 1471 1497 1495 ca-

162 1512 255 1546 (Iunt
273 1510 357 1546 incl.
378 1510 528 1545 Rubner
554 1531 596 1535 ——
625 1515 678 1544 11.
699 1511 847 1553 cadunt,
868 1511 950 1554 ipsa
969 1520 1043 1543 non
1061 1509 1160 1542 cadit
1179 1507 1333 1541 emendo
1353 1508 1447 1551 (318,
1461 1509 1496 1550 8)

162 1557 285 1592 Fleck.
315 1562 392 1601 123,
416 1562 481 1592 180
515 1578 556 1582 -
592 1561 645 1591 17.
678 1558 828 1600 affluere
852 1555 979 1589 malim
1006 1554 1128 1589 Fleck.
1157 1558 1234 1596 111,
1254 1557 1333 1588 857.
1382 1552 1498 1587 Plane

163 1604 210 1638 ab
236 1604 306 1638 hoc
332 1604 412 1638 loco
440 1604 553 1638 Acad.
580 1603 596 1636 1
616 1606 659 1636 31
691 1602 864 1646 (Sandys)
895 1601 1078 1636 abhorret.
1118 1620 1159 1625 ——
1198 1604 1254 1634 22.
1292 1601 1446 1635 oratoris
1470 1599 1498 1633 L

163 1654 347 1686 oratorum
378 1649 396 1683 f
405 1649 439 1683 N
479 1671 520 1674 —
561 1654 615 1684 23.
654 1660 695 1684 ea
803 1650 956 1692 antiqua
1061 1648 1280 1682 subobscura
1314 1646 1416 1680 Bake
1453 1666 1497 1671 —

163 1701 218 1731 34.
251 1697 507 1740 multiplicium
532 1695 576 1729 F¹
607 1696 847 1739 multiplicum
872 1695 899 1728 L
936 1715 980 1719 —
1017 1695 1056 1729 P.
1084 1698 1162 1728 317.
1190 1697 1222 1727 5.
1259 1693 1327 1728 illa
1357 1693 1499 1737 quidem

163 1743 219 1778 ed.
246 1743 351 1777 Rom.
391 1763 432 1767 —-
475 1745 526 1776 17.
566 1743 656 1777 aicit
686 1741 735 1785 lg.
757 1745 799 1775 32
833 1741 941 1785 (Plat.
969 1740 1124 1776 Phaedr.
1155 1739 1261 1774 269Ε
1288 1739 1499 1773 κινδυνεύει

164 1788 313 1829 εἰκότως
338 1788 530 1833 γενέσθαι)
556 1809 597 1814 -
625 1791 680 1822 20.
707 1789 874 1823 didicisse
899 1791 975 1822 tum
1006 1787 1162 1821 Schuetz
1189 1807 1231 1811 —
1257 1790 1314 1821 31.
1341 1787 1499 1821 orationi

162 1835 210 1870 Ἐ2
236 1838 373 1871 oratori
402 1835 488 1870 Em.
526 1855 569 1860 —
609 1835 696 1880 quid
726 1835 769 1870 de
798 1836 875 1870 vita
906 1833 1048 1878 Sandys
1086 1853 1128 1858 —-
1167 1837 1222 1867 32.
1259 1834 1393 1867 satisne
1422 1833 1499 1867 sine

163 1882 259 1917 Reid
286 1903 326 1908 —-
355 1886 409 1917 33.
431 1886 547 1927 potest
571 1881 697 1915 Lamb.
731 1901 772 1905 —-
805 1882 844 1915 P.
871 1884 949 1915 318.
977 1884 1032 1914 25.
1065 1881 1160 1915 varii
1185 1879 1329 1913 inclusi.
1364 1878 1497 1913 Philol.

163 1933 219 1972 44,
242 1933 308 1964 669
342 1949 384 1954 -
417 1932 472 1963 29.
504 1930 682 1963 instructa
706 1927 733 1961 L
758 1931 895 1962 structa
920 1926 1005 1960 Ern.
1035 1947 1078 1951 —
1105 1928 1298 1961 terminata
1321 1926 1499 1960 consecuti

161 1980 248 2011 sunt
272 1975 355 2010 Ald.
381 1975 466 2009 vid.
493 1975 537 2009 de
564 1974 622 2009 off.
649 1974 699 2009 ΙΙΙ
722 1977 786 2008 109
812 1973 1118 2019 (CFWMueller)
1151 1992 1197 1998 —
1232 1977 1286 2006 31.
1320 1973 1446 2006 limata
1470 1971 1498 2004 L

163 2026 196 2057 et
221 2023 349 2057 limata
373 2021 500 2056 Lamb.
528 2022 645 2056 limati
671 2034 697 2055 ω
732 2040 776 2045 -
811 2024 866 2055 34.
899 2021 992 2055 idem
1015 2020 1085 2063 fac.
1113 2019 1158 2054 P¹
1190 2039 1235 2044 —-
1267 2022 1321 2053 36.
1352 2019 1499 2062 flumine

162 2068 258 2103 Non.
298 2089 341 2094 —-
374 2071 428 2103 37.
454 2072 495 2103 ut
520 2069 650 2103 cinnas
674 2068 769 2102 Non.
807 2087 853 2092 —
886 2066 925 2101 P.
952 2070 1030 2100 319.
1058 2070 1089 2100 3.
1120 2066 1330 2108 facultatem
1354 2064 1382 2098 L
1408 2075 1497 2098 corr.

163 2115 305 2150 Manut.
345 2135 386 2140 -—
425 2116 678 2159 aequalitatem
714 2113 742 2147 L
777 2124 867 2148 corr.
900 2113 1040 2146 Manut.
1079 2132 1122 2138 —
1162 2116 1192 2146 7.
1231 2113 1271 2146 in
1301 2112 1456 2156 sinyulis
1485 2110 1504 2143 f

162 2163 318 2207 sinyulis
342 2161 369 2194 L
394 2162 532 2206 sinyuli
558 2172 601 2195 ex
627 2161 787 2194 Borrom.
814 2159 894 2194 cod.
920 2159 1061 2192 Manut.
1088 2178 1133 2184 —
1160 2162 1214 2192 18.
1241 2169 1306 2203 que
1329 2159 1406 2192 uim
1430 2156 1498 2190 FO

164 2220 265 2254 quem
294 2209 371 2243 uim
406 2207 434 2241 P
464 2218 646 2251 unumque
670 2207 689 2240 f
716 2218 817 2251 quem
842 2207 946 2241 velim
971 2204 1120 2239 Muther
1144 2224 1188 2230 -
1215 2208 1269 2239 24.
1295 2215 1339 2239 ne
1367 2202 1451 2237 add.
1471 2216 1499 2236 ω

164 2275 208 2281 -
233 2266 307 2290 non
327 2255 429 2290 credo
454 2254 471 2288 f
494 2274 537 2279 -
564 2258 618 2288 26.
645 2254 747 2288 illius
771 2252 801 2286 E
827 2272 870 2277 —
897 2253 935 2287 P.
952 2255 1030 2287 320.
1048 2256 1077 2286 1.
1105 2251 1251 2296 adipale
1275 2251 1304 2284 L
1329 2251 1501 2295 adipatae

162 2301 257 2337 Non.
284 2302 473 2346 adipatum
498 2299 625 2334 Lamb.
653 2320 696 2325 -
723 2303 754 2334 3.
785 2300 938 2335 Graecia
1046 2299 1166 2333 minus
1191 2297 1261 2332 del.
1284 2298 1429 2342 Sauppe
1455 2315 1500 2322 κ-
