1643 2526
370 119 512 154 LIBER
537 119 597 154 ΙΙΙ.
650 118 749 155 ΟΑΡ
776 121 927 153 32-33.
967 121 986 159 ξ
1014 120 1210 152 125-132.
1381 116 1464 158 195

126 218 315 256 oratores
348 215 397 255 de
429 188 780 269 praeclarissimis
814 213 979 254 artibus
1007 212 1276 267 adpetierint,
1308 211 1381 266 qui
1411 226 1463 252 ne

126 273 382 314 sordidiores
415 273 586 327 quidem
617 272 892 327 repudiarint.
948 271 1059 320 Quid
1091 272 1140 312 de
1165 270 1347 311 Prodico
1375 268 1466 324 Cio,

126 332 175 373 de
207 331 526 386 Thrasymacho
559 330 862 384 Calchedonio,
899 330 948 371 de
986 329 1227 385 Protagora
1257 328 1466 369 Abderita

124 389 305 444 loquar?
350 404 532 444 quorum
563 405 672 430 unus
708 389 886 443 quisque
925 388 1160 443 plurimum
1198 387 1464 442 temporibus

89 448 210 489 5illis
249 448 379 489 etiam
415 449 465 489 de
505 451 659 489 natura
702 462 843 488 rerum
881 449 923 488 et
962 447 1162 488 disseruit
1201 450 1243 487 et
1280 445 1464 500 scripsit.

124 507 221 561 Ipse
258 506 328 547 ille
366 506 604 547 Leontinus
644 505 846 561 Gorgias,
889 520 972 559 quo
1010 508 1211 559 patrono,
1253 507 1302 545 ut
1339 504 1534 545 Plat0129

125 565 279 618 voluit,
316 565 574 619 philosopho
614 565 840 606 succubuit
872 566 1034 618 orator,
1073 564 1145 617 qui
1177 566 1251 604 aut
1282 577 1369 604 non
1401 565 1466 603 est

124 624 271 668 victus,
303 638 492 678 unquam
530 639 554 664 a
593 622 767 664 Socrate
805 637 945 676 neque
985 636 1123 663 sermo
1160 621 1233 662 ille
1271 621 1465 662 Platonis

125 696 249 723 verus
276 685 342 722 est
374 685 460 735 aut,
492 681 527 722 si
554 685 618 722 est
647 681 832 735 [victus],
864 680 1132 734 eloquentior
1155 680 1352 721 videlicet
1384 679 1468 720 fuit

75 753 106 777 10
126 743 169 781 et
200 740 399 781 disertior
432 716 629 781 S'ocrates
663 743 724 793 et,
761 742 809 780 ut
847 742 895 780 tu
934 739 1141 804 appellas,
1179 738 1393 792 copiosior
1425 741 1467 778 et

125 798 276 839 melior
314 801 459 839 orator
495 823 542 826 —
579 799 653 839 sed
689 797 758 839 hic
794 797 841 838 in
876 797 952 838 illo
990 797 1084 851 ipso
1122 796 1316 838 Platonis
1355 796 1466 836 libro

126 858 175 897 de
209 856 324 897 omni
356 871 418 911 re,
461 871 749 911 quaecumque
786 856 832 896 in
869 855 1224 910 disceptationem
1257 854 1468 908 quaestio-

124 929 306 968 nemque
338 918 572 969 revocetur,
603 929 647 955 se
680 914 972 968 copiosissime
1005 914 1219 955 dicturum
1251 928 1342 954 esse
1373 927 1469 967 pro-

125 974 289 1027 fitetur3
331 973 453 1026 isque
491 973 689 1027 princeps
725 987 776 1013 ex
808 972 1005 1013 omnibus
1039 987 1165 1013 ausus
1199 975 1263 1012 est
1294 971 1340 1012 in
1372 985 1468 1012 con-

77 1044 106 1069 15
126 1034 255 1072 ventu
296 1046 472 1085 poscere
513 1046 597 1084 qua
637 1031 687 1071 de
725 1045 769 1071 re
808 1031 986 1084 quisque
1024 1031 1153 1071 vellet
1191 1030 1355 1083 audire,
1400 1030 1467 1070 cui

126 1093 271 1131 tantus
297 1090 434 1130 honos
459 1089 634 1130 habitus
661 1092 725 1130 est
752 1104 776 1130 a
803 1088 992 1143 Graecia,
1019 1089 1098 1129 3011
1124 1092 1172 1129 ut
1193 1103 1244 1129 ex
1270 1088 1468 1129 omnibus

126 1148 306 1202 Delphis
349 1162 437 1188 non
478 1148 676 1188 inaurata
721 1150 863 1188 statua
908 1148 980 1188 sed
1023 1162 1152 1188 aurea
1196 1149 1467 1188 statueretur.

128 1205 209 1247 Sed
239 1206 289 1260 ii,
326 1220 432 1260 quos
464 1206 701 1259 nominavi,
737 1205 945 1259 multique
976 1209 1197 1260 praeterea
1229 1203 1538 1258 summiquelao

127 1264 292 1306 dicendi
330 1265 524 1305 doctores
562 1279 647 1304 uno
680 1267 872 1318 tempore
904 1264 1094 1319 fuerunt,
1139 1278 1189 1304 ex
1222 1263 1376 1317 quibus
1408 1264 1469 1303 in-

75 1323 273 1377 eotellegi
304 1326 449 1377 potest
479 1322 542 1363 ita
575 1337 617 1362 se
650 1337 740 1362 rem
770 1322 940 1375 habere,
977 1325 1025 1363 ut
1056 1325 1117 1375 tu,
1148 1320 1313 1376 Crasse,
1351 1321 1469 1376 dicis,

128 1381 393 1434 oratorisque
430 1395 587 1421 nomen
627 1381 739 1434 apud
777 1380 975 1433 antiquos
1013 1380 1060 1420 in
1093 1356 1271 1421 Graecia
1307 1380 1468 1420 maiore

128 1439 311 1494 quadam
348 1439 415 1479 vel
452 1438 575 1492 copia
611 1438 679 1479 101
718 1438 854 1493 gloria
891 1438 1098 1479 floruisse.
1160 1438 1251 1486 Quo
1298 1438 1537 1491 quidem131

128 1497 265 1552 magis
292 1497 442 1537 dubito
474 1497 610 1537 tibine
640 1496 736 1550 plus
768 1496 905 1537 laudis
933 1511 988 1537 an
1014 1495 1188 1537 Graecis
1220 1496 1469 1550 vituperati—

129 1555 222 1596 onis
243 1558 431 1596 statuam
451 1569 542 1595 esse
568 1555 859 1595 tribuendum:
893 1569 990 1596 cum
1016 1558 1063 1595 tu
1083 1554 1127 1594 in
1148 1554 1231 1595 alia
1250 1554 1399 1609 lingua
1420 1569 1468 1596 ac

76 1631 108 1656 25
128 1613 318 1655 moribus
344 1616 470 1655 natus
497 1613 827 1667 occupatissima
850 1613 896 1653 in
919 1613 1091 1654 civitate
1111 1613 1178 1653 vel
1202 1612 1469 1667 privatorum

126 1672 313 1727 negotiis
347 1686 483 1737 paene
522 1671 719 1712 omnibus
752 1671 818 1712 vel
851 1671 966 1712 orbis
998 1674 1136 1712 terrae
1167 1671 1468 1725 procuratione

129 1745 177 1772 ac
204 1730 358 1771 summi
383 1730 552 1783 imperii
579 1729 886 1785 gubernatione
919 1729 1159 1783 destrictus,
1191 1732 1357 1770 tantam
1382 1729 1470 1770 11111

128 1803 270 1829 rerum
309 1788 682 1843 cognitionemque
723 1787 1037 1841 comprenderis
1079 1802 1255 1841 eamque
1299 1802 1469 1828 omnem

130 1861 227 1888 cum
259 1846 366 1899 eius,
407 1846 479 1899 qui
517 1846 695 1887 consilio
735 1849 777 1886 et
810 1846 1002 1886 oratione
1034 1846 1080 1885 in
1112 1845 1284 1886 civitate
1316 1846 1470 1900 valeat,

76 1923 110 1947 30
131 1904 309 1946 scientia
329 1907 454 1957 atque
475 1904 777 1945 exercitatione
800 1904 993 1954 sociaris3
1024 1903 1088 1943 illi
1113 1904 1205 1944 nati
1230 1903 1276 1944 in
1300 1903 1470 1958 litteris,
1509 1943 1512 1945 Α

130 1963 325 2003 ardentes
356 1962 423 2002 his
462 1962 632 2017 studiis,
673 1962 761 2003 otio
799 1976 898 2003 vero
938 1961 1180 2002 diffluentes
1217 1976 1305 2002 non
1342 1962 1468 2003 modo

128 2021 236 2061 nihil
269 2020 560 2074 adquisierint,
591 2020 664 2061 sed
694 2035 746 2061 ne
772 2020 970 2061 relictum
996 2019 1167 2073 quidem
1194 2023 1236 2060 et
1261 2020 1469 2061 traditum

131 2082 173 2120 et
205 2093 329 2119 suum
361 2078 663 2119 conservarint.
724 2078 833 2119 Tum
859 2076 1055 2119 Crassus:
1088 2077 1188 2118 Non
1217 2078 1262 2118 in
1287 2078 1379 2132 hac,
1410 2079 1470 2118 in-

132 2137 242 2191 quit,
273 2151 375 2189 una,
407 2134 575 2189 Catule,
605 2151 668 2190 re,
707 2137 779 2177 sed
809 2136 855 2176 in
886 2136 981 2177 aliis
1014 2136 1144 2177 etiam
1177 2137 1468 2190 compluribus

79 2212 113 2237 35
132 2194 433 2236 distributione
457 2194 645 2248 partium
671 2209 719 2235 ac
740 2195 1007 2249 separatione
1026 2194 1343 2249 magnitudines
1371 2197 1471 2235 sunt

133 2253 290 2294 artium
321 2252 573 2293 deminutae.
634 2252 704 2293 An
735 2256 784 2293 tu
816 2252 1061 2307 existumas,
1093 2267 1189 2294 cum
1222 2256 1334 2293 esset
1365 2252 1470 2305 Hip—

131 2314 326 2366 pocrates
346 2311 417 2351 ille
439 2308 565 2364 COUS,
589 2309 721 2351 fuisse
741 2314 834 2351 tum
855 2310 962 2352 alios
983 2310 1181 2365 medicos,
1202 2310 1273 2364 qui
1294 2309 1469 2364 morbis,

1118 2380 1187 2412 13*

1484 2057 1540 2097 33

1475 2124 1540 2154 132
