1643 2526
502 67 603 102 CAP.
631 70 780 103 60—62.
831 71 850 109 s
875 70 1073 102 216-222.
1376 66 1462 109 279

125 178 205 218 res,
236 177 340 216 quas
372 162 485 204 idem
518 161 675 204 Caesar
706 177 817 204 anno
849 165 949 217 post
981 165 1023 203 et
1056 162 1254 217 deinceps
1286 162 1462 216 reliquis
1477 187 1530 227 61

125 222 244 264 annis
266 221 652 262 administravisset
671 221 716 262 in
736 220 887 262 Gallia.
925 220 1033 261 Tum
1048 220 1208 262 Brutus
1230 221 1532 286 admirans:219

124 280 358 322 Tantamne
390 279 523 321 fuisse
556 279 833 334 oblivionem,
868 279 1027 334 inquit,
1064 279 1109 320 in
1147 279 1307 334 scripto
1345 294 1464 334 prae-

125 338 282 394 sertim,
306 341 355 379 ut
379 352 432 379 ne
463 338 609 393 legens
637 338 807 392 quidem
831 352 1022 391 unquam
1048 337 1229 379 senserit
1255 340 1463 392 quantum

89 409 105 434 5
125 397 263 452 flagiti
313 396 627 440 commisisset?
695 395 806 445 Quid
855 399 1017 450 autem,
1069 396 1262 451 inquam,
1316 395 1463 451 Brute,

125 456 298 497 stultius
320 470 460 510 quam,
486 455 522 496 si
542 470 592 496 ea
610 455 851 509 vituperare
871 455 1044 496 volebat
1064 469 1171 508 quae
1191 455 1463 509 vituperavit,

123 528 210 555 non
252 527 301 555 eo
345 517 537 567 tempore
580 513 804 554 instituere
849 527 1106 568 sermonem,
1150 528 1247 554 cum
1290 513 1461 554 illarum

123 587 264 613 rerum
287 572 374 613 iam
400 575 595 626 tempora
618 572 950 626 praeterissent?
996 570 1078 612 Sed
1103 571 1166 612 ita
1191 574 1310 612 totus
1336 574 1463 626 errat,

124 633 172 671 ut
210 630 257 671 in
300 631 447 672 eodem
487 644 680 671 sermone
721 630 835 671 dicat
874 630 920 671 in
961 633 1156 671 senatum
1197 645 1240 671 se
1283 628 1462 671 Caesare

72 701 106 726 10
127 689 298 731 consule
329 703 418 730 non
449 689 665 743 accedere,
697 691 739 730 et
768 689 812 730 id
843 689 957 730 dicat
987 689 1081 743 ipso
1115 689 1287 730 consule
1320 689 1463 729 exiens

126 762 148 788 e
181 750 341 789 senatu.
403 747 508 802 Iam,
539 747 611 801 qui
642 747 722 789 hac
752 750 874 802 parte
907 747 1050 801 animi,
1082 762 1189 801 quae
1222 750 1366 788 custos
1398 749 1464 788 est

124 809 362 847 ceterarum
392 805 538 861 ingeni
569 807 770 860 partium,
801 809 891 847 tam
917 805 1067 846 debilis
1100 808 1226 860 esset,
1256 808 1305 846 ut
1335 820 1387 846 ne
1418 805 1465 846 111

125 864 286 918 scripto
319 864 488 918 quidem
514 864 780 905 meminisset
812 864 912 918 quid
943 865 1071 918 paulo
1105 868 1202 905 ante
1236 864 1464 918 posuisset,

124 923 223 964 huic
264 923 439 964 minime
477 923 632 964 mirum
671 925 736 964 est
774 937 824 964 ex
864 926 1056 977 tempore
1094 922 1252 964 dicenti
1290 922 1463 963 solitam

74 993 105 1018 15
125 981 298 1022 effluere
330 984 528 1022 mentem.
583 981 735 1035 Itaque
767 996 863 1022 cum
895 981 934 1022 ei
964 995 1042 1022 nec
1074 981 1264 1022 officium
1296 981 1532 1021 (1008801220

124 1043 167 1080 01
198 1040 400 1094 flagraret
432 1039 573 1081 studio
606 1039 791 1094 dicendi,
828 1054 1066 1093 perpaucae
1099 1040 1151 1080 ad
1182 1054 1278 1080 eum
1311 1053 1463 1080 causae

125 1097 434 1139 deferebantur.
485 1097 639 1139 Orator
665 1100 808 1139 autem
833 1098 940 1138 vivis
973 1098 1063 1138 eius
1096 1097 1249 1138 aetatis
1282 1097 1465 1150 aequali-

123 1156 205 1197 bus
236 1170 469 1210 proxumus
497 1156 672 1210 optimis
703 1157 1010 1197 numerabatur
1035 1159 1212 1210 propter
1237 1156 1464 1197 verborum
1498 1209 1506 1211 ξ

123 1214 375 1269 bonitatem,
406 1218 455 1256 ut
485 1218 583 1256 ante
616 1214 714 1269 dixi,
745 1217 788 1256 et
820 1215 1062 1269 expeditam
1100 1229 1148 1256 ac
1179 1214 1464 1268 profluentem

73 1285 107 1310 20
129 1273 312 1327 quodam
337 1273 463 1314 modo
491 1273 763 1314 celeritatem.
806 1273 958 1328 Itaque
985 1273 1074 1314 eius
1108 1273 1324 1314 orationes
1357 1273 1466 1326 aspi-

127 1331 296 1373 ciendas
327 1334 473 1372 tamen
497 1345 659 1373 censeo.
705 1330 813 1372 Sunt
843 1331 942 1372 11130
969 1331 1465 1386 ᾳ111ᾶο1111311ἕ111ᾶ10108,

125 1404 273 1430 verum
305 1392 450 1430 tamen
479 1392 662 1444 possunt
687 1404 842 1444 augere
869 1392 912 1430 et
938 1389 1060 1443 quasi
1087 1390 1198 1430 alere
1223 1389 1267 1430 id
1292 1389 1465 1441 bonum,

127 1448 240 1501 quod
287 1447 333 1488 in
380 1447 455 1489 illo
506 1448 777 1489 mediocriter
825 1447 957 1488 fuisse
1008 1447 1295 1489 concedimus:
1353 1447 1465 1501 quod

125 1506 256 1547 habet
299 1509 464 1547 tantam
505 1506 610 1559 vim,
650 1509 699 1546 ut
741 1506 879 1547 solum
921 1506 1010 1546 sine
1053 1506 1147 1546 aliis
1191 1505 1237 1546 in
1280 1504 1464 1546 Curione

73 1576 107 1601 25
127 1564 309 1619 speciem
347 1564 530 1605 oratoris
569 1564 748 1605 alicuius
787 1565 984 1606 effecerit.
1048 1563 1130 1605 Sed
1172 1564 1224 1604 ad
1264 1563 1466 1604 instituta

126 1623 359 1664 redeamus.
1480 1645 1536 1686 69

243 1680 295 1721 In
320 1681 467 1722 eodem
498 1680 633 1736 igitur
657 1695 835 1722 numero
863 1680 1051 1722 eiusdem
1078 1680 1231 1721 aetatis
1258 1679 1303 1722 C.
1325 1674 1533 1743 Carboffi*

126 1739 209 1780 fuit
238 1739 354 1780 illius
387 1739 726 1794 eloquentissimi
757 1739 838 1780 viri
869 1739 993 1780 filius.
1045 1739 1146 1780 Non
1177 1738 1282 1780 satis
1315 1741 1466 1779 acutus

128 1800 286 1852 orator,
312 1798 385 1838 sed
409 1800 554 1838 tamen
580 1801 725 1839 orator
743 1801 992 1838 numeratus
1014 1800 1090 1838 est.
1133 1797 1241 1838 Erat
1260 1797 1306 1837 in
1324 1796 1466 1837 verbis

73 1873 108 1898 3³
129 1855 318 1910 gravitas
356 1858 398 1896 et
435 1856 559 1897 facile
598 1856 767 1897 dicebat
805 1859 848 1897 et
887 1856 1189 1897 auctoritatem
1226 1855 1467 1896 naturalem

129 1914 357 1967 quamdam
396 1913 583 1955 habebat
626 1915 775 1955 oratio.
842 1913 1024 1956 Acutior
1063 1914 1110 1963 Q.
1141 1913 1299 1955 Varius
1339 1913 1466 1954 rebus

127 1971 391 2013 inveniendis
430 1987 508 2013 nec
549 1972 689 2014 minus
730 1972 872 2013 verbis
916 1972 1155 2027 expeditus,
1197 1971 1323 2013 fortis
1366 1985 1466 2012 vero

130 2033 250 2071 actor
288 2033 330 2070 et
368 2030 593 2072 vehemens
633 2034 675 2072 et
712 2031 853 2072 verbis
891 2045 969 2071 1100
1005 2030 1131 2084 111οΡ8
1162 2044 1241 2071 1100
1273 2029 1466 2070 abiectus

130 2091 173 2129 et
199 2102 324 2142 quem
348 2089 473 2142 plane
495 2092 709 2130 oratorem
729 2089 867 2130 dicere
888 2089 1077 2143 auderes,
1103 2088 1176 2131 Cn.
1202 2088 1467 2142 Pomponius

76 2164 110 2189 35
128 2146 336 2187 lateribus
367 2160 583 2202 pugnans,
612 2147 796 2189 incitans
829 2147 1014 2201 animos,
1051 2161 1147 2188 acer
1179 2147 1357 2188 acerbus
1389 2145 1466 2187 cri-

129 2205 332 2246 minosus.
393 2204 578 2246 Multum
610 2205 662 2246 ab
693 2205 761 2246 his
794 2205 942 2246 aberat
972 2205 1018 2246 L.
1050 2205 1211 2259 Fufius,
1242 2207 1386 2245 tamen
1418 2213 1537 2243 ex222

130 2262 400 2305 accusatione
448 2262 505 2304 Μ’
549 2263 697 2317 Aquili
746 2263 992 2318 diligentiae
1042 2263 1230 2305 fructum
1286 2264 1468 2315 ceperat.

1520 1714 1535 1743 1
