1643 2526
161 104 186 144 3
193 105 213 144 1
221 105 246 144 2
733 105 920 141 BRUTUS

90 209 159 240 330
278 199 370 241 Nos
403 203 558 254 autem,
588 199 734 255 Brute,
766 201 968 254 quoniam
992 204 1092 255 post
1122 201 1327 243 Hortensi
1353 202 1495 244 claris-

161 258 257 299 simi
290 258 472 299 oratoris
504 261 686 299 mortem
719 259 846 300 orbae
878 259 1145 313 eloquentiae
1177 261 1298 314 quasi
1328 263 1493 302 tutores

160 316 298 357 relicti
341 331 505 371 sumus,
543 316 657 357 domi
697 320 917 358 teneamus
959 332 1052 358 eam
1095 321 1287 372 saeptam
1327 319 1493 360 liberali

161 374 374 428 custodia,
422 377 465 415 et
513 374 592 415 hos
641 374 814 430 ignotos
859 378 987 429 atque
1030 376 1297 430 impudentes
1341 391 1492 431 procos

159 432 430 486 repudiemus
462 436 741 487 tueamurque
773 436 821 474 ut
847 434 1038 474 adultam
1062 434 1272 489 virginem
1305 438 1419 476 caste
1451 438 1492 476 et
1527 451 1544 478 5

161 490 213 532 ab
241 494 482 532 amatorum
506 490 670 544 impetu
697 495 903 545 quantum
928 506 1155 546 possumus
1180 492 1493 546 prohibeamus.

159 549 371 602 Equidem
402 549 483 590 etsi
509 549 631 590 doleo
658 564 724 590 me
749 550 795 590 in
819 550 952 591 vitam
976 550 1104 604 paulo
1131 550 1264 591 serius
1290 554 1494 604 tanquam

159 606 206 647 in
236 607 350 648 viam
380 607 642 662 ingressum,
677 608 927 662 priusquam
960 608 1201 650 confectum
1231 609 1313 649 iter
1346 609 1420 664 sit,
1448 609 1494 650 in

159 664 269 706 hanc
301 665 363 706 rei
393 665 588 719 publicae
625 669 796 707 noctem
833 666 1050 721 incidisse,
1087 669 1231 707 tamen
1269 681 1318 708 ea
1349 681 1494 708 conso-

159 723 320 764 latione
348 727 577 778 sustentor,
602 738 729 778 quam
755 727 804 765 tu
829 724 946 778 mihi,
972 724 1117 779 Brute,
1148 725 1381 766 adhibuisti
1407 725 1493 766 tuis
1514 743 1548 767 10

161 781 425 822 suavissimis
456 781 627 835 litteris,
659 782 812 836 quibus
845 797 911 823 me
942 782 1045 824 forti
1077 783 1218 823 animo
1252 797 1343 823 esse
1375 797 1495 837 opor-

160 842 249 880 tere
282 840 503 894 censebas,
536 840 649 893 quod
680 854 729 881 ea
761 840 1008 895 gessissem,
1045 855 1152 894 quae
1184 841 1233 882 de
1265 855 1333 882 me
1365 841 1494 882 etiam

159 912 227 938 me
251 900 420 938 tacente
445 898 540 952 ipsa
564 899 840 951 loquerentur
865 902 1034 939 mortuo
1060 899 1351 954 viverentque,
1377 913 1495 953 quae,

161 956 197 996 si
227 959 344 997 recte
375 960 505 1009 esset,
536 956 673 997 salute
704 956 765 997 rei
796 957 1009 1011 publicae,
1049 957 1115 998 sin
1147 971 1285 1010 secus,
1316 957 1494 998 interitu

89 1035 143 1076 97
159 1013 254 1067 ipso
286 1014 581 1055 testimonium
613 1029 806 1055 meorum
843 1015 892 1056 de
929 1030 973 1056 re
1010 1015 1183 1069 publica
1220 1015 1495 1056 consiliorum
1516 1031 1548 1057 15

90 1072 321 1134 331darent.
385 1071 467 1113 Sed
509 1072 555 1113 in
597 1075 639 1113 te
683 1073 873 1127 intuens,
914 1072 1066 1127 Brute,
1109 1073 1249 1127 doleo,
1294 1073 1413 1114 cuius
1450 1073 1496 1114 in

162 1129 495 1171 adulescentiam
531 1145 607 1184 per
645 1131 804 1171 medias
841 1131 987 1172 laudes
1026 1131 1147 1184 quasi
1180 1131 1397 1185 quadrigis
1429 1145 1496 1172 ve-

159 1187 334 1228 hentem
365 1191 556 1229 traversa
587 1188 768 1230 incurrit
798 1189 954 1230 misera
985 1189 1158 1230 fortuna
1195 1189 1256 1230 rei
1287 1189 1494 1243 publicae.

160 1245 243 1286 Hic
287 1260 354 1287 me
399 1247 520 1287 dolor
562 1247 722 1301 tangit,
763 1247 869 1288 haec
913 1261 1013 1288 cura
1056 1247 1260 1288 sollicitat
1304 1250 1347 1288 et
1382 1247 1494 1289 hunc

160 1318 327 1344 mecum
371 1304 534 1345 socium
578 1304 767 1345 eiusdem
810 1309 853 1345 et
896 1305 1052 1346 amoris
1097 1307 1140 1346 et
1181 1305 1323 1346 iudici.
1395 1305 1492 1345 Tibi
1513 1323 1547 1347 ρο

160 1361 371 1416 favemus,
408 1365 450 1403 te
487 1366 561 1403 tua
598 1362 683 1403 frui
723 1363 881 1404 virtute
924 1363 1137 1417 cupimus,
1176 1363 1258 1404 tibi
1297 1366 1493 1417 optamus

161 1434 254 1461 eam
285 1435 375 1461 rem
406 1421 640 1475 publicam,
676 1421 722 1461 in
760 1436 843 1474 qua
879 1421 1059 1462 duorum
1092 1435 1294 1476 generum
1327 1421 1495 1474 amplis-

161 1492 380 1519 sumorum
423 1493 626 1520 renovare
676 1479 924 1520 memoriam
969 1483 1096 1532 atque
1146 1493 1300 1534 augere
1343 1479 1494 1533 possis.

159 1535 298 1577 Tuum
336 1536 449 1578 enim
486 1537 645 1591 forum,
688 1540 810 1579 tuum
853 1540 944 1578 erat
984 1537 1090 1578 illud
1131 1537 1406 1591 curriculum,
1445 1540 1494 1578 tu

158 1594 261 1635 illuc
298 1609 473 1636 veneras
511 1610 639 1649 unus,
677 1596 749 1649 qui
785 1610 872 1636 non
908 1595 1100 1650 linguam
1139 1596 1266 1636 modo
1307 1595 1492 1636 acuisses
1513 1611 1546 1636 25

160 1652 462 1693 exercitatione
483 1653 660 1707 dicendi,
687 1653 759 1694 sed
779 1656 821 1693 et
839 1653 977 1707 ipsam
999 1653 1286 1706 eloquentiam
1311 1653 1495 1707 locuple-

160 1710 339 1751 tavisses
362 1711 605 1765 graviorum
626 1711 782 1751 artium
801 1711 1086 1751 instrumento
1108 1714 1150 1751 et
1169 1711 1304 1751 isdem
1330 1711 1494 1752 artibus

160 1768 285 1809 decus
332 1782 455 1809 omne
498 1769 670 1810 virtutis
715 1783 812 1810 cum
856 1783 1021 1809 summa
1065 1768 1332 1822 eloquentiae
1369 1769 1493 1810 laude

89 1825 383 1867 332iunxisses.
444 1826 511 1867 Ex
543 1830 585 1867 te
618 1826 771 1880 duplex
802 1841 880 1867 nos
913 1826 1047 1868 afficit
1080 1827 1342 1881 sollicitudo,
1380 1827 1494 1881 quod

160 1887 203 1924 et
233 1884 324 1938 ipse
357 1899 401 1925 re
433 1884 606 1938 publica
637 1899 779 1926 careas
813 1887 856 1925 et
887 1884 961 1925 illa
997 1888 1051 1926 te.
1113 1884 1176 1925 Tu
1213 1888 1374 1939 tamen,
1412 1885 1492 1926 etsi
1512 1903 1546 1927 30

160 1956 331 1983 cursum
350 1942 494 1997 ingeni
515 1943 591 1997 tui,
610 1942 754 1997 Brute,
779 1942 934 1996 premit
952 1942 1057 1984 haec
1082 1942 1328 1997 importuna
1353 1943 1492 1984 clades

160 1999 360 2052 civitatis,
392 2000 561 2041 contine
593 2004 636 2041 te
661 2001 707 2041 in
731 2001 817 2041 tuis
842 2001 1098 2055 perennibus
1125 2001 1276 2042 studiis
1304 2004 1346 2042 et
1372 2001 1490 2042 effice

157 2057 213 2111 id,
245 2058 357 2111 quod
388 2058 474 2099 iam
504 2059 812 2112 propemodum
843 2058 908 2100 vel
939 2059 1063 2113 plane
1101 2059 1244 2112 potius
1282 2059 1492 2113 effeceras,

157 2118 206 2156 ut
238 2118 279 2156 te
312 2116 466 2169 eripias
499 2130 549 2156 ex
581 2131 648 2171 ea,
685 2131 813 2170 quam
850 2130 929 2171 ego
962 2117 1158 2172 congessi
1189 2117 1234 2157 in
1264 2117 1376 2158 hunc
1409 2131 1492 2158 ser-

158 2187 340 2228 monem,
359 2174 486 2215 turba
504 2177 794 2227 patronorum.
844 2174 935 2216 Nec
955 2175 1068 2215 enim
1089 2175 1208 2216 decet
1228 2178 1270 2215 te
1292 2178 1490 2215 ornatum
1509 2191 1542 2216 35

157 2231 397 2272 uberrumis
419 2231 595 2286 artibus,
616 2247 721 2286 quas
748 2247 844 2274 cum
870 2233 995 2273 domo
1022 2233 1192 2274 haurire
1217 2246 1306 2273 non
1330 2247 1491 2287 posses,

158 2289 418 2331 arcessivisti
450 2304 500 2331 ex
526 2291 630 2331 urbe
657 2304 717 2346 ea,
749 2305 854 2344 quae
882 2291 1030 2332 domus
1058 2294 1125 2332 est
1150 2305 1317 2344 semper
1342 2290 1491 2331 habita
