1643 2526
170 118 256 159 302
744 120 933 155 BRUTUS

171 214 220 255 de
239 213 399 269 Laelio,
426 214 545 256 cuius
572 217 620 256 tu
646 216 838 257 oratione
862 230 995 271 negas
1022 213 1114 256 fieri
1134 213 1363 267 quicquam
1381 227 1508 268 posse

170 272 353 327 dulcius,
394 273 512 314 addis
550 274 680 315 etiam
711 274 855 316 nescio
889 274 991 328 quid
1023 272 1260 328 augustius.
1321 271 1507 312 Nomine

168 344 247 371 nos
274 330 390 385 capis
413 332 568 372 summi
587 331 668 372 viri
686 331 882 386 vitaeque
904 330 1258 385 elegantissumae
1274 329 1508 371 verissimis

167 389 375 430 laudibus.
438 389 625 430 Remove
656 389 777 430 haec:
821 403 873 430 ne
904 389 990 430 ista
1021 388 1155 429 dulcis
1189 388 1325 429 oratio
1357 388 1420 429 ita
1451 388 1507 429 sit

98 447 354 501 296abiecta,
396 450 445 488 ut
488 461 580 488 eam
624 448 811 501 aspicere
851 461 976 488 nemo
1016 446 1130 489 velit.
1192 445 1432 487 Carbonem
1461 446 1509 487 in

169 506 346 546 summis
386 506 628 546 oratoribus
665 506 862 546 habitum
897 505 1002 560 scio3
1048 505 1120 546 sed
1152 519 1248 546 cum
1278 505 1324 546 in
1355 504 1506 546 ceteris

166 564 292 605 rebus
324 566 418 604 tum
448 563 493 604 in
525 564 700 605 dicendo
734 578 918 618 semper,
955 578 1038 617 quo
1070 563 1157 604 iam
1187 563 1297 604 nihil
1328 566 1393 605 est
1424 577 1508 604 me-

166 621 267 676 lius,
310 622 353 662 id
389 622 572 676 laudari,
610 622 916 676 qualecumque
954 625 1036 677 est,
1073 622 1193 663 solet.
1254 621 1362 663 Dico
1393 621 1507 662 idem

167 680 216 721 de
250 679 472 735 Gracchis,
516 679 597 722 etsi
637 681 686 721 de
725 680 784 721 eis
823 695 872 722 ea
910 684 1010 722 sunt
1042 695 1066 722 a
1096 683 1139 721 te
1177 680 1309 734 dicta,
1352 679 1506 734 quibus

168 752 247 793 ego
281 739 507 779 adsentior.
570 737 735 779 Omitto
768 742 948 794 ceteros3
986 738 1109 780 venio
1143 739 1194 779 ad
1226 753 1311 793 eos,
1340 737 1387 779 in
1418 738 1507 793 qui-

165 797 246 837 bus
277 797 364 838 iam
395 796 628 851 perfectam
660 800 786 851 putas
818 811 910 838 esse
943 797 1249 851 eloquentiam,
1287 810 1393 851 quos
1426 810 1505 852 ego

167 854 308 895 audivi
341 854 431 896 sine
465 855 756 896 controversia
787 869 966 910 magnos
1001 858 1204 910 oratores,
1236 853 1438 896 Crassum
1463 857 1507 896 et

165 912 414 954 Antonium.
464 913 529 954 De
560 913 714 954 horum
746 914 943 955 laudibus
969 914 1050 954 tibi
1081 928 1257 967 prorsus
1284 913 1507 968 assentior,

166 972 239 1012 sed
276 974 421 1012 tamen
457 986 544 1013 non
579 972 665 1013 isto
703 972 847 1013 modo:
890 975 940 1013 ut
975 972 1177 1027 Polycliti
1218 972 1507 1026 doryphorum

167 1029 249 1070 sibi
280 1029 495 1084 Lysippus
528 1030 683 1084 aiebat,
714 1030 774 1072 sic
806 1033 855 1071 tu
887 1031 1128 1072 suasionem
1159 1030 1268 1085 legis
1302 1029 1505 1072 Serviliae

166 1088 246 1128 tibi
278 1088 530 1142 magistram
561 1088 710 1143 fuisse3
741 1088 845 1130 haec
879 1103 1082 1144 germana
1112 1088 1251 1129 ironia
1282 1091 1358 1130 est.
1421 1086 1507 1129 Cur

165 1146 228 1187 ita
271 1146 453 1187 sentiam
492 1160 579 1187 non
611 1147 765 1200 dicam,
807 1161 860 1189 ne
899 1147 1078 1188 me'tibi
1117 1147 1331 1188 adsentari
1367 1149 1506 1201 putes.

95 1203 333 1246 2970mitto
365 1204 510 1259 igitur,
543 1219 649 1258 quae
682 1205 732 1246 de
763 1204 830 1246 his
862 1205 980 1259 ipsis,
1013 1219 1119 1259 quae
1151 1206 1200 1246 de
1227 1204 1367 1259 Cotta,
1398 1219 1506 1258 quae

167 1262 216 1303 de
250 1260 458 1317 Sulpicio,
499 1277 605 1318 quae
643 1264 768 1304 modo
808 1264 857 1304 de
891 1262 1035 1305 Caelio
1074 1263 1241 1304 dixeris.
1301 1263 1360 1304 Hi
1392 1263 1505 1304 enim

165 1320 338 1361 fuerunt
382 1324 494 1362 certe
540 1324 750 1377 oratores3
801 1322 949 1375 quanti
994 1324 1137 1363 autem
1181 1324 1223 1362 et
1267 1321 1412 1375 quales
1457 1324 1505 1363 tu

165 1379 331 1419 videris.
380 1378 494 1420 Nam
525 1379 631 1420 illud
662 1379 803 1420 minus
836 1394 951 1435 curo,
983 1380 1094 1434 quod
1124 1379 1379 1435 congessisti
1411 1394 1507 1434 ope-

165 1437 300 1478 rarios
328 1437 484 1493 omnis,
515 1441 564 1478 ut
583 1438 689 1478 mihi
709 1438 934 1479 videantur
959 1438 1068 1479 mori
1088 1438 1274 1480 voluisse
1299 1438 1507 1493 nonnulli,

96 1495 148 1537 87
165 1499 213 1536 ut
246 1510 271 1536 a
301 1499 342 1536 te
373 1496 419 1536 in
449 1499 667 1537 oratorum
692 1511 917 1538 numerum
948 1497 1215 1538 referrentur.
1265 1496 1383 1538 Haec
1409 1510 1506 1538 cum

164 1553 235 1594 ille
257 1553 450 1595 dixisset:
483 1554 622 1609 Longi
649 1555 855 1596 sermonis
881 1555 1054 1596 initium
1078 1554 1295 1609 pepulisti,
1318 1554 1505 1609 inquam,

164 1611 321 1666 Attice,
351 1626 525 1665 remque
557 1613 827 1654 commovisti
857 1627 968 1655 nova
999 1613 1288 1667 disputatione
1320 1613 1505 1668 dignam,

96 1680 294 1724 298quam
318 1670 364 1710 in
390 1670 504 1710 aliud
530 1673 698 1725 tempus
726 1671 980 1712 differamus.
1023 1671 1234 1712 Volvendi
1266 1670 1378 1712 enim
1405 1673 1506 1712 sunt

164 1727 264 1768 libri
296 1742 393 1769 cum
424 1728 605 1769 aliorum
642 1732 734 1770 tum
768 1728 813 1769 in
842 1728 992 1783 primis
1025 1728 1213 1771 Catonis.
1274 1728 1503 1784 Intelleges

164 1785 272 1826 nihil
303 1785 419 1826 illius
450 1786 711 1827 liniamentis
742 1786 826 1828 nisi
858 1801 1004 1828 eorum
1034 1787 1366 1842 pigmentorum,
1397 1801 1504 1840 quae

165 1843 340 1885 inventa
381 1845 571 1885 nondum
614 1847 753 1900 erant,
799 1845 947 1886 florem
992 1848 1034 1886 et
1078 1846 1264 1887 colorem
1308 1845 1503 1887 defuisse.

1545 463 1561 489 5

1526 756 1559 780 10

1526 1046 1559 1072 15

1524 1338 1558 1364 20

1524 1629 1557 1655 25

165 1901 279 1943 Ν3111
312 1902 361 1943 de
394 1902 537 1944 Crassi
569 1903 760 1944 oratione
794 1903 854 1944 sic
886 1903 1111 1956 existumo,
1147 1903 1289 1958 ipsum
1320 1903 1502 1944 fortasse
1522 1920 1557 1946 30
1592 1904 1601 1912 “

165 1960 318 2001 melius
348 1961 540 2014 potuisse
573 1961 769 2015 scribere,
801 1961 943 2015 alium,
973 1964 1022 2002 ut
1053 1962 1250 2016 arbitror,
1279 1961 1503 2003 neminem.

165 2017 279 2059 Nam
309 2018 356 2058 in
386 2019 467 2060 hoc
500 2022 659 2073 εἴρωνα
690 2034 757 2060 1118
790 2019 958 2060 duxeris
991 2034 1100 2074 esse,
1139 2020 1251 2074 quod
1289 2034 1382 2061 eam
1415 2033 1505 2061 ora-

165 2076 327 2117 tionem
358 2076 464 2117 mihi
496 2077 749 2132 magistram
785 2077 917 2118 fuisse
950 2078 1138 2119 dixerim.
1199 2077 1313 2119 Nam
1344 2078 1425 2119 etsi
1455 2080 1504 2119 tu

165 2134 316 2175 melius
349 2134 604 2176 existumare
636 2135 790 2176 videris
823 2136 873 2176 de
905 2150 971 2190 ea,
1009 2136 1045 2177 si
1077 2151 1204 2191 quam
1234 2150 1346 2177 nunc
1377 2135 1505 2177 habe-

168 2207 281 2247 mus,
320 2191 543 2247 facultate,
585 2196 730 2234 tamen
773 2193 1061 2235 adulescentes
1107 2195 1207 2248 quid
1249 2194 1295 2234 in
1337 2193 1503 2235 Latinis
1521 2209 1554 2236 35

95 2251 310 2306 299potius
336 2250 602 2292 imitaremur
619 2265 706 2292 non
725 2251 999 2293 habebamus.
1050 2252 1171 2301 Quod
1191 2255 1334 2294 autem
1358 2252 1502 2306 plures

166 2324 190 2351 a
210 2309 334 2351 nobis
360 2309 570 2351 nominati
597 2312 709 2365 sunt,
734 2323 784 2351 8ο
809 2310 1029 2367 pertinuit,
1053 2313 1103 2352 ut
1127 2311 1254 2366 paulo
1281 2313 1380 2352 ante
1405 2309 1505 2364 dixi,
