1643 2526
174 108 230 150 96
264 101 268 104 ⁴
685 109 747 144 DE
775 108 1000 144 ORATORE

171 205 218 245 in
237 204 529 259 disputatione
549 207 592 246 et
616 204 662 245 in
682 205 1054 260 argumentatione
1082 203 1265 246 oratoris
1292 204 1515 246 conlocata

104 267 249 305 117est.
299 263 367 305 Ita
397 263 443 304 in
469 263 685 318 superiore
713 278 866 319 genere
892 264 942 304 de
968 263 1203 304 tractandis
1236 263 1514 318 argumentis,

173 322 217 362 in
254 322 337 363 1100
375 325 520 363 autem
557 322 688 363 etiam
726 322 775 363 de
816 322 1080 363 inveniendis
1122 321 1400 376 cogitandum
1437 324 1513 362 est.

173 380 316 434 Atque
347 380 422 421 isti
455 380 625 434 quidem
657 380 730 434 qui
763 380 934 435 docent,
972 394 1103 434 quom
1134 394 1284 421 causas
1315 380 1361 420 in
1390 379 1514 434 plura

175 453 331 494 genera
375 441 619 493 secuerunt,
663 439 843 494 singulis
890 439 1117 493 generibus
1163 441 1514 493 argumentorum
1533 454 1548 480 5

175 497 320 551 copias
365 500 612 552 suggerunt.
693 496 815 545 Quod
865 497 995 538 etiam
1045 497 1080 538 si
1131 497 1183 537 ad
1226 497 1514 538 instituendos

176 556 517 597 adulescentulos
558 555 696 611 magis
736 558 885 609 aptum
925 558 1008 610 est,
1047 558 1113 609 ut,
1155 555 1332 596 simulac
1372 555 1516 609 posita

176 629 305 655 causa
336 614 405 668 sit,
434 614 622 655 habeant
654 628 739 668 quo
772 629 816 655 se
848 613 1047 668 referant,
1077 614 1187 654 unde
1221 614 1370 654 statim
1395 628 1516 668 expe-

175 673 265 713 dita
307 672 475 726 possint
519 674 772 727 argumenta
815 672 1080 726 depromere,
1128 675 1273 713 tamen
1317 674 1359 713 et
1402 671 1515 713 tardi

174 731 337 786 ingenii
369 734 434 771 est
459 731 619 771 rivulos
646 731 896 785 consectari,
925 730 1059 772 fontis
1084 745 1226 771 rerum
1250 744 1338 771 non
1362 731 1516 785 videre,
1536 749 1568 773 ιο

176 792 219 829 et
244 789 330 830 iam
357 789 510 830 aetatis
537 792 603 830 est
627 804 814 842 ususque
833 789 972 830 nostri
999 804 1023 829 a
1042 788 1180 842 capite
1201 789 1316 842 quod
1334 788 1514 830 velimus

176 862 389 888 arcessere
421 850 464 888 et
494 847 604 888 unde
638 848 780 888 omnia
811 850 986 888 manent
1015 847 1169 888 videre.

108 914 173 945 118
293 906 352 946 Et
387 905 574 959 primum
613 919 746 960 genus
784 905 890 946 illud
929 920 1074 946 earum
1112 920 1274 960 rerum,
1314 919 1422 959 quae
1463 905 1516 947 ad

177 966 393 1005 oratorem
430 964 696 1018 deferuntur,
732 964 986 1005 meditatum
1022 963 1148 1005 nobis
1186 964 1232 1004 in
1261 967 1515 1018 perpetuum

177 1022 229 1063 ad
262 1036 431 1063 omnem
463 1037 588 1063 usum
620 1022 825 1063 similium
856 1037 998 1063 rerum
1031 1037 1122 1063 esse
1155 1022 1338 1063 debebit.
1400 1021 1514 1064 Nam
1535 1040 1568 1066 15

177 1083 219 1121 et
250 1095 328 1134 pro
361 1081 520 1121 tabulis
553 1083 596 1121 et
628 1084 776 1122 contra
813 1081 982 1121 tabulas
1023 1082 1099 1132 [et]
1138 1095 1216 1134 pro
1253 1081 1438 1122 testibus
1471 1084 1516 1123 et

177 1142 328 1180 contra
364 1139 489 1179 testis
531 1140 608 1190 [et]
648 1153 726 1193 pro
766 1138 1089 1192 quaestionibus
1128 1142 1171 1179 et
1209 1142 1359 1180 contra
1391 1154 1515 1193 quae-

177 1197 338 1238 stiones
371 1200 413 1238 et
443 1197 549 1237 item
580 1197 630 1237 de
669 1197 819 1238 ceteris
858 1197 983 1237 rebus
1022 1196 1211 1238 eiusdem
1249 1197 1416 1252 generis
1448 1198 1516 1239 vel

177 1255 408 1309 separatim
439 1255 577 1296 dicere
610 1255 795 1296 solemus
828 1255 877 1296 de
916 1269 1068 1310 genere
1106 1255 1305 1296 universo
1343 1256 1410 1297 vel
1448 1256 1515 1297 de-

176 1314 296 1354 finite
329 1314 378 1354 de
411 1313 591 1368 singulis
623 1313 888 1367 temporibus
926 1313 1172 1354 hominibus
1211 1314 1368 1368 causis3
1406 1329 1513 1368 quos
1534 1334 1568 1359 20

176 1372 348 1426 quidem
378 1372 496 1413 locos
533 1396 582 1401 —-
616 1372 738 1413 vobis
770 1372 864 1426 1100,
896 1369 1026 1413 Cotta
1056 1375 1099 1413 et
1132 1371 1306 1427 Sulpici,
1337 1373 1431 1414 dico
1462 1397 1511 1403 —

176 1430 313 1471 multa
332 1430 691 1472 commentatione
714 1432 859 1484 [atque
879 1430 1174 1482 meditatione]
1197 1434 1370 1485 paratos
1385 1434 1514 1486 atque

108 1489 396 1543 119expeditos
428 1489 585 1530 habere
618 1489 794 1530 debetis.
838 1488 1037 1544 Longum
1069 1492 1134 1530 est
1166 1490 1279 1530 enim
1309 1504 1420 1531 nunc
1446 1504 1514 1531 me

176 1547 386 1601 explicare
428 1562 512 1601 qua
556 1548 722 1588 ratione
770 1550 844 1588 aut
888 1547 1138 1589 confirmare
1183 1550 1256 1589 aut
1298 1548 1513 1590 infirmare

175 1608 308 1647 testes
339 1606 510 1646 tabulas
543 1605 814 1659 quaestiones
847 1608 1053 1659 oporteat.
1102 1605 1220 1647 Haec
1246 1609 1346 1647 sunt
1372 1607 1515 1648 omnia
1533 1624 1566 1650 25

174 1663 338 1718 ingenii
369 1664 436 1704 vel
468 1663 711 1718 mediocris,
742 1663 1059 1704 exercitationis
1098 1667 1242 1705 autem
1273 1679 1514 1721 maxumae3

177 1725 314 1762 artem
346 1721 518 1775 quidem
550 1724 593 1762 et
623 1724 852 1776 praecepta
884 1722 1106 1762 dumtaxat
1138 1722 1344 1763 hactenus
1376 1724 1514 1777 requi-

108 1783 293 1833 1201·unt,
331 1783 379 1820 ut
416 1780 543 1821 certis
576 1779 740 1820 dicendi
777 1779 1010 1820 luminibus
1044 1783 1257 1821 ornentur.
1319 1780 1513 1835 Itemque

174 1838 267 1892 illa,
298 1852 405 1892 quae
438 1840 538 1879 sunt
569 1838 744 1879 alterius
777 1837 961 1892 generis,
994 1852 1102 1891 quae
1134 1841 1227 1879 tota
1258 1838 1311 1879 ab
1345 1842 1512 1881 oratore

174 1896 417 1951 pariuntur,
455 1896 817 1951 excogitationem
853 1910 941 1937 non
975 1895 1136 1937 habent
1174 1896 1410 1952 difficilem,
1446 1912 1513 1939 ex-
1531 1916 1567 1942 30

174 1954 451 2008 plicationem
477 1955 615 2009 magis
642 1955 866 1995 inlustrem
891 1954 1232 2008 perpolitamque
1259 1955 1512 1998 desiderant.

174 2012 326 2077 Itaque
359 2027 489 2067 quom
520 2013 624 2054 haec
651 2013 732 2054 duo
758 2013 882 2054 nobis
910 2013 1151 2066 quaerenda
1177 2013 1263 2054 sint
1288 2013 1334 2054 in
1360 2014 1512 2069 causis,

174 2071 360 2124 primum
407 2071 527 2125 quid,
572 2071 721 2112 deinde
765 2085 849 2125 quo
893 2071 1020 2112 modo
1064 2071 1271 2113 dicamus:
1318 2073 1512 2127 alterum,

175 2129 289 2183 quod
320 2131 461 2170 totum
493 2132 583 2170 arte
621 2129 805 2171 tinctum
842 2128 1027 2184 videtur,
1063 2130 1238 2171 tametsi
1276 2133 1412 2172 artem
1449 2146 1512 2173 re-

175 2187 326 2241 quirit,
371 2189 517 2228 tamen
558 2187 807 2241 prudentiae
852 2190 917 2228 est
958 2202 1092 2241 paene
1137 2188 1363 2230 mediocris
1407 2189 1509 2243 quid
1528 2206 1562 2232 35

175 2245 398 2286 dicendum
430 2246 487 2286 sit
517 2245 677 2301 videre3
709 2246 891 2286 alterum
923 2249 1004 2300 est,
1035 2246 1081 2287 in
1112 2261 1197 2300 quo
1230 2247 1413 2288 oratoris
1445 2247 1509 2289 vis

173 2303 249 2344 illa
280 2303 423 2345 divina
453 2303 673 2358 virtusque
705 2303 909 2360 cernitur,
947 2319 1014 2360 ea,
1052 2319 1158 2359 quae
1191 2305 1368 2347 dicenda
1398 2308 1512 2361 sunt,
