1643 2526
183 101 267 142 120
691 98 754 133 DE
781 96 1006 133 ORATORE

182 196 438 252 dignitatem
470 209 561 235 esse
594 196 669 235 aut
699 193 1183 247 utilitatem,veumque,
1220 191 1288 233 cui
1320 191 1520 233 concilies

180 255 294 296 hunc
326 267 528 307 amorem,
559 252 774 307 significes
798 251 907 292 nihil
939 250 992 291 ad
1021 249 1256 291 utilitatem
1288 264 1408 291 suam
1438 252 1520 291 ret-

183 313 334 354 tulisse
373 326 420 353 ac
452 311 562 352 nihil
594 310 767 352 omnino
799 309 950 351 fecisse
983 322 1112 349 causa
1149 322 1237 349 sua.
1298 308 1521 349 Invidetur

184 371 297 413 enim
347 369 581 412 commodis
630 368 855 409 hominum
903 367 1113 421 ipsorum,
1170 366 1324 407 studiis
1376 369 1517 408 autem

112 440 332 472 208eorum
358 428 510 470 ceteris
537 426 833 468 commodandi
859 426 1039 466 favetur.
1087 424 1412 479 Videndumque
1437 425 1518 466 hoc
1538 442 1554 467 5

183 488 279 529 loco
312 490 389 542 est,
419 501 485 541 ne,
517 499 623 539 quos
657 485 711 526 ob
736 484 962 525 benefacta
987 482 1111 538 diligi
1137 483 1342 537 volemus,
1373 497 1519 524 eorum

184 546 353 587 laudem
373 548 501 598 atque
523 543 717 599 gloriam,
737 543 805 584 cui
831 542 1013 583 maxime
1039 541 1219 582 invideri
1246 542 1367 596 solet,
1391 541 1518 582 nimis

184 604 342 646 ecferre
379 603 609 644 videamur.
672 602 814 655 Atque
853 600 1011 641 eisdem
1050 599 1118 640 his
1163 614 1213 640 ex
1249 599 1354 641 locis
1393 602 1436 640 et
1474 600 1521 640 in

185 663 290 704 alios
330 662 475 703 odium
513 664 675 702 struere
714 659 923 700 discemus
963 661 1005 699 et
1042 672 1066 698 a
1105 658 1230 698 nobis
1273 673 1320 698 ac
1359 657 1519 699 nostris

185 722 424 775 demovere,
462 720 690 771 eademque
728 718 832 759 haec
871 731 1025 772 genera
1068 719 1168 756 sunt
1210 716 1434 757 tractanda
1474 716 1520 756 in
1541 732 1574 758 10

185 778 404 820 iracundia
440 777 508 818 vel
546 776 768 818 excitanda
804 775 871 816 vel
910 774 1104 816 sedanda.
1165 773 1278 815 Nam
1315 774 1370 828 si,
1407 774 1520 827 quod

185 837 291 892 ipsis
319 836 391 890 qui
418 835 595 876 audiunt
619 833 907 888 perniciosum
927 835 1001 873 aut
1024 832 1176 873 inutile
1197 832 1265 886 sit,
1289 832 1333 873 id
1356 832 1520 873 factum

186 909 362 950 augeas,
393 894 537 935 odium
568 896 753 946 creatur-3
792 891 875 945 sin,
907 891 1019 945 quod
1052 893 1125 931 aut
1161 890 1207 930 in
1238 890 1374 931 bonos
1405 890 1520 931 viros

189 957 263 995 aut
293 953 339 993 in
365 966 449 1006 eOS,
481 965 587 1005 quos
614 950 788 991 minime
816 950 993 1004 quisque
1020 948 1226 1003 debuerit,
1257 951 1331 989 aut
1360 948 1407 989 in
1430 963 1521 990 rem

185 1011 415 1066 publicam,
444 1013 538 1051 tum
570 1009 791 1062 excitatur,
827 1008 863 1048 si
894 1022 981 1048 non
1012 1011 1101 1048 tam
1134 1007 1333 1047 acerbum
1366 1006 1522 1062 odium,
1542 1021 1574 1048 15

187 1073 333 1111 tamen
371 1071 446 1109 aut
482 1067 665 1108 invidiae
705 1069 778 1108 aut
819 1066 905 1107 odii
945 1080 1032 1106 non
1072 1065 1290 1106 dissimilis
1332 1065 1521 1106 offensio.

117 1129 299 1171 209ltem
331 1127 461 1168 timor
491 1125 700 1167 incutitur
731 1127 804 1165 aut
837 1139 888 1164 ex
917 1124 1110 1177 ipsorum
1140 1123 1340 1177 periculis
1367 1127 1441 1164 aut
1472 1138 1522 1164 ex

189 1185 497 1228 communibus.
541 1183 726 1224 Interior
751 1185 816 1224 est
841 1182 912 1222 ille
932 1181 1147 1236 proprius3
1173 1181 1246 1222 sed
1264 1181 1333 1222 hic
1354 1196 1522 1235 quoque

189 1244 424 1286 communis
464 1243 516 1283 ad
548 1242 723 1283 eandem
761 1240 1085 1282 similitudinem
1122 1243 1188 1280 est
1217 1240 1522 1293 perducendus.

117 1303 174 1345 52
187 1302 271 1343 Par
303 1305 428 1355 atque
460 1316 545 1341 una
575 1299 685 1340 ratio
719 1302 784 1340 est
816 1299 918 1353 spei,
947 1297 1149 1352 laetitiae,
1180 1297 1419 1352 molestiae3
1451 1298 1523 1338 sed
1542 1314 1576 1339 20

187 1360 301 1402 haud
345 1359 478 1401 sciam
521 1373 576 1399 an
619 1357 848 1399 acerrimus
892 1357 1019 1412 longe
1057 1356 1114 1397 sit
1152 1356 1342 1397 omnium
1380 1358 1523 1396 motus

187 1418 370 1460 invidiae
396 1432 473 1458 nec
500 1417 640 1457 minus
666 1416 821 1457 virium
848 1429 954 1469 opus
981 1415 1038 1455 sit
1063 1414 1109 1455 in
1134 1429 1183 1455 ea
1209 1414 1526 1468 comprimenda

189 1492 317 1531 quam
348 1477 394 1516 in
425 1475 659 1517 excitanda.
704 1474 901 1515 Invident
928 1476 1071 1514 autem
1101 1472 1295 1513 homines
1327 1486 1523 1513 maxume

187 1535 362 1590 paribus
389 1537 463 1575 aut
487 1532 775 1587 inferioribus,
807 1546 903 1573 cum
930 1546 973 1572 se
999 1531 1171 1571 relictos
1198 1530 1400 1583 sentiunt,
1424 1530 1522 1570 illos

190 1597 333 1634 autem
354 1593 498 1633 dolent
518 1591 724 1645 evolasse,
752 1591 825 1631 sed
844 1590 974 1630 etiam
994 1588 1284 1642 superioribus
1310 1588 1524 1629 invidetur
1543 1604 1577 1630 25

190 1665 314 1705 saepe
358 1651 630 1691 vehementer
673 1652 715 1689 et
759 1662 808 1688 eo
854 1647 1010 1702 magis,
1056 1646 1092 1687 si
1134 1646 1434 1687 intolerantius
1479 1661 1523 1687 se

188 1709 352 1750 iactant
383 1711 426 1748 et
458 1706 808 1760 aequabilitatem
846 1704 1082 1747 communis
1118 1704 1223 1745 iuris
1261 1704 1524 1758 praestantia

190 1766 413 1822 dignitatis
452 1768 526 1806 aut
562 1765 759 1806 fortunae
798 1778 895 1804 suae
937 1766 1170 1803 transeunt.
1232 1761 1348 1810 Quae
1389 1762 1426 1802 si
1464 1763 1525 1803 in-

189 1825 448 1866 flammanda
476 1826 588 1877 sunt,
619 1837 814 1863 maxume
847 1821 1113 1862 dicendumst
1137 1834 1224 1861 non
1250 1835 1341 1861 esse
1367 1820 1524 1861 virtute

189 1886 325 1938 parta,
350 1882 499 1923 deinde
526 1881 655 1922 etiam
681 1880 797 1921 vitiis
824 1883 950 1934 atque
975 1879 1176 1933 peccatis,
1201 1881 1308 1933 tum,
1339 1878 1374 1919 si
1400 1881 1525 1919 erunt
1543 1894 1578 1920 30

188 1941 438 1982 honestiora
470 1943 596 1993 atque
629 1939 844 1994 graviora,
881 1941 1024 1978 tamen
1054 1951 1141 1977 non
1173 1951 1264 1978 esse
1295 1936 1407 1977 tanti
1438 1936 1525 1977 ulla

189 1999 355 2052 merita,
370 2002 529 2052 quanta
544 1997 775 2038 insolentia
786 1995 973 2037 hominis
990 1998 1279 2050 quantumque
1293 1994 1525 2036 fastidium.

120 2058 259 2100 210Ad
291 2057 521 2097 sedandum
553 2059 713 2110 autem,
750 2069 906 2109 magno
937 2053 1012 2094 illa
1043 2054 1188 2094 labore
1220 2053 1388 2108 magnis
1418 2052 1526 2106 peri-

191 2116 296 2157 culis
329 2129 420 2155 esse
451 2118 575 2168 parta
605 2129 682 2155 nec
715 2113 766 2154 ad
792 2127 915 2154 suum
942 2112 1211 2153 commodum
1243 2112 1316 2152 sed
1341 2111 1393 2152 ad
1425 2110 1526 2151 alio-

189 2189 283 2215 rum
325 2187 416 2214 esse
458 2173 645 2225 conlata,
689 2185 795 2225 quae
834 2170 871 2212 si
913 2185 1041 2224 quam
1086 2170 1268 2225 gloriam
1309 2168 1523 2223 peperisse
1543 2184 1577 2210 35

189 2232 426 2286 videantur,
457 2230 685 2271 tamenetsi
711 2244 759 2270 ea
784 2243 871 2270 non
897 2228 954 2270 sit
977 2228 1125 2282 iniqua
1150 2242 1310 2269 merces
1336 2226 1526 2281 periculi,

190 2294 336 2332 tamen
375 2304 424 2330 ea
462 2303 549 2330 non
589 2287 791 2329 delectari
828 2289 1049 2340 totamque
1088 2286 1254 2328 abicere
1292 2288 1419 2339 atque
1459 2284 1525 2325 de-
