1643 2526
367 101 509 135 LIBER
534 101 595 136 III.
640 100 738 135 CAP.
766 103 916 135 41-42.
961 103 980 142 ξ
1007 102 1202 133 163-168,
1376 98 1462 139 205

120 197 293 251 tralato,
319 197 391 238 sed
411 211 462 237 ex
487 195 682 250 pluribus
709 195 971 237 continuatis
998 194 1249 249 conectitur,
1274 196 1323 234 ut
1348 193 1464 234 aliud

121 256 301 310 dicatur,
332 255 447 296 aliud
477 255 814 310 intellegendum
846 254 919 295 sit:

783 329 957 384 Neque
991 343 1064 369 me
1096 329 1265 383 patiar

150 389 341 430 Iterum
369 389 427 430 ad
453 403 603 430 unum
631 389 895 443 scopulum
927 391 975 428 et
999 388 1029 440 †
1054 388 1215 429 telum
1247 387 1462 428 classem

849 446 1097 487 Achivom
1130 446 1403 487 offendere.

84 466 100 491 5
122 506 264 560 Atque
296 506 419 546 illud:

150 593 326 648 Erras,
370 608 530 647 erras3
573 608 687 634 nam
732 592 1046 633 exultantem
1090 594 1138 632 te
1184 594 1232 632 et
1275 591 1463 646 praefi—

849 651 1051 691 dentem
1082 649 1180 691 tibi

150 710 450 764 Repriment
487 709 685 751 validae
723 710 889 764 legum
926 709 1153 750 habenae
1192 712 1343 762 atque
1376 709 1462 749 im-

69 787 102 811 10
848 767 959 822 peri
989 767 1242 808 insistent
1273 767 1404 823 iugo.

124 848 307 904 Sumpta
337 864 382 891 re
416 849 546 890 simili
578 850 708 891 verba
739 849 853 890 illius
886 849 947 889 rei
984 848 1158 903 propria
1189 848 1386 903 deinceps
1418 847 1533 889 in167

122 923 211 950 rem
256 908 401 962 aliam,
445 911 493 948 ut
537 908 642 961 dixi,
684 907 960 949 traferuntur.
1021 907 1102 948 Est
1137 907 1219 948 hoc
1258 922 1464 963 magnum
1477 896 1534 936 42

123 965 421 1008 ornamentum
455 967 679 1020 orationis,
716 966 763 1006 in
801 980 883 1020 quo
924 966 1163 1007 obscuritas
1200 965 1465 1021 fugiendast3

124 1029 166 1066 et
216 1025 328 1066 enim
378 1025 460 1066 hoc
509 1025 596 1066 fere
643 1039 794 1080 genere
838 1025 948 1065 fiunt
993 1038 1060 1078 ea,
1110 1038 1217 1077 quae
1267 1024 1466 1066 dicuntur

72 1102 103 1127 15
124 1084 378 1139 aenigmata.
441 1082 540 1124 Non
573 1086 638 1124 est
670 1086 814 1124 autem
844 1083 889 1123 in
921 1083 1051 1123 verbo
1084 1083 1236 1123 modus
1268 1082 1356 1137 hic,
1394 1083 1467 1123 sed

122 1142 167 1182 in
194 1142 400 1196 oratione,
429 1141 473 1182 id
499 1144 565 1182 est
589 1142 635 1182 in
662 1141 983 1183 continuatione
1009 1140 1250 1182 verborum.
1300 1140 1366 1182 Ne
1392 1141 1467 1182 illa

124 1201 294 1254 quidem
326 1200 541 1241 traductio
574 1203 701 1254 atque
732 1199 979 1241 immutatio
1012 1199 1058 1240 in
1088 1199 1220 1240 verbo
1254 1200 1467 1253 quandam
1502 1206 1509 1208 ’

122 1259 450 1300 fabricationem
481 1259 613 1300 habet
647 1259 738 1310 [sed
769 1258 815 1299 in
847 1258 1076 1310 oratione]:

153 1346 332 1387 Africa
363 1346 593 1387 terribili
620 1346 795 1386 tremit
821 1346 1031 1387 horrida
1058 1349 1197 1387 terra
1222 1345 1468 1400 tumultu3

70 1453 104 1477 -20
126 1435 220 1488 [pro
252 1433 392 1474 Afris
425 1436 491 1474 est
523 1435 694 1487 sumpta
725 1433 925 1485 Africa]
967 1447 1105 1487 neque
1142 1433 1349 1474 factumst
1380 1448 1469 1474 ver-

123 1493 227 1533 bum
252 1495 300 1532 ut
325 1491 459 1532 Mare
491 1491 772 1546 saxifragis
805 1491 977 1546 undis,
1006 1506 1143 1545 neque
1170 1492 1389 1545 tralatum,
1419 1494 1468 1532 ut

124 1550 359 1591 Mollitur
390 1564 551 1604 mare,
583 1550 656 1591 sed
689 1550 867 1591 ornandi
894 1565 1023 1591 causa
1046 1550 1270 1605 proprium
1294 1550 1467 1604 proprio

124 1612 445 1650 commutatum.

0 1735 1 1752 ἶ
362 1690 569 1745 Desine,
600 1689 773 1744 Roma,
805 1693 921 1731 tuos
953 1690 1123 1731 hostis

71 1767 104 1791 2³
127 1750 223 1800 [eh]
366 1806 541 1847 Testes
574 1809 694 1848 sunt
726 1805 905 1861 Campi
938 1807 1107 1862 magni
1129 1840 1231 1848 .....

128 1887 281 1929 Gravis
315 1891 380 1928 est
405 1889 555 1929 modus
586 1889 633 1929 in
666 1891 820 1929 ornatu
846 1888 1053 1929 orationis
1081 1891 1124 1928 et
1151 1902 1276 1942 saepe
1302 1903 1467 1929 sumen-

126 1947 224 2001 dus3
261 1960 311 1987 ex
350 1960 433 1999 quo
473 1961 625 2001 genere
662 1947 768 1988 haec
807 1950 907 1988 sunt
943 1946 1157 1987 Martem
1193 1946 1319 1987 belli
1358 1961 1466 1987 esse

127 2019 455 2058 communem,
494 2003 727 2046 Cererem
763 2019 841 2059 pro
873 2005 1090 2060 frugibus,
1126 2004 1366 2045 Liberum
1398 2020 1468 2059 ap-

74 2081 108 2105 30
126 2063 284 2117 pellare
316 2077 394 2117 pro
426 2063 544 2117 vino,
574 2063 865 2118 Neptunum
897 2077 974 2117 pro
1007 2063 1134 2117 mari,
1166 2063 1357 2104 curiam
1388 2077 1466 2117 pro

128 2124 296 2175 senam,
346 2136 572 2175 campum
620 2137 697 2176 pro
749 2121 954 2175 comitiis,
1003 2124 1176 2176 togam
1223 2135 1301 2176 pro
1351 2136 1467 2175 pace,

128 2194 265 2220 arma
297 2194 344 2220 ac
376 2179 481 2220 tela
510 2194 588 2233 pro
620 2179 755 2230 bello3
793 2194 876 2234 quo
908 2180 1013 2220 item
1050 2180 1096 2220 in
1129 2194 1281 2235 genere
1314 2183 1356 2220 et
1387 2179 1536 2220 vir-168

127 2240 242 2279 tutes
281 2241 323 2279 et
362 2237 467 2278 vitia
503 2252 581 2291 pro
617 2238 742 2292 ipsis,
780 2238 826 2279 in
864 2238 1019 2292 quibus
1056 2238 1131 2279 illa
1170 2241 1288 2292 sunt,
1326 2236 1467 2291 appel-

127 2296 287 2337 lantur:
337 2295 590 2337 Luxuries
635 2311 780 2350 quam
823 2296 875 2337 in
918 2297 1115 2338 domum
1158 2295 1375 2349 inrupit,
1425 2297 1467 2335 et
