1643 2526
393 66 536 101 LIBER
560 67 587 101 I.
639 66 739 101 CAP.
767 69 917 101 15-16,
957 69 976 109 ξ
1002 70 1150 103 63-73.
1388 67 1441 108 17

100 162 256 217 audiet,
287 162 489 217 quoniam
520 160 795 217 philosophia
825 161 872 202 in
903 162 983 203 tris
1014 162 1150 216 partis
1177 165 1242 204 est
1267 162 1445 217 tributa,

98 221 144 262 in
174 224 352 262 naturae
383 220 704 275 obscuritatem,
732 220 778 261 in
804 220 1038 261 disserendi
1070 221 1367 276 suptilitatem,
1397 221 1444 262 in

98 279 233 321 vitam
273 282 400 332 atque
441 293 600 333 mores,
641 279 723 319 duo
762 278 838 319 illa
875 278 1164 332 relinquamus
1204 282 1331 333 atque
1363 279 1444 320 lar—

99 337 268 392 giamur
302 337 481 378 inertiae
520 339 710 391 nostrae3
753 336 929 378 tertium
967 351 1086 391 vero,
1124 338 1236 391 quod
1274 352 1441 392 semper

63 411 80 437 5
101 395 284 437 oratoris
325 395 426 450 fuit,
468 394 552 436 nisi
592 395 852 449 tenebimus,
894 394 1002 435 nihil
1048 396 1227 450 oratori,
1269 395 1314 436 in
1358 409 1441 450 quo

100 468 282 509 magnus
314 468 406 494 esse
437 453 588 507 possit,
618 453 918 507 relinquemus.
981 452 1119 501 Quare
1149 453 1220 495 hic
1245 454 1365 495 locus
1392 455 1441 495 de

99 512 189 553 vita
221 514 263 553 ct
295 512 485 552 moribus
518 515 636 553 totus
665 515 731 553 est
757 511 919 552 oratori
949 511 1269 567 perdiscendus3
1301 515 1443 554 cetera

100 570 136 611 si
167 584 254 611 non
286 570 498 624 didicerit,
538 573 683 611 tamen
717 570 896 624 poterit,
935 569 971 610 si
1009 570 1177 623 quando
1211 584 1317 624 opus
1349 570 1443 625 erit,

101 642 250 669 ornare
289 628 484 682 dicendo,
524 628 560 669 si
598 628 725 669 modo
765 628 816 669 ad
855 643 951 669 eum
989 631 1114 669 erunt
1152 628 1292 669 delata
1330 631 1372 669 et
1404 629 1442 669 ei

1468 466 1512 497 69

48 703 81 728 10
100 687 270 727 tradita.
332 686 391 727 Et
430 686 543 727 enim
581 687 617 727 si
657 689 827 728 constat
864 686 976 727 inter
1014 686 1182 741 doctos,
1224 686 1442 727 hominem
1458 688 1512 728 16

98 745 298 800 ignarum
330 744 589 799 astrologiae
623 744 908 785 ornatissimis
949 747 1075 798 atque
1109 744 1283 799 optimis
1315 745 1443 786 versi-

98 803 177 844 bus
209 802 393 843 Aratum
431 803 480 843 de
519 802 635 844 caelo
675 802 895 856 stellisque
933 802 1106 857 dixisse3
1152 803 1188 844 si
1225 803 1275 844 de
1314 803 1441 844 rebus

99 861 273 902 rusticis
311 860 530 901 hominem
569 861 621 901 ab
662 875 765 915 agro
797 860 1147 901 remotissumum
1179 860 1443 902 Nicandrum

101 917 416 984 Coloplionium
456 918 626 973 poetica
666 919 849 972 quadam
888 918 1114 973 facultate,
1154 933 1243 959 non
1281 919 1443 960 rustica

48 994 81 1019 15
102 977 323 1042 scripsisse
355 977 586 1030 praeclare:
621 977 720 1031 quid
747 980 812 1018 est
837 991 912 1018 cur
936 991 1024 1018 non
1056 953 1201 1018 orator
1233 977 1282 1018 de
1313 978 1441 1018 rebus

99 1035 153 1076 iis
186 1035 534 1088 eloquentissime
567 1035 693 1089 dicat,
725 1049 830 1088 quas
864 1035 915 1076 ad
948 1038 1110 1076 certam
1141 1050 1314 1076 causam
1339 1038 1443 1076 tem-

98 1107 262 1148 pusque
300 1093 528 1148 cognorit?
577 1093 659 1134 Est
696 1093 810 1134 enim
849 1093 1058 1134 finitimus
1101 1093 1263 1134 oratori
1301 1097 1441 1149 poeta,

1467 1104 1511 1135 '70

97 1151 284 1192 numeris
313 1150 529 1193 astrictior
553 1152 695 1206 paulo,
718 1151 945 1193 verborum
973 1154 1116 1192 autem
1141 1151 1313 1193 licentia
1338 1152 1441 1193 libe·
1490 1161 1499 1165 ’

98 1210 203 1264 rior,
240 1209 387 1250 multis
418 1224 521 1251 vero
560 1210 738 1251 ornandi
775 1210 1002 1265 generibus
1042 1209 1182 1251 socius
1222 1225 1270 1252 ac
1306 1225 1440 1264 paene

46 1284 80 1310 20
101 1282 193 1322 par3
236 1267 281 1308 in
311 1268 392 1309 hoc
425 1267 595 1322 quidem
627 1271 739 1309 certe
776 1282 908 1322 prope
945 1268 1077 1322 idem,
1113 1268 1242 1309 nullis
1280 1272 1329 1309 ut
1360 1271 1442 1309 ter-

99 1325 226 1366 minis
259 1325 581 1367 circumscribat
613 1329 687 1366 aut
719 1326 930 1367 definiat
918 1341 987 1367 ius
1014 1302 1151 1380 suiim,
1184 1341 1267 1380 quo
1299 1326 1439 1367 minus

101 1383 138 1424 ei
164 1384 290 1424 liceat
322 1384 469 1424 eadem
494 1383 568 1424 illa
592 1383 798 1425 facultate
826 1387 868 1424 et
895 1384 1017 1437 copia
1042 1384 1191 1438 v·aga1i
1217 1399 1301 1437 qua
1326 1385 1440 1426 velit

99 1441 211 1482 Nam
239 1442 352 1494 quod
377 1441 483 1482 illud
509 1441 631 1495 quasi
656 1441 760 1496 iure,
787 1440 1003 1496 Scaevola,
1033 1442 1203 1496 negasti
1235 1445 1277 1483 te
1309 1442 1441 1484 fuisse

98 1499 306 1553 laturum,
342 1499 426 1540 nisi
457 1500 503 1540 in
534 1514 628 1541 meo
660 1514 792 1555 regno
825 1514 958 1554 esses,
999 1500 1112 1553 quod
1147 1500 1192 1540 in
1225 1501 1341 1541 omni
1374 1515 1441 1556 ge-

47 1574 80 1600 25
99 1572 199 1598 nere
227 1558 447 1612 sermonis,
478 1557 523 1598 in
550 1558 665 1599 omni
690 1561 812 1612 parte
838 1557 1118 1599 humanitatis
1146 1558 1325 1599 dixerim
1352 1573 1441 1600 ora-

100 1619 238 1657 torem
268 1616 505 1670 perfectum
531 1630 622 1657 esse
649 1617 818 1657 debere:
850 1631 1068 1670 nunquam
1093 1617 1333 1658 mehercule
1358 1617 1440 1658 hoc

100 1674 296 1728 dicerem,
327 1674 363 1714 si
390 1689 486 1715 eum
513 1688 638 1727 quem
665 1675 782 1729 fingo
814 1689 882 1716 me
914 1674 1055 1729 ipsum
1080 1689 1172 1716 esse
1199 1674 1440 1716 arbitrarer.

100 1730 201 1786 Sed,
240 1735 289 1772 ut
327 1732 492 1773 solebat
525 1731 569 1773 C.
600 1732 792 1774 Lucilius
834 1747 958 1787 saepe
996 1733 1153 1787 dicere,
1191 1732 1321 1774 homo
1360 1732 1441 1773 tibi

101 1790 330 1844 subiratus,
354 1790 460 1831 mihi
485 1794 661 1845 propter
681 1805 774 1832 eam
793 1791 932 1845 ipsam
953 1805 1127 1832 causam
1152 1791 1292 1832 minus
1314 1805 1442 1844 quam

47 1865 81 1892 30
99 1848 272 1889 volebat
302 1848 539 1903 familiaris,
571 1849 643 1889 sed
670 1852 817 1890 tamen
843 1852 885 1890 et
910 1849 1060 1890 doctus
1094 1852 1137 1889 et
1163 1850 1443 1904 perui-banus,

101 1906 161 1948 sic
194 1906 344 1961 sentio,
379 1906 593 1947 neminem
626 1921 717 1948 esse
748 1907 793 1948 in
826 1910 1045 1948 oratorum
1075 1921 1253 1948 numero
1286 1907 1443 1948 haben-

101 1964 214 2018 dum,
245 1964 319 2018 qui
343 1978 430 2005 non
455 1964 511 2005 sit
539 1964 736 2006 omnibus
762 1965 816 2006 iis
843 1965 1021 2019 artibus,
1048 1979 1154 2018 quae
1181 1968 1281 2006 sunt
1305 1965 1440 2006 libero

100 2022 266 2077 dignae,
296 2022 552 2076 perpolitus,
584 2023 738 2077 quibus
769 2023 875 2077 ipsis
905 2023 941 2064 si
967 2023 1010 2063 in
1036 2023 1211 2064 dicendo
1243 2038 1329 2065 non
1360 2023 1441 2064 uti-

100 2094 207 2135 mur,
244 2083 389 2121 tamen
420 2084 595 2134 apparet
627 2084 754 2135 atque
787 2084 917 2134 extat,
954 2084 1100 2122 utrum
1131 2081 1263 2122 simus
1296 2096 1442 2123 earum

46 2154 81 2180 35
100 2138 225 2179 rudes
253 2153 308 2179 an
333 2138 614 2180 didicerimus.
666 2139 726 2180 Ut
752 2140 825 2193 qui
850 2138 938 2193 pila
968 2139 1121 2180 ludunt
1149 2153 1236 2180 non
1261 2142 1442 2180 utuntur

98 2195 145 2236 in
168 2196 262 2250 ipsa
290 2196 456 2237 lusione
484 2197 665 2238 artificio
691 2197 865 2251 proprio
891 2197 1144 2252 palaestrae,
1176 2198 1250 2238 sed
1279 2197 1441 2238 indicat

98 2253 190 2308 ipse
216 2257 358 2296 motus
386 2254 663 2296 didicerintne
695 2255 955 2310 palaestram
982 2270 1036 2298 an
1061 2255 1266 2309 nesciant,
1298 2258 1340 2296 et
1367 2253 1440 2308 qui

169 2328 238 2354 CIC.
258 2329 281 2354 1.
303 2330 325 2354 2.
1132 2327 1150 2356 2

1467 1453 1511 1484 71

1468 1743 1512 1774 72

1468 2149 1512 2180 73
