1643 2526
184 124 272 166 290
759 123 948 159 BRUTUS

186 219 333 260 malim
370 218 476 259 mihi
506 217 553 259 L.
580 216 725 260 Crassi
761 233 891 260 unam
921 232 999 272 pro
1030 217 1098 258 M’.
1126 215 1255 259 Curio
1294 216 1526 258 dictionem

188 292 316 331 quam
355 276 608 318 castellanos
646 277 887 331 triumphos
926 277 1021 317 duo.
1083 275 1159 317 ‘At
1195 275 1291 330 plus
1328 274 1526 316 interfuit
1602 276 1607 280 ’

186 335 247 376 rei
284 335 480 389 publicae
519 335 741 376 castellum
779 335 873 389 capi
910 334 1119 390 Ligurum
1157 348 1284 387 quam
1320 334 1427 374 bene
1458 333 1526 374 de-

117 393 302 435 257fendi
329 408 501 435 causam
525 393 593 434 M'.
614 392 742 434 Curi’
792 392 947 447 Credo,
979 392 1051 434 sed
1070 391 1400 433 Atheniensium
1426 405 1526 445 quo-

187 467 267 506 que
292 452 388 506 plus
414 451 610 493 interfuit
629 452 753 493 firma
771 454 886 493 tecta
910 451 955 491 in
975 450 1201 492 domiciliis
1220 450 1377 491 habere
1398 464 1527 504 quam
1563 464 1579 489 5

186 509 401 551 Minervae
434 510 605 565 signum
637 525 688 551 ex
719 510 845 551 ebore
877 508 1228 564 pulcherrimum3
1268 511 1414 550 tamen
1445 522 1524 563 ego

186 583 253 609 me
285 568 483 609 Phidiam
514 583 605 609 esse
636 568 808 609 mallem
841 582 969 621 quam
998 567 1066 608 vel
1099 570 1323 621 optumum
1356 566 1527 607 fabrum

186 626 462 681 tignuarium.
523 625 661 675 Quare
693 641 780 668 non
811 629 1019 680 quantum
1051 625 1229 679 quisque
1260 625 1416 679 prosit,
1453 625 1527 666 sed

188 685 337 738 quanti
369 685 547 738 quisque
581 685 637 725 sit
667 685 987 739 ponderandum
1019 687 1102 738 est,
1144 683 1398 738 praesertim
1429 697 1527 724 cum

121 743 312 818 „4pauci
355 743 530 798 pingere
575 742 745 798 egregie
788 743 956 797 possint
1000 745 1073 783 aut
1115 742 1295 796 fingere,
1344 741 1526 796 operarii
1546 756 1580 782 10

129 787 139 818 ι
190 804 332 842 autem
359 804 433 842 aut
458 800 591 841 baiuli
618 801 762 841 deesse
787 815 875 841 non
899 800 1078 854 possint.
1130 799 1212 841 Sed
1236 813 1379 855 perge,
1402 799 1527 840 Pom-

187 860 302 913 poni,
334 859 383 899 de
416 858 596 900 Caesare
628 862 670 899 et
701 859 826 899 redde
859 873 966 912 quae
997 861 1174 899 restant.

307 916 454 958 Solum
481 917 663 971 quidem,
692 917 833 970 inquit
864 917 949 971 ille,
980 920 1023 957 et
1049 916 1171 970 quasi
1202 915 1526 957 fundamentum

189 976 369 1017 oratoris
391 975 520 1029 vides,
544 975 805 1016 locutionem
826 975 1093 1016 emendatam
1113 978 1156 1016 et
1174 974 1386 1029 Latinam,
1406 974 1525 1016 cuius

188 1048 316 1088 penes
344 1048 449 1087 quos
475 1034 568 1075 laus
597 1033 731 1075 adhuc
753 1033 848 1087 fuit,
872 1047 959 1074 non
983 1033 1067 1073 fuit
1091 1033 1270 1074 rationis
1297 1035 1371 1074 aut
1397 1032 1528 1074 scien·
1546 1047 1579 1073 15

188 1092 287 1144 tiae,
319 1092 391 1132 sed
418 1091 540 1145 quasi
571 1092 706 1132 bonae
734 1091 1064 1132 consuetudinis.
1114 1091 1242 1132 Mitto
1269 1090 1313 1132 C.
1333 1090 1527 1132 Laelium

188 1150 233 1190 P.
262 1149 520 1204 Scipionem:
572 1149 725 1190 aetatis
766 1149 882 1190 illius
925 1149 1010 1190 ista
1052 1149 1134 1190 fuit
1173 1149 1266 1190 laus
1307 1151 1527 1202 tamquam

187 1208 457 1249 innocentiae
484 1207 544 1249 sic
569 1207 721 1248 Latine
745 1207 946 1261 loquendi
975 1232 1024 1236 —
1052 1222 1129 1249 nec
1157 1207 1347 1248 omnium
1371 1210 1528 1262 tamen,

187 1281 288 1307 nam
330 1266 503 1307 illorum
547 1267 743 1320 aequales
783 1265 1015 1307 Caecilium
1059 1269 1101 1306 et
1139 1265 1373 1307 Pacuvium
1416 1265 1527 1306 male

188 1324 355 1366 locutos
387 1324 577 1365 videmus
609 1349 656 1353 —
687 1324 760 1365 sed
786 1339 931 1365 omnes
958 1327 1051 1365 tum
1076 1324 1176 1378 fere,
1208 1323 1280 1377 qui
1304 1338 1382 1365 nec
1408 1326 1528 1365 extra
1546 1340 1580 1365 20

188 1383 338 1423 urbem
374 1382 484 1423 hanc
515 1382 708 1423 vixerant
744 1397 880 1436 neque
918 1397 989 1424 eos
1029 1382 1170 1436 aliqua
1206 1381 1425 1423 barbaries
1458 1382 1528 1423 do-

189 1441 367 1482 mestica
385 1440 685 1495 infuscaverat,
709 1443 823 1482 recte
842 1441 1139 1494 loquebantur.
1184 1438 1267 1481 Sed
1285 1440 1395 1481 hanc
1415 1443 1527 1481 certe

188 1514 278 1540 rem
311 1499 563 1539 deteriorem
594 1502 784 1540 vetustas
816 1499 918 1540 fecit
944 1502 986 1540 et
1010 1498 1172 1539 Romae
1199 1501 1242 1539 et
1266 1498 1312 1538 in
1338 1497 1526 1539 Graecia.

190 1556 497 1598 Confluxerunt
529 1557 641 1597 enim
667 1560 709 1598 et
732 1557 921 1598 Athenas
954 1560 996 1598 et
1020 1557 1065 1597 in
1092 1557 1201 1598 hanc
1227 1557 1377 1597 urbem
1402 1556 1527 1597 multi

187 1615 408 1669 inquinate
440 1615 662 1669 loquentes
696 1629 746 1656 ex
779 1615 956 1656 diversis
986 1615 1103 1656 locis.
1166 1614 1257 1663 Quo
1290 1614 1428 1668 magis
1460 1629 1526 1655 ex-
1546 1629 1580 1656 25

189 1673 435 1728 purgandus
473 1676 538 1713 est
576 1687 714 1713 sermo
747 1676 789 1714 et
822 1673 1060 1714 adhibenda
1095 1676 1315 1726 tamquam
1348 1673 1528 1714 obrussa

190 1731 314 1784 ratio,
334 1745 440 1784 quae
467 1730 624 1771 mutari
648 1745 735 1771 non
759 1733 916 1785 potest,
939 1745 1017 1772 nec
1043 1731 1248 1771 utendum
1271 1730 1528 1784 pravissima

120 1788 508 1830 259consuetudinis
540 1789 698 1844 regula.
748 1788 792 1829 T.
815 1788 1116 1842 Flamininum,
1148 1788 1220 1842 qui
1252 1803 1348 1830 cum
1374 1788 1419 1837 Q.
1441 1788 1527 1830 Me-

190 1847 291 1888 tello
330 1847 478 1888 consul
515 1846 617 1901 fuit,
655 1846 776 1901 pueri
806 1846 1007 1887 vidimus:
1050 1847 1389 1888 existumabatur
1419 1847 1526 1888 bene

189 1905 354 1959 Latine,
380 1905 452 1946 sed
477 1905 644 1945 litteras
669 1904 897 1946 nesciebat.
948 1903 1125 1946 Catulus
1147 1908 1237 1946 erat
1262 1905 1333 1946 ille
1355 1905 1525 1958 quidem
1545 1921 1579 1947 30

189 1963 363 2004 minime
394 1963 611 2017 indoctus,
644 1965 693 2004 ut
724 1978 749 2004 a
780 1966 822 2004 te
853 1963 980 2016 paulo
1013 1967 1078 2004 est
1110 1966 1208 2004 ante
1241 1963 1421 2017 dictum,
1452 1963 1526 2004 sed

190 2024 335 2062 tamen
378 2021 566 2062 suavitas
609 2021 726 2062 vocis
771 2023 813 2062 et
855 2021 961 2062 lenis
1007 2021 1237 2075 appellatio
1284 2021 1526 2062 litterarum

190 2079 296 2120 bene
327 2079 528 2133 loquendi
559 2079 719 2120 famam
751 2078 1000 2120 confecerat.
1064 2078 1204 2134 Cotta,
1235 2079 1307 2134 qui
1334 2093 1377 2120 se
1402 2079 1524 2120 valde

191 2137 418 2178 dilatandis
466 2137 623 2177 litteris
672 2152 695 2178 a
739 2137 1016 2178 similitudine
1062 2137 1246 2179 Graecae
1294 2136 1523 2178 locutionis

191 2195 458 2236 abstraxerat
490 2195 753 2248 sonabatque
785 2195 1046 2236 contrarium
1078 2194 1243 2250 Catulo,
1274 2195 1523 2250 subagreste
1542 2209 1577 2237 35

192 2254 391 2307 quiddam
422 2253 630 2307 planeque
663 2253 965 2308 subrusticum,
996 2254 1079 2295 alia
1111 2254 1281 2308 quidem
1313 2253 1434 2307 quasi
1464 2253 1525 2293 in-

191 2312 306 2353 culta
343 2315 385 2353 et
421 2311 607 2353 silvestri
644 2311 713 2352 via
745 2311 796 2352 ad
833 2312 1024 2354 eamdem
1060 2312 1228 2354 laudem
1264 2313 1524 2367 pervenerat.

117 846 186 876 258
