1643 2526
68 694 99 716 10

67 984 99 1008 15

66 1275 99 1300 20

65 1858 98 1883 30

63 2149 96 2174 35

574 52 674 89 CAP.
702 57 755 89 18.
807 57 826 95 g
852 57 1001 89 64-71.
1369 55 1453 96 441

118 148 206 203 his,
244 148 316 203 qui
355 151 503 189 ornate
542 151 584 189 et
616 148 787 203 copiose
824 148 943 202 loqui
982 151 1181 204 possunt,
1222 150 1463 192 mirabilem

121 207 288 261 copiam
317 206 495 261 dicendi,
528 222 623 248 cum
656 206 909 248 denuntiant
937 207 1038 260 quid
1064 221 1114 247 ex
1142 222 1308 262 quaque
1334 224 1378 250 re
1407 210 1464 250 sit

119 265 321 306 futurum.
386 263 623 307 Causarum
655 265 767 307 enim
794 265 985 321 cognitio
1019 266 1310 320 cognitionem
1343 282 1463 309 even-

120 327 263 365 torum
294 323 408 365 facit.

239 382 446 437 Reliquus
479 385 544 423 est
577 382 909 436 comparationis
942 382 1073 437 locus,
1106 383 1226 424 cuius
1260 398 1393 439 genus
1421 387 1463 425 et

121 440 361 494 exemplum
393 455 521 495 supra
552 440 741 495 positum
774 444 839 481 est
871 444 920 481 ut
952 444 1209 497 ceterorum3
1252 457 1364 484 nunc
1397 457 1461 484 ex-

119 499 315 553 plicanda
353 499 554 540 tractatio
588 502 663 540 est.
726 497 1040 553 Comparantur
1076 499 1211 554 igitur
1251 515 1317 555 ea,
1355 515 1463 555 quae

121 560 194 598 aut
226 557 389 598 maiora
420 561 494 598 aut
525 557 691 598 minora
723 560 796 598 aut
826 558 947 612 paria
978 558 1194 613 dicuntur3
1234 559 1280 599 in
1306 560 1461 613 quibus

121 619 368 670 spectantur
399 616 519 657 haec:
557 630 758 657 numerus
791 616 952 670 species
984 616 1061 671 vis,
1092 617 1300 670 quaedam
1332 618 1463 659 etiam

120 674 173 715 ad
203 689 270 715 res
303 674 466 728 aliquas
505 674 700 715 adfectio.
761 674 951 715 Numero
990 675 1050 716 sic
1089 676 1463 731 comparabuntur,

119 733 242 787 plura
280 733 393 773 bona
431 736 479 773 ut
515 733 789 787 paucioribus
829 733 951 774 bonis
992 736 1324 789 anteponantur,
1362 750 1464 789 pau-

121 791 236 832 ciora
256 791 367 832 mala
387 791 511 832 malis
532 791 739 845 pluribus,
765 791 1031 832 diuturniora
1050 792 1163 833 bona
1183 793 1463 848 brevioribus,

121 849 248 904 longe
276 853 318 890 et
344 850 428 890 late
454 853 687 904 pervagata
713 850 921 905 angustis,
947 865 997 891 ex
1021 850 1175 905 quibus
1201 852 1325 905 plura
1350 852 1465 893 bona

119 911 413 963 propagentur
433 923 624 962 quaeque
644 908 786 962 plures
807 908 1030 949 imitentur
1045 912 1087 950 et
1106 909 1277 951 faciant.
1312 909 1461 964 Specie

120 969 263 1007 autem
296 969 609 1020 comparantur,
643 969 691 1007 ut
723 970 1039 1021 anteponantur
1071 982 1178 1021 quae
1210 972 1385 1022 propter
1418 984 1462 1010 se

119 1025 353 1079 expetenda
391 1028 491 1066 sunt
529 1025 600 1079 iis,
639 1039 745 1078 quae
783 1028 958 1079 propter
990 1026 1121 1080 aliud,
1160 1030 1202 1067 et
1233 1030 1281 1067 ut
1312 1027 1463 1068 innata

119 1086 246 1136 atque
277 1083 408 1124 insita
441 1083 678 1137 adsumptis
712 1086 838 1137 atque
871 1084 1135 1137 adventiciis,
1166 1085 1334 1139 integra
1365 1100 1462 1127 con—

118 1141 351 1195 taminatis,
381 1142 566 1182 iucunda
591 1141 731 1182 minus
757 1141 966 1196 iucundis,
990 1142 1172 1183 honesta
1197 1143 1302 1197 ipsis
1330 1143 1461 1184 etiam

119 1273 196 1299 sua
228 1257 396 1312 alienis,
436 1273 533 1298 rara
563 1258 831 1313 vulgaribus,
869 1259 1165 1300 desiderabilia
1196 1259 1267 1314 iis,
1306 1260 1460 1313 quibus

118 1316 242 1357 facile
275 1330 416 1357 carere
447 1316 605 1370 possis,
645 1316 836 1370 perfecta
866 1317 1099 1370 inchoatis,
1129 1320 1222 1358 tota
1252 1318 1462 1373 partibus,

118 1374 283 1415 ratione
321 1374 486 1415 utentia
523 1374 702 1415 rationis
742 1375 1004 1429 expertibus,
1042 1375 1284 1417 voluntaria
1319 1391 1461 1418 neces-

120 1432 263 1486 sariis,
307 1433 496 1474 animata
539 1433 757 1487 inanimis,
796 1433 1010 1474 naturalia
1052 1448 1140 1474 non
1179 1435 1461 1489 naturalibus,

119 1491 351 1532 artificiosa
376 1505 463 1532 non
492 1491 746 1532 artificiosis.
795 1491 873 1532 Vis
901 1495 1043 1532 autem
1069 1492 1115 1532 in
1140 1493 1460 1547 comparatione

66 1566 95 1590 1
119 1549 180 1591 sic
206 1549 409 1591 cernitur:
442 1549 630 1590 efficiens
658 1564 784 1590 causa
804 1550 974 1604 gravioi
995 1565 1123 1604 quam
1141 1565 1229 1592 non
1255 1551 1461 1606 efficiens3

119 1622 225 1662 quae
258 1622 301 1648 se
332 1608 437 1662 ipsis
470 1611 673 1649 contenta
705 1611 804 1649 sunt
837 1608 1013 1649 melioia
1040 1624 1168 1662 quam
1195 1624 1301 1663 quae
1334 1613 1461 1664 egent

119 1666 232 1721 aliis3
264 1680 370 1720 quae
402 1666 448 1707 in
478 1669 626 1707 nostra
659 1681 785 1720 quam
816 1681 922 1720 quae
954 1667 1000 1707 111
1032 1667 1213 1708 aliorum
1244 1670 1460 1733 potestate

120 1727 236 1779 sunt3
268 1724 441 1765 stabilia
465 1724 660 1779 incertis3
692 1740 798 1779 quae
819 1725 927 1779 eripi
946 1739 1033 1766 11011
1054 1729 1236 1780 possunt
1261 1726 1328 1781 iis,
1353 1741 1460 1780 quae

117 1785 308 1836 possunt.
346 1782 545 1824 Adfectio
573 1786 716 1824 autem
736 1783 789 1824 ad
814 1798 881 1824 res
903 1784 1067 1837 aliquas
1090 1787 1154 1825 est
1179 1784 1306 1825 huius
1328 1785 1460 1825 modi:

117 1840 358 1895 principum
391 1841 614 1882 commoda
650 1841 813 1883 maiora
851 1856 979 1895 quam
1016 1842 1298 1897 reliquorum3
1340 1842 1462 1884 item-

119 1913 199 1952 que
231 1913 338 1952 quae
369 1899 638 1952 iucundiora,
670 1913 776 1953 quae
808 1900 1003 1954 pluribus
1034 1901 1235 1954 probata,
1267 1915 1374 1954 quae
1407 1901 1460 1942 ab

118 1960 294 2010 optumo
329 1971 496 2010 quoque
534 1957 717 1998 laudata.
780 1959 921 2011 Atque
954 1962 1002 1999 ut
1032 1959 1137 2000 haec
1169 1959 1214 1999 in
1245 1973 1462 2013 compara-

117 2015 233 2055 tione
272 2015 466 2069 meliora
511 2016 570 2057 sic
609 2016 820 2057 deterioia
858 2031 965 2070 quae
1003 2016 1056 2057 iis
1096 2020 1196 2058 sunt
1234 2017 1459 2058 contraria.

115 2072 290 2114 Parium
331 2077 475 2115 autem
516 2074 779 2128 comparatio
820 2089 898 2116 nec
940 2075 1169 2116 elationem
1212 2075 1343 2116 habet
1382 2090 1459 2116 nec

117 2131 481 2186 summissionem,
514 2135 578 2173 est
607 2132 719 2173 enim
752 2133 952 2186 aequalis.
1014 2133 1152 2174 Multa
1179 2137 1322 2174 autem
1349 2137 1460 2187 sunt,

116 2205 223 2243 quae
258 2166 516 2243 aequalitate
547 2190 642 2244 ipsa
674 2194 993 2247 comparantur3
1025 2206 1131 2245 quae
1162 2192 1225 2232 ita
1249 2191 1336 2232 fere
1365 2205 1460 2232 con-

115 2248 362 2289 cluduntur:
397 2247 443 2289 Si
475 2248 653 2290 consilio
685 2249 829 2290 iuvare
863 2249 974 2291 cives
1002 2253 1044 2290 et
1070 2249 1228 2291 auxilio
1256 2263 1390 2302 aequa
1414 2249 1460 2289 in

1489 395 1534 426 68

1488 687 1532 718 69

103 1200 309 1253 utilibus,
333 1199 540 1253 proclivia
564 1200 804 1253 laboriosis,
829 1200 1070 1241 necessaria
1091 1215 1178 1242 non
1197 1202 1462 1256 necessariis,
1502 1212 1510 1215 ⁴

1488 1505 1531 1535 70

1487 2087 1526 2117 71
