1643 2526
531 115 630 152 CAP,
658 118 714 152 97.
751 119 770 158 ἓ
796 119 992 151 330-333.
1347 116 1432 157 313

95 209 326 264 doctrinae,
355 211 570 252 numerari
601 211 647 252 in
677 211 806 266 vulgo
837 214 1127 265 patronorum.
1184 210 1298 252 Nam
1330 211 1432 266 quid

95 272 137 309 te
193 268 381 309 exercuit
437 268 688 310 Pammenes
747 269 811 311 vir
867 269 994 324 longe
1054 269 1430 324 eloquentissimus

97 325 327 368 Graeciae?
372 327 473 381 quid
503 328 578 368 illa
609 331 731 369 vetus
762 328 995 369 Academia
1026 330 1154 382 atque
1186 328 1275 369 eius
1307 328 1429 369 heres

95 385 267 426 Aristus
299 385 455 439 hospes
489 389 531 427 et
561 386 784 427 familiaris
817 401 954 441 meus,
992 386 1028 428 si
1067 387 1237 441 quidem
1269 386 1429 428 similes

59 461 75 486 5
96 443 269 484 maioris
310 444 445 498 partis
491 448 709 486 oratorum
746 444 880 485 futuri
918 445 1094 486 sumus?
1155 445 1308 486 Nonne
1347 460 1430 487 cer·
1433 456 1500 487 333

94 502 235 543 nimus
267 501 337 543 vix
369 502 550 557 singulis
582 503 794 544 aetatibus
827 503 951 544 binos
979 506 1169 545 oratores
1195 503 1430 545 laudabiles

96 560 370 602 constitisse?
416 537 553 603 Galba
583 561 666 603 fuit
697 562 808 602 inter
840 565 907 603 tot
933 560 1123 616 aequalis
1157 576 1267 603 unus
1300 563 1432 604 excel-

94 619 199 674 lens,
231 619 310 673 eui,
342 634 468 673 quem
494 621 546 661 ad
571 620 744 661 modum
769 620 1022 675 accepimus,
1053 623 1096 661 et
1121 619 1228 662 Cato
1256 621 1432 662 cedebat

97 677 238 718 senior
263 681 305 718 et
332 678 404 731 qui
430 679 695 733 temporibus
720 678 808 719 illis
835 681 974 720 aetate
1001 678 1224 720 inferiores
1245 679 1432 734 fuerunt,

43 753 76 778 10
96 736 281 790 Lepidus
314 740 483 791 postea7
520 737 668 778 deinde
701 736 858 790 Carbo3
895 752 994 778 nam
1034 736 1216 779 Gracchi
1252 737 1298 778 111
1337 752 1433 779 con-

96 794 286 836 tionibus
330 795 466 836 multo
510 795 701 837 faciliore
745 798 787 836 et
822 795 1021 837 liberiore
1060 810 1213 851 genere
1255 796 1433 851 dicendi,

97 867 278 907 quorum
310 856 455 894 tamen
491 854 683 908 ipsorum
721 854 773 894 ad
811 857 996 895 aetatem
1032 854 1125 895 laus
1165 854 1432 908 eloquentiae

95 912 285 966 perfecta
315 912 504 953 nondum
541 912 641 968 fuit3
679 912 895 953 Antonius
933 912 1130 967 Crassus,
1167 916 1267 967 post
1305 912 1434 955 Cotta

99 969 311 1024 Sulpicius
331 970 599 1012 Hortensius
644 970 765 1011 Nihil
791 971 884 1012 dico
905 971 1101 1026 amplius,
1125 974 1294 1012 tantum
1321 971 1432 1013 dico:

45 1045 77 1070 15
99 1028 134 1070 si
175 1028 280 1069 mihi
320 1028 560 1083 accidisset,
607 1032 654 1070 ut
699 1043 945 1070 numerarer
990 1030 1036 1070 in
1083 1030 1228 1071 multis
1263 1063 1363 1070 .....
1397 1030 1429 1071 si

98 1101 277 1142 operosa
309 1090 374 1128 est
405 1087 675 1129 concursatio
707 1088 845 1143 magis
879 1091 1188 1143 oportunorum
1215 1121 1315 1129 .....
