1643 2526
177 88 274 121 xm
455 78 458 79 ’
585 88 864 124 ADNOTATIO
893 87 1092 123 CRITICA.

176 193 260 228 huic
287 192 402 227 Oveh'
430 195 479 228 λε
509 213 556 218 --
586 193 625 227 Ρ.
655 196 731 228 184.
760 197 814 228 12.
847 194 1049 229 existimari
1074 206 1100 227 ω
1127 213 1170 219 ——
1200 197 1252 228 14.
1278 204 1390 238 ‘neque
1415 206 1442 226 ω
1469 213 1513 218 -

178 242 232 274 15.
258 240 311 274 At
337 239 362 273 C
388 240 443 275 Ac
469 239 578 274 Sorof
600 261 642 265 —
669 243 724 275 30.
758 252 881 275 earum
907 253 923 275 ε
951 260 993 265 -
1021 244 1074 274 33.
1107 245 1211 285 atque
1236 240 1263 274 L
1279 242 1297 273 λ
1323 244 1471 284 ateaque
1496 251 1513 274 ε

177 290 215 320 at
243 286 282 331 Q.
310 286 406 321 vict.
433 307 476 312 —
502 287 541 321 P.
564 291 640 322 185.
662 292 693 321 5.
719 288 795 330 suit
820 298 890 322 om.
917 286 958 328 C3
988 292 1039 322 est
1063 287 1223 330 mallem,
1250 286 1281 320 si
1306 286 1395 329 quid
1420 297 1512 330 opus

178 334 284 367 esset.
325 354 368 358 —
408 338 437 368 6.
477 335 552 368 dies
576 337 609 368 et
638 333 698 367 L).
729 335 806 369 dies
830 339 863 369 et
887 338 1013 369 noctes.
1046 344 1150 377 gasp.
1183 345 1210 368 S.
1231 345 1258 367 s.
1291 333 1340 368 al’
1371 332 1399 367 Ο
1420 343 1513 376 mrg.

176 391 334 435 atdices!
359 391 509 435 P²mrg
539 392 696 436 quotidie
721 393 814 426 enim
841 404 857 426 ε
883 413 927 417 -
954 396 984 426 7.
1010 403 1136 426 uerum
1160 391 1205 425 P1
1220 390 1248 425 Ο
1263 393 1282 424 λ
1308 411 1351 417 -—
1377 393 1409 425 8.
1429 391 1513 435 phi-

178 438 322 482 losopho
343 437 368 472 C
387 439 636 483 philosophiae
655 438 783 472 malim
803 459 847 464 —
875 443 928 473 15.
956 440 1153 484 aqitatione
1170 449 1289 473 rerum
1309 437 1334 472 C
1361 438 1514 482 ayitatio

176 496 296 520 rerum
332 484 506 526 Mueller;
544 485 750 529 separanda
788 484 957 529 separavi
996 506 1037 511 -—
1075 490 1128 520 16.
1166 486 1199 520 si
1227 495 1314 519 usus
1345 483 1513 518 Schuetz.

177 532 273 565 auct.
293 531 450 566 Mueller
470 552 513 577 ÷
534 536 589 566 24.
610 543 687 566 eam
712 534 730 565 λ
745 544 761 566 ε
782 552 825 557 -
851 536 905 566 37.
933 533 1022 567 dicit
1040 532 1067 565 L
1082 534 1101 565 λ
1121 552 1163 557 -
1190 531 1229 566 Ρ.
1246 535 1322 566 186.
1339 534 1370 566 1.
1390 534 1516 566 ornate

175 582 266 623 post.
288 590 304 612 ε
325 598 368 603 —
389 583 513 613 ornate
532 589 601 612 om.
622 578 648 612 L
663 581 682 612 λ
703 599 745 603 ——
772 583 803 613 4.
831 590 910 613 acre
928 582 1123 613 tractatum
1142 578 1169 611 L
1184 580 1202 611 λ
1222 581 1477 613 acreetractum
1497 589 1514 611 ε

179 644 220 649 —
250 629 280 659 7.
308 626 417 660 multo
443 625 583 660 Manut.
611 646 652 650 —
681 628 712 659 9.
739 630 771 660 et
789 626 865 660 coll.
887 626 914 659 L
940 646 987 650 —
1012 628 1067 660 22.
1094 626 1156 670 qui
1180 625 1382 660 cuiusmodi
1401 623 1427 658 G
1452 625 1516 668 qui

178 672 335 706 cuimodi
361 672 395 705 λ1
421 673 639 707 cuicuimodi
663 671 805 706 Manut.
833 693 873 697 —
902 675 956 706 24.
982 672 1206 707 lrzmzanitate
1231 673 1379 716 dignam
1403 672 1514 705 scieu-

176 720 267 753 tiam
290 717 418 752 Lamb.
445 739 487 743 —
516 722 570 753 32.
591 720 770 763 perpoliri
789 729 893 763 posse
917 718 1052 752 Pearee
1078 739 1121 743 ——
1148 719 1187 752 P.
1216 722 1292 752 187.
1319 721 1351 752 4.
1377 718 1516 752 dolores

179 765 205 798 C
232 765 366 800 doloris
391 764 493 798 Bake
519 786 562 789 —
590 768 621 799 5.
649 776 711 799 an:
743 769 966 810 spectentur?
993 786 1035 789 —
1065 769 1118 800 14.
1150 765 1345 799 inobsoleta
1370 763 1430 798 L).
1456 765 1513 799 ob-

177 813 311 846 solenta
344 824 360 845 ε
399 832 442 836 -—
484 816 536 846 15.
574 813 690 856 magis
723 811 747 846 C
781 822 870 847 corr,
898 825 924 845 ω
964 831 1006 836 »ἢ
1042 814 1095 845 19.
1127 812 1346 846 celeberrime
1372 810 1398 845 C
1423 821 1513 845 corr.

179 857 330 902 O²mrg.
351 879 394 882 —
422 862 477 893 26.
503 863 618 893 rectae
639 857 704 892 Gn.
728 862 756 892 1.
785 879 829 884 —
855 862 910 893 31.
937 869 1078 893 caeram
1097 857 1125 891 P
1143 870 1260 893 ceram
1279 857 1308 892 Ο
1323 870 1340 892 ε
1365 862 1477 893 teram
1496 859 1515 891 λ

176 909 310 939 terram
335 918 361 938 ω
387 904 480 939 Plin.
506 916 540 938 n.
555 904 590 939 h.
619 908 672 946 13,
694 909 726 946 3,
747 908 768 938 4
795 906 832 939 et
859 909 912 947 17,
933 909 964 947 5,
986 909 1006 939 3
1033 926 1075 929 —
1102 905 1193 939 ole-re
1220 904 1245 938 C
1271 915 1394 949 sapere
1419 903 1513 939 Plin.

177 950 256 985 Pid.
283 962 401 995 prgm.
427 951 561 985 Hanau
588 955 688 994 1858,
710 955 752 985 13
779 972 822 976 —-
850 955 905 986 37.
932 963 1039 996 quam
1059 951 1085 985 C
1110 972 1153 976 -—
1179 951 1219 986 P.
1249 954 1325 986 188.
1352 954 1514 995 231)νο-

177 1000 293 1032 ximos
325 997 349 1031 C
377 1008 465 1032 corr.
494 997 635 1033 Gruter.
674 1019 717 1022 —
758 1001 812 1032 24.
852 998 904 1033 Et
934 999 1022 1042 quid
1053 996 1079 1032 C
1116 998 1241 1043 ecquid
1273 1011 1299 1031 ω
1338 997 1398 1032 Set
1427 998 1516 1042 quid

177 1043 346 1078 Ribbeck
383 1065 425 1068 —
463 1045 559 1079 sedes
584 1044 609 1079 C
643 1045 737 1079 sedis
767 1044 880 1079 tacite
907 1044 975 1079 En.
1015 1066 1057 1069 —-
1096 1049 1150 1079 26.
1189 1045 1336 1079 insistat
1364 1043 1516 1078 Rubner

177 1090 271 1125 Phil.
293 1093 380 1125 Anz.
410 1094 462 1133 10,
485 1094 551 1124 100
572 1112 614 1115 —
641 1095 696 1126 27.
718 1092 897 1136 praesidii
918 1090 943 1125 C
969 1112 1012 1116 —
1039 1092 1078 1126 P.
1100 1094 1177 1126 189.
1199 1096 1229 1126 5.
1255 1092 1310 1126 vel
1327 1092 1388 1126 vit.
1410 1090 1519 1125 Sorof

180 1159 223 1162 -—
252 1141 282 1171 7.
310 1149 352 1172 ac
370 1143 455 1172 scut.
483 1137 553 1171 del.
576 1137 729 1172 Schuetz
750 1159 792 1162 —
821 1142 874 1172 18.
902 1142 952 1172 est
970 1148 1039 1172 om.
1060 1137 1164 1172 Cant.
1197 1158 1227 1162 —
1248 1142 1281 1172 et
1300 1137 1370 1173 del.
1390 1138 1514 1172 Pearc.

179 1205 221 1209 —
249 1183 288 1218 P.
317 1187 393 1219 190.
420 1188 451 1219 4.
479 1186 618 1219 (mimos
643 1183 668 1218 C
696 1186 840 1219 omuino
859 1185 1000 1219 Manut.
1026 1186 1164 1229 copiose
1188 1184 1303 1219 Koch.
1330 1185 1376 1219 M.
1397 1183 1514 1219 Rhen.

181 1236 234 1273 16,
256 1234 323 1265 484
349 1231 426 1274 (cfr.
446 1231 570 1265 Fleck.
591 1236 645 1274 97,
666 1234 749 1274 489)
775 1233 883 1266 etiam
901 1242 966 1266 uos
986 1231 1096 1265 Sorof
1111 1253 1153 1255 —
1182 1235 1236 1265 11.
1262 1231 1320 1265 illi
1337 1231 1400 1275 qui
1418 1242 1516 1265 nuuc

179 1278 320 1322 quidem
353 1277 508 1312 Schuetz
546 1299 588 1302 —
629 1283 682 1313 17.
721 1282 786 1312 aut
816 1279 984 1321 definitae
1014 1278 1272 1313 coutroversiae
1306 1288 1351 1311 ex
1374 1289 1466 1321 mrg.
1493 1278 1516 1311 ὃ

179 1326 315 1359 Pearce
342 1345 384 1349 —
413 1328 467 1359 18.
494 1326 564 1359 reis
583 1323 609 1359 C
634 1325 738 1359 rebus
763 1324 926 1368 O2m1·g.‚
955 1336 1032 1368 sup.
1053 1324 1152 1367 quod
1172 1326 1283 1368 prim’
1308 1334 1375 1358 scr.
1397 1322 1512 1358 Ovet'

179 1391 221 1395 —
250 1374 304 1405 20.
333 1373 547 1415 quaerentis,
571 1376 612 1405 ut
642 1371 822 1405 Matthias
848 1371 971 1406 Fleck.
1003 1375 1079 1413 135,
1101 1374 1168 1405 480
1195 1392 1237 1395 —
1265 1375 1320 1405 26.
1346 1371 1516 1406 hactenus

178 1417 263 1452 incl.
284 1417 395 1461 Kays.
422 1439 464 1442 —
492 1419 681 1462 loquamur
707 1430 722 1452 ε
750 1419 946 1463 loquuntur
971 1431 997 1451 ω
1023 1417 1108 1452 incl.
1134 1417 1202 1452 ΕΠ.
1224 1417 1335 1461 Kays.
1360 1437 1403 1442 —
1431 1417 1517 1452 Hac

179 1466 285 1498 ctictm
311 1464 380 1498 En.
409 1485 453 1489 —
479 1466 518 1499 iu
545 1465 627 1500 add.
652 1465 737 1499 Ern.
764 1486 807 1489 —
834 1468 890 1499 27.
915 1464 1005 1498 Post
1029 1466 1083 1499 ita
1108 1464 1144 1498 M
1169 1463 1267 1498 redit
1292 1485 1335 1488 —
1362 1467 1403 1498 ut
1427 1463 1454 1498 C
1479 1464 1517 1499 vi

178 1510 331 1555 Madvig
363 1532 406 1535 —
439 1515 493 1545 28.
521 1515 561 1545 ut
585 1523 628 1546 ex
654 1512 680 1545 L
696 1514 745 1545 λε
772 1532 815 1536 ——
840 1513 920 1546 iure
945 1512 1045 1546 cirili
1069 1510 1153 1544 incl.
1180 1510 1250 1544 En.
1283 1531 1327 1534 —
1360 1513 1414 1544 32.
1440 1521 1514 1544 ma-

178 1560 272 1592 oez‘me
297 1559 412 1603 τίθετε
436 1557 577 1592 Manut.
598 1557 704 1602 prim.
726 1568 792 1592 scr.
820 1579 863 1582 —
890 1562 945 1592 37.
972 1568 1014 1592 ac
1032 1561 1173 1591 tautum
1199 1556 1258 1590 L).
1283 1561 1516 1592 attractatam

178 1605 225 1638 Ρ2
242 1615 334 1648 mrg.
367 1615 409 1638 ac
440 1608 633 1638 tractatum
668 1614 770 1648 gasp.
804 1603 832 1638 O
851 1615 942 1648 mrg.
982 1625 1025 1628 —
1063 1603 1102 1638 P.
1131 1607 1208 1638 191.
1235 1607 1266 1637 3.
1309 1603 1432 1638 Omnis

178 1663 398 1706 disceptatur
429 1672 498 1696 om.
526 1661 554 1695 E
587 1683 630 1686 —
661 1663 781 1696 eadem
806 1661 840 1695 H
865 1662 946 1706 (5.1.
965 1662 1012 1705 0),
1040 1661 1071 1694 A
1101 1682 1144 1686 —
1177 1661 1308 1696 liabent
1334 1660 1444 1705 HAy
1471 1681 1515 1686 —-

179 1713 210 1743 6.
237 1710 277 1743 iri
303 1719 372 1742 om.
399 1720 436 1741 m
461 1729 504 1732 —
530 1713 723 1743 uersentur
747 1708 826 1742 HA
850 1713 1038 1743 uersentur
1062 1708 1090 1741 E
1105 1720 1141 1742 m
1166 1712 1360 1742 uersautur
1383 1707 1446 1742 Lr.
1483 1727 1514 1732 —

180 1759 210 1789 7.
237 1766 310 1789 uon
336 1755 384 1789 ad
408 1754 447 1788 M
478 1776 521 1779 -
557 1760 609 1789 10.
636 1756 778 1797 fructus
803 1755 862 1788 L).
894 1776 937 1779 —
970 1755 1118 1799 aliquod
1143 1755 1180 1788 M
1199 1756 1264 1799 (m)
1289 1755 1429 1799 aliquos
1454 1754 1481 1788 L
1497 1756 1516 1788 λ

179 1822 222 1827 -
252 1807 305 1836 11.
333 1803 541 1846 exquiretur
565 1801 603 1835 M
623 1803 671 1845 (e)
703 1822 747 1826 —
781 1805 835 1835 12.
867 1802 1085 1846 coynitiones
1108 1801 1147 1835 M
1173 1811 1262 1836 corr.
1290 1800 1338 1834 E3
1365 1822 1405 1826 —
1431 1804 1517 1835 suut

179 1847 311 1882 addidi
337 1869 379 1872 —
409 1851 462 1881 13.
490 1849 762 1892 conplectuntur
782 1848 813 1881 M
838 1847 921 1882 add.
948 1850 1153 1882 coniectura
1174 1859 1204 1890 0,
1231 1848 1436 1883 coniectura
1461 1847 1516 1881 L).

178 1915 221 1919 ——
263 1899 316 1928 19.
353 1899 466 1929 mente
497 1896 537 1929 iu
574 1892 613 1928 M
638 1896 679 1939 (s.
703 1894 725 1928 l.
752 1903 774 1928 ψ
804 1894 899 1937 ΗΑ,
939 1905 1014 1938 sup.
1048 1906 1064 1929 e
1096 1894 1200 1928 alni
1232 1905 1297 1928 scr.
1331 1894 1395 1938 H),
1432 1903 1515 1927 cum

179 1941 284 1985 signo
310 1950 333 1974 <a
365 1942 510 1976 mentiri
533 1941 584 1975 Α2
614 1951 757 1985 margo,
792 1940 889 1975 unde
920 1942 1065 1975 mentiri
1095 1940 1134 1974 in
1165 1942 1253 1984 γολ
1273 1940 1327 1984 (Ζ)
1359 1940 1444 1974 ante
1474 1943 1516 1974 ut

177 1989 287 2030 illud,
319 1987 357 2021 in
384 1998 403 2021 e
429 1989 515 2031 post
546 1988 640 2022 illud
669 1987 823 2030 invasit,
860 1997 931 2030 quo
963 1987 1062 2021 facto
1094 1986 1203 2020 huius
1229 1985 1368 2020 codicis
1395 1985 1516 2020 scriba

177 2036 219 2068 in
246 2038 358 2069 mente
388 2033 660 2068 restituendum
692 2045 770 2068 esse
801 2035 1008 2077 putaverat.
1060 2033 1151 2068 Cum
1183 2044 1201 2067 e
1234 2044 1291 2077 ap.
1320 2033 1466 2067 Cockm.
1493 2034 1515 2066 δ

178 2081 372 2115 consentit.
421 2081 463 2114 In
489 2080 537 2124 lg.
559 2085 602 2114 32
629 2091 759 2114 manus
784 2082 891 2114 vetus
921 2079 1041 2114 adhue
1073 2080 1196 2122 deeslz3
1230 2089 1349 2122 neque
1380 2078 1514 2113 melius

179 2127 223 2161 de
249 2138 295 2162 m.
316 2127 404 2172 Lag.
427 2128 495 2161 cet..
517 2126 585 2161 ΕΠ,
613 2126 816 2161 instructus
843 2126 990 2160 videtur
1015 2126 1139 2161 fuisse.
1167 2147 1211 2151 —
1236 2127 1313 2161 uiri
1339 2126 1376 2159 eh
1401 2128 1421 2158 5
1440 2124 1513 2159 litt.

178 2186 231 2218 sp.
258 2185 290 2208 V.
317 2173 350 2207 H
383 2195 426 2198 -
461 2178 514 2208 22.
548 2175 588 2208 in
613 2185 683 2208 om.
710 2173 799 2207 E¹L
832 2194 874 2197 —
908 2177 963 2207 23.
995 2184 1032 2207 re
1051 2174 1080 2216 (i
1101 2173 1180 2217 s.].)
1206 2171 1280 2205 ΑΕ
1313 2192 1355 2197 —
1389 2176 1454 2206 aut
1478 2171 1515 2204 M

177 2225 218 2255 ut
243 2220 302 2254 eL
329 2241 373 2245 —
400 2223 455 2254 24.
482 2231 611 2255 causae
636 2221 804 2254 tractatio
829 2219 856 2252 L
871 2221 889 2252 λ
915 2240 957 2244 —
985 2223 1040 2254 27.
1066 2230 1102 2254 se
1121 2220 1238 2263 possit
1261 2218 1275 2251 1
1294 2220 1411 2263 possit
1434 2229 1469 2253 se
1494 2229 1514 2252 0

177 2287 223 2292 —
248 2268 408 2302 conuerti
434 2266 494 2301 eL
526 2287 569 2291 —
604 2270 658 2301 28.
694 2267 933 2310 Definitioues
958 2266 986 2299 L
1018 2286 1060 2291 —-
1092 2270 1133 2301 ut
1159 2265 1184 2299 C
1212 2269 1277 2300 aut
1302 2264 1443 2300 Gruter.
1470 2285 1515 2289 —
