1643 2526
351 74 494 109 LIBER
518 75 544 109 I.
595 74 693 109 CAP.
720 78 869 110 52—53.
919 78 938 117 ἓ
965 78 1160 110 224—230.
1375 76 1432 117 55

1446 146 1501 187 53

93 170 282 212 habenas
313 169 587 211 tradidisset?
648 169 799 223 Itaque
830 170 935 211 haec
968 185 1064 211 cum
1097 185 1121 211 a
1151 173 1194 211 te
1226 170 1501 236 divinitus227

95 243 174 284 ego
207 229 322 270 dicta
353 229 602 283 arbitrarer,
632 228 678 269 P.
710 228 898 269 Rutilius
932 228 1089 283 Rufus,
1119 229 1248 270 homo
1281 229 1431 270 doctus

95 291 137 328 et
157 287 454 341 philosophiae
475 287 654 341 deditus,
668 300 756 327 non
777 287 939 339 [modo]
961 302 1136 341 parum
1157 288 1432 342 commode,

96 346 167 387 sed
199 346 328 387 etiam
359 345 584 399 turpiter
616 348 663 386 et
694 344 962 399 flagitiose
995 345 1108 386 dicta
1134 360 1225 387 esse
1252 346 1430 388 dicebat.

61 422 77 446 5
96 403 295 458 Idemque
322 402 516 445 Servium
543 403 736 458 Galbam,
768 417 893 457 quem
918 403 1135 445 hominem
1160 405 1293 458 probe
1320 419 1432 446 com-

96 462 337 503 meminisse
371 476 414 503 se
446 462 601 517 aiebat,
630 461 896 516 pergraviter
920 462 1225 516 reprehendere
1252 463 1431 518 solebat,

97 521 208 574 quod
237 520 274 561 is
306 520 352 561 L.
386 519 609 561 Scribonio
643 521 936 574 quaestionem
967 521 1013 560 in
1044 535 1140 561 eum
1171 521 1334 562 ferente
1359 536 1431 575 po-

93 579 183 633 puli
214 578 549 620 misericordiam
582 578 861 633 concitasset,
893 593 990 620 cum
1020 578 1076 619 M.
1110 577 1236 633 Cato,
1269 579 1429 620 Galbae

95 637 235 691 gravis
268 640 395 690 atque
428 651 523 678 acer
553 636 765 691 immicus,
796 651 942 691 aspere
975 637 1086 692 apud
1117 638 1322 692 populum
1348 637 1431 679 Ro-

40 715 74 739 10
94 710 267 736 manum
299 698 340 736 et
372 695 644 736 vehementer
676 698 788 736 esset
818 695 1000 749 locutus,
1032 710 1156 749 quam
1192 696 1430 738 orationem

92 753 138 794 in
158 753 406 808 Originibus
434 754 521 794 suis
548 753 745 808 exposuit
769 753 872 807 ipse.
916 754 1270 808 Reprehendebat
1295 755 1498 809 igitur-228

95 811 276 853 Galbam
308 812 515 866 Rutilius,
553 812 665 865 quod
702 812 738 853 is
778 811 821 853 O.
855 811 1016 866 Sulpici
1050 811 1162 853 Galli
1198 813 1430 867 propinqui

93 870 158 911 sui
203 869 249 918 Q.
286 870 496 924 pupillum
538 870 675 910 filium
716 870 808 924 ipse
850 885 983 924 paene
1026 870 1072 911 in
1114 886 1283 912 umeros
1329 886 1428 913 suos

93 928 329 982 extulisset,
349 928 421 982 qui
440 928 575 982 patris
597 928 822 969 clarissimi
842 929 1135 970 recordatione
1156 932 1198 970 et
1223 930 1430 971 memoria

39 1005 72 1030 15
92 987 240 1027 fletum
265 987 424 1041 populo
445 989 634 1028 moveret
655 989 696 1027 et
717 987 822 1027 duos
842 987 953 1027 filios
975 1002 1073 1028 suos
1094 1002 1247 1042 parvos
1268 988 1428 1029 tutelae

90 1045 238 1099 populi
282 1045 622 1086 commendasset
666 1059 714 1086 ac
759 1060 820 1099 se,
869 1048 1074 1099 tanquam
1115 1046 1161 1086 in
1203 1046 1428 1100 procinctu

90 1106 396 1144 testamentum
427 1103 586 1144 faceret
614 1104 704 1144 sine
729 1103 840 1144 libra
866 1107 993 1157 atque
1019 1104 1190 1158 tabulis,
1220 1104 1427 1158 populum

89 1161 333 1203 Romanum
364 1164 553 1202 tutorem
583 1161 809 1202 instituere
836 1162 1013 1203 dixisset
1036 1162 1210 1203 illorum
1237 1163 1426 1204 orbitati.
1485 1160 1492 1163 ’

89 1220 241 1273 Itaque
274 1235 370 1261 cum
402 1223 444 1260 et
474 1220 635 1261 invidia
667 1222 709 1261 et
735 1220 832 1260 odio
864 1220 1013 1274 populi
1043 1224 1135 1261 tum
1169 1220 1306 1262 Galba
1336 1236 1428 1276 pre-

38 1296 72 1321 20
92 1282 291 1330 meretur,
320 1278 437 1319 hisce
464 1293 560 1319 eum
586 1278 818 1332 tragoediis
843 1278 1073 1319 liberatum
1099 1279 1280 1334 ferebat3
1314 1280 1428 1333 quod

90 1337 195 1377 item
228 1337 339 1390 apud
366 1335 573 1377 Catonem
599 1336 807 1390 scriptum
834 1351 924 1377 esse
950 1337 1089 1378 video:
1120 1337 1221 1378 nisi
1252 1338 1426 1392 pueris

90 1397 138 1435 et
180 1394 407 1435 lacrimis
452 1409 571 1434 usus
617 1397 771 1447 esset,
813 1409 1002 1448 poenas
1047 1410 1155 1436 eum
1192 1396 1427 1437 daturum

88 1452 263 1493 fuisse.
324 1452 441 1493 Haec
473 1452 661 1493 Rutilius
694 1452 814 1493 valde
846 1453 1118 1506 vituperabat
1149 1457 1191 1494 et
1222 1453 1321 1495 huic
1352 1454 1428 1495 hu-

89 1511 263 1551 militati
302 1511 470 1551 dicebat
508 1511 574 1551 vel
613 1510 786 1551 exilium
824 1510 955 1552 fuisse
993 1511 1061 1551 vel
1098 1514 1280 1552 mortem
1313 1515 1427 1553 ante-

37 1585 70 1612 25
90 1569 341 1622 ponendam.
402 1568 551 1622 Neque
584 1583 683 1609 vero
715 1569 797 1610 hoc
830 1569 968 1610 solum
1000 1569 1125 1624 dixit,
1157 1570 1229 1610 sed
1259 1570 1351 1624 ipse
1384 1573 1495 1612 et229

89 1627 222 1668 sensit
255 1630 296 1667 et
328 1627 440 1668 fecit.
502 1626 614 1667 Nam
642 1642 737 1668 cum
764 1630 875 1668 esset
907 1627 979 1668 ille
1005 1628 1070 1668 vir
1095 1628 1344 1682 exemplum,
1378 1631 1425 1669 ut

89 1685 221 1739 scitis,
251 1685 520 1726 innocentiae
552 1699 730 1738 cumque
767 1685 842 1726 illo
879 1700 1005 1726 nemo
1042 1700 1178 1740 neque
1215 1687 1427 1742 integrior

89 1746 201 1784 esset
239 1743 285 1783 in
326 1743 498 1784 civit-ate
538 1758 673 1796 neque
714 1744 920 1797 sanctior,
956 1758 1043 1784 non
1081 1745 1206 1785 modo
1247 1746 1427 1799 supplex

86 1801 298 1842 iudicibus
343 1816 433 1842 esse
476 1801 633 1855 noluit,
676 1802 749 1842 sed
791 1816 843 1842 ne
889 1802 1079 1843 ornatius
1131 1803 1302 1856 quidem
1352 1806 1427 1844 aut

34 1877 69 1902 30
86 1859 263 1900 liberius
284 1874 455 1900 causam
476 1860 558 1901 dici
579 1874 711 1913 suam,
737 1874 864 1913 quam
891 1860 1070 1914 simplex
1096 1861 1205 1901 ratio
1231 1861 1425 1902 veritatis

87 1917 263 1959 ferebat.
324 1917 506 1958 Paulum
543 1918 642 1958 huic
681 1919 833 1959 Cottae
872 1918 1025 1958 tribuit
1061 1919 1267 1973 partium,
1299 1920 1427 1960 diser-

88 1975 256 2016 tissimo
272 1975 544 2030 adulescenti,
558 1976 716 2016 sororis
732 1991 831 2017 suae
846 1977 946 2017 filio.
987 1976 1109 2017 Dixit
1128 1977 1232 2018 item
1254 1992 1425 2019 causam

86 2034 206 2074 illam
239 2034 421 2087 quadam
461 2048 511 2074 ex
550 2037 671 2088 parte
711 2033 758 2082 Q.
789 2034 977 2089 Mucius,
1014 2049 1131 2076 more
1170 2050 1266 2089 suo,
1306 2036 1424 2077 nullo

89 2095 315 2146 apparatu,
343 2106 447 2146 pure
479 2095 521 2132 et
552 2092 744 2133 dilucide.
808 2092 929 2140 Quod
962 2092 997 2133 si
1028 2096 1077 2133 tu
1109 2097 1229 2148 tunc,
1261 2092 1496 2148 C1·asse‚-230

36 2167 70 2192 35
91 2150 269 2190 dixisses
305 2174 353 2178 —
391 2150 463 2203 qui
496 2150 733 2190 subsidium
772 2151 932 2191 oratori
969 2165 1020 2191 ex
1055 2151 1141 2192 illis
1175 2152 1426 2206 disputatio-

88 2208 234 2261 nibus,
271 2208 425 2261 quibus
456 2208 703 2262 philosophi
740 2211 940 2263 utuntur,
978 2209 1030 2250 ad
1062 2210 1226 2250 dicendi
1259 2210 1426 2263 copiam

87 2266 317 2320 petendum
355 2280 445 2307 esse
482 2266 610 2320 paulo
650 2269 747 2307 ante
786 2267 954 2308 dicebas
989 2293 1041 2297 --
1076 2271 1118 2308 et
1156 2268 1191 2308 si
1229 2268 1310 2307 tibi
1346 2281 1424 2321 pro
