1643 2526
531 93 632 128 CAP.
661 96 786 127 9—11.
837 95 856 133 ξ
882 93 1032 125 29—37.
1368 88 1451 128 397

109 189 325 232 narrantis
364 188 696 244 significabitur,
733 187 769 228 si
802 185 1055 239 antiquitas,
1093 185 1129 225 si
1161 183 1385 237 memoria,
1417 183 1453 223 si

112 248 318 290 orationis
344 248 502 289 veritas
530 250 572 287 et
598 246 711 287 vitae
736 245 851 286 fides.
904 243 1054 285 Suavis
1088 246 1231 284 autem
1262 241 1453 283 narratio

112 311 194 361 est,
232 321 338 360 quae
375 306 506 347 habet
538 304 840 346 admirationes
873 302 1190 357 expectationes
1223 301 1362 342 exitus
1392 300 1455 340 in-

113 366 324 420 opinatos,
354 364 633 418 interpositos
660 365 801 404 motus
829 361 1079 413 animorum,
1113 359 1340 413 conloquia
1364 373 1456 413 per-

76 442 91 465 5
114 438 328 477 sonarum,
353 423 520 464 dolores
546 421 786 463 iracundias
813 423 952 461 metus
978 419 1165 460 laetitias
1188 418 1454 472 cupiditates.

63 734 95 758 10

65 1026 96 1050 15

66 1318 99 1342 20

69 1608 102 1634 25

115 482 196 524 Sed
227 483 314 522 iam
346 482 398 522 ad
429 481 593 535 reliqua
623 493 863 535 pergamus.

231 540 276 582 C.
308 539 473 594 Nempe
501 554 550 580 ea
576 541 822 593 sequuntur,
851 552 958 591 quae
986 537 1038 578 ad
1063 536 1301 577 faciendam
1327 535 1456 575 fidem
1482 544 1524 573 33

113 599 342 653 pertinent.
401 598 447 639 P.
479 598 548 638 Ita
574 600 655 638 est:
689 611 794 650 quae
820 596 989 649 quidem
1015 595 1061 635 in
1087 593 1456 636 confirmationem

115 661 157 698 et
181 658 227 698 in
252 656 625 711 reprehensionem
652 655 908 696 dividuntur.
956 653 1069 695 Nam
1094 654 1140 694 in
1166 652 1455 694 confirmando

114 719 263 757 nostra
294 716 474 769 probare
507 714 715 763 volumus,
745 714 791 754 in
822 712 1169 767 reprehendendo
1201 711 1455 765 redarguere

115 774 339 816 contraria.
403 773 614 821 Quoniam
644 772 779 827 igitur
812 786 954 825 omne,
995 771 1108 825 quod
1138 770 1183 810 in
1216 772 1457 811 controver-

115 834 223 874 siam
249 832 376 886 venit,
405 832 450 872 id
476 834 549 872 aut
575 831 631 872 sit
662 845 793 872 necne
826 831 882 871 sit
915 833 988 870 aut
1021 829 1121 882 quid
1148 828 1204 869 sit
1231 831 1305 868 aut
1332 827 1455 880 quale

116 892 172 932 sit
205 891 435 945 quaeritur,
466 891 512 930 in
542 890 680 944 primo
714 889 959 930 coniectura
990 887 1116 941 valet,
1146 887 1193 927 in
1224 887 1358 927 altero
1392 886 1457 926 de-

115 950 268 1004 finitio,
297 949 343 990 in
371 949 500 989 tertio
526 948 648 989 ratio.
700 946 743 988 C.
776 947 916 988 Teneo
942 947 1071 987 istam
1097 945 1457 986 distributionem.
1502 978 1515 1014 (γ

118 1009 241 1049 Nunc
273 1008 540 1049 coniecturae
577 1007 694 1047 locos
734 1020 903 1059 quaero.
965 1004 1010 1045 P.
1043 1005 1094 1045 In
1124 1004 1213 1045 veri
1246 1002 1457 1044 similibus
1476 980 1529 1018 1)

117 1072 159 1108 et
183 1067 229 1107 in
254 1066 438 1120 propriis
470 1080 611 1106 rerum
643 1064 757 1105 notis
791 1064 932 1117 posita
964 1066 1057 1104 tota
1083 1065 1159 1103 est.
1210 1061 1292 1103 Sed
1319 1061 1458 1115 appel·
1485 1047 1528 1077 34

115 1126 251 1166 lemus
289 1124 466 1165 docendi
505 1123 643 1178 gratia
675 1123 763 1163 veri
803 1122 939 1163 simile
973 1121 1086 1175 quod
1116 1121 1365 1175 plerumque
1396 1119 1460 1159 ita

116 1184 204 1237 fiat,
242 1186 291 1223 ut
323 1182 655 1223 adulescentiam
685 1180 985 1235 procliviorem
1018 1194 1109 1220 esse
1143 1180 1195 1220 ad
1225 1178 1460 1230 libidinem,
1519 1215 1526 1218 .

117 1241 287 1296 proprie
326 1244 469 1281 autem
506 1243 703 1280 notatum
743 1242 1043 1294 argumentum
1076 1238 1189 1291 quod
1225 1251 1459 1290 numquam

119 1301 242 1341 aliter
274 1299 330 1340 sit
363 1302 609 1352 certumque
642 1298 844 1351 declaret,
884 1301 933 1337 ut
964 1297 1107 1337 fumus
1138 1296 1294 1350 ignem.
1357 1294 1459 1335 Veri

119 1358 278 1400 similia
308 1357 573 1411 reperientur
606 1371 657 1397 ex
687 1355 882 1410 partibus
910 1359 951 1396 et
978 1355 1099 1408 quasi
1132 1353 1335 1394 membris
1367 1367 1461 1393 nar-

118 1416 309 1458 rationis
359 1416 424 1456 Ea
451 1418 550 1456 sunt
573 1415 620 1454 in
645 1415 852 1468 personis,
882 1414 927 1454 in
956 1413 1075 1467 locis,
1105 1413 1151 1452 in
1181 1411 1462 1465 temporibus,

118 1476 163 1517 in
188 1474 327 1527 factis,
357 1474 403 1514 in
428 1473 604 1527 eventis,
634 1473 679 1513 in
710 1487 851 1513 rerum
882 1472 1072 1526 ipsarum
1103 1470 1460 1525 negotiorumque

120 1533 296 1574 naturis.
358 1532 409 1573 In
438 1531 632 1586 personis
658 1534 836 1572 naturae
867 1531 1053 1584 primum
1081 1532 1328 1583 spectantur
1354 1528 1462 1569 vale·
1488 1539 1531 1569 35

121 1591 281 1633 tudinis
313 1591 475 1646 figurae
507 1590 662 1630 virium
695 1589 848 1630 aetatis
880 1588 1063 1629 marium
1093 1587 1368 1642 feminarum,
1403 1589 1463 1627 at-

122 1665 202 1704 que
233 1650 337 1690 haec
370 1649 540 1702 quidem
571 1648 617 1688 in
649 1662 842 1701 corpore,
887 1647 1018 1688 animi
1056 1650 1198 1688 autem
1230 1649 1305 1686 aut
1338 1659 1463 1699 quem

123 1709 175 1749 ad
200 1708 373 1749 modum
400 1707 540 1748 affecti
568 1707 665 1761 sint,
685 1706 916 1747 virtutibus
943 1705 1073 1759 vitiis,
1094 1705 1258 1745 artibus
1284 1703 1464 1757 inertiis,

124 1770 197 1807 aut
223 1781 348 1820 quem
374 1766 427 1806 ad
449 1766 622 1806 modum
649 1764 865 1818 commoti,
897 1764 1130 1818 cupiditate
1157 1766 1288 1816 metU,
1318 1762 1465 1815 volup-

124 1828 213 1866 tate
245 1824 453 1864 molestia.
515 1824 656 1876 Atque
700 1823 805 1864 haec
850 1823 1020 1876 quidem
1062 1822 1108 1862 in
1150 1824 1307 1861 natura
1350 1835 1464 1874 spec-

71 1900 106 1924 30
125 1886 289 1936 tantur3
331 1882 376 1922 in
418 1881 591 1922 fortuna
636 1895 768 1936 genus
810 1880 1023 1921 amicitiae
1066 1879 1191 1920 liberi
1234 1878 1464 1933 propinqui

126 1941 274 1982 affines
307 1954 408 1994 opes
439 1939 622 1980 honores
655 1942 891 1993 potestates
925 1938 1098 1979 divitiae
1130 1938 1308 1978 libertas
1342 1940 1384 1977 et
1417 1952 1467 1978 ea

127 2013 232 2054 quae
272 2001 371 2039 sunt
408 1997 475 2038 his
514 1997 736 2038 contraria.
799 1997 849 2037 In
886 1996 991 2037 locis
1030 1999 1173 2037 autem
1212 1999 1254 2036 et
1285 1995 1360 2036 illa
1391 2010 1465 2036 na-
1492 2005 1535 2034 35

125 2056 294 2110 turalia,
325 2056 529 2096 maritimi
555 2071 609 2096 an
633 2055 789 2096 remoti
815 2070 839 2096 a
864 2055 984 2109 mari,
1014 2054 1130 2108 plani
1158 2069 1212 2094 an
1236 2054 1468 2106 montuosi,

126 2116 239 2156 leves
267 2130 320 2155 an
346 2114 496 2168 asperi,
521 2114 711 2155 salubres
739 2128 793 2154 an
816 2114 1080 2168 pestilentes,
1106 2112 1228 2167 opaci
1248 2128 1302 2153 an
1323 2112 1468 2166 aprici,

38 2212 47 2219 ,
75 2190 108 2215 35
129 2177 171 2214 et
200 2173 276 2213 illa
305 2172 502 2226 fortuita,
542 2172 647 2213 culti
685 2187 739 2213 an
774 2172 944 2225 inculti,
988 2171 1175 2212 celebres
1214 2186 1267 2211 an
1299 2170 1467 2222 deserti,

130 2231 393 2273 coaedificati
419 2245 472 2271 an
496 2231 620 2284 vasti,
651 2230 820 2272 obscuri
846 2245 900 2271 an
924 2245 1066 2271 rerum
1099 2232 1317 2284 gestarum
1342 2227 1467 2268 vesti-

131 2290 212 2344 giis
243 2289 479 2343 nobilitati,
517 2288 752 2330 consecrati
790 2303 844 2329 an
874 2288 1054 2342 profani.
1116 2288 1169 2328 ln
1200 2286 1465 2339 temporibus
1493 2309 1536 2335 37
