1643 2526
116 540 159 571 96

116 856 170 897 28

117 924 159 955 97

116 1412 159 1443 98

115 1992 159 2023 99

186 86 270 127 338
757 86 953 121 ORATOR

185 181 315 222 tionis
348 206 392 210 —
424 182 578 235 loquor
610 182 723 223 enim
749 182 798 223 de
829 181 905 222 illa
931 181 1099 223 modica
1130 196 1177 223 ac
1203 185 1442 237 temperata
1469 208 1520 214 —

185 240 413 280 verborum
445 240 602 281 cadunt
632 240 796 281 lumina
829 240 989 294 omnia,
1027 240 1163 281 multa
1195 241 1326 282 etiam
1358 244 1523 282 senten-

185 298 359 352 tiarum3
390 298 503 339 latae
536 298 809 352 eruditaeque
841 298 1153 352 disputationes
1192 299 1244 340 ab
1278 299 1425 341 eodem
1456 315 1523 341 ex-

185 356 460 410 plicabuntur
481 359 523 397 et
541 356 625 398 loci
646 371 891 398 communes
913 357 1003 397 sine
1025 357 1296 398 contentione
1317 358 1521 400 dicentur.

188 414 298 462 Quid
318 415 481 456 multa?
503 430 523 455 e
543 414 898 469 philosophorum
915 414 1071 456 scholis
1092 415 1198 456 tales
1218 415 1306 456 fere
1321 417 1522 472 evadunt3
1559 433 1574 460 5

187 475 229 513 et
259 472 343 513 nisi
376 487 520 514 coram
552 473 633 514 erit
659 477 932 527 comparatus
963 473 1034 514 ille
1062 473 1228 528 fortior,
1257 489 1333 528 per
1365 489 1408 516 se
1439 475 1523 530 hic,

187 545 312 584 quem
356 531 469 585 dico,
516 532 780 586 probabitur.
852 532 933 572 Est
979 531 1091 572 enim
1136 532 1347 585 quoddam
1393 533 1523 574 etiam

186 589 353 644 insigne
375 593 416 630 et
442 590 597 630 florens
625 589 832 631 orationis
857 589 1021 644 pictum
1048 593 1090 630 et
1116 590 1351 644 expolitum
1377 605 1522 646 genus,

185 647 230 687 in
251 662 333 701 quo
355 662 501 688 omnes
522 648 762 703 verborum,
789 662 934 689 omnes
962 648 1271 690 sententiarum
1298 649 1522 704 illigantur

185 705 362 759 lepores.
424 706 518 747 Hoc
550 710 691 747 totum
730 721 751 747 e
790 706 1079 760 sophistarum
1115 706 1309 748 fontibus
1347 707 1522 749 defluxit
1543 725 1575 750 10

186 763 232 804 in
263 764 423 818 forum,
456 765 529 805 sed
562 768 753 819 spretum
786 780 810 805 a
843 765 1092 819 subtilibus,
1123 765 1341 820 repulsum
1374 781 1397 806 a
1430 780 1524 821 gra-

186 822 309 863 vibus
341 822 386 862 in
418 837 467 862 ea
498 823 548 863 de
581 838 663 876 qua
694 823 847 876 loquor
878 823 1171 864 mediocritate
1204 824 1406 865 consedit.

305 879 473 921 Tertius
514 884 578 921 est
609 881 680 921 ille
713 881 878 935 amplus
912 882 1128 936 copiosus,
1161 882 1301 936 gravis
1335 885 1522 937 ornatus,

186 937 232 978 in
258 952 341 991 quo
366 939 560 992 profecto
593 939 656 980 vis
689 939 875 980 maxima
906 942 981 980 est.
1037 939 1120 980 Hic
1152 943 1217 981 est
1250 940 1374 994 enim,
1401 941 1520 982 cuius

187 999 385 1037 ornatum
418 997 582 1038 dicendi
614 1000 656 1038 et
689 997 856 1051 copiam
888 998 1119 1039 admiratae
1153 1001 1300 1052 gentes
1327 999 1522 1052 eloquen-
1542 1017 1575 1042 15

186 1054 291 1095 tiam
323 1055 368 1095 in
400 1055 646 1096 civitatibus
678 1055 910 1109 plurimum
942 1056 1080 1097 valere
1111 1071 1261 1110 passae
1295 1060 1412 1112 sunt,
1450 1058 1522 1098 sed

185 1112 295 1153 hanc
333 1113 640 1167 eloquentiam,
673 1128 779 1167 quae
818 1129 943 1155 cursu
981 1129 1137 1169 magno
1177 1115 1405 1168 sonituque
1442 1115 1522 1156 fer-

186 1173 321 1225 retur,
360 1185 487 1224 quam
525 1172 788 1225 suspicerent
826 1186 992 1226 omnes,
1033 1187 1160 1226 quam
1199 1173 1522 1228 admirarentur,

187 1243 313 1282 quam
347 1244 390 1269 se
424 1230 592 1283 assequi
623 1244 748 1284 posse
782 1229 1033 1271 diffiderent.
1083 1230 1221 1272 Huius
1255 1231 1520 1285 eloquentiae

187 1290 252 1327 est
294 1290 479 1328 tractare
525 1288 708 1341 animos,
756 1287 883 1329 11111115
929 1289 1043 1329 0111111
1087 1289 1212 1329 1110ᾶο
1262 1304 1519 1343 permovere.
1540 1308 1574 1333 20

185 1344 303 1386 Haec
336 1346 462 1386 modo
494 1346 736 1401 perfringit,
767 1347 892 1387 modo
919 1346 1077 1400 inrepit
1102 1347 1147 1387 in
1173 1362 1339 1401 sensus;
1370 1348 1521 1389 inserit

185 1417 318 1444 novas
352 1404 585 1457 opiniones,
617 1404 760 1445 evellit
790 1404 953 1445 insitas.
1017 1404 1098 1446 Sed
1129 1406 1312 1446 multum
1342 1405 1521 1447 interest

185 1461 297 1501 inter
340 1461 422 1502 hoc
465 1462 629 1503 dicendi
675 1477 807 1517 genus
852 1466 894 1503 et
939 1463 1167 1516 superiora.
1235 1463 1315 1512 Qui
1359 1464 1404 1504 in
1445 1464 1520 1505 illo

187 1519 334 1559 subtili
361 1523 403 1560 et
429 1524 553 1561 acuto
581 1520 829 1574 elaboravit,
854 1524 903 1561 ut
929 1521 1077 1562 callide
1104 1524 1337 1576 arguteque
1364 1522 1521 1563 diceret

184 1591 262 1618 nec
283 1577 510 1631 quicquam
531 1578 659 1619 altius
681 1579 903 1633 cogitaret,
922 1579 1003 1621 hoc
1023 1594 1107 1620 uno
1127 1579 1317 1633 perfecto
1338 1595 1519 1634 magnus
1539 1597 1573 1623 25

187 1638 332 1675 orator
364 1639 446 1689 est,
485 1637 557 1676 sed
593 1651 679 1676 non
717 1637 946 1682 maximus:
984 1638 1241 1691 minimeque
1278 1638 1324 1678 in
1354 1638 1519 1680 lubrico

186 1693 426 1733 versabitur
463 1697 523 1747 et,
567 1694 602 1734 si
641 1694 771 1734 semel
809 1695 1069 1749 constiterit,
1111 1710 1345 1749 numquam
1389 1697 1520 1737 cadet.

185 1750 350 1791 Medius
376 1751 448 1792 ille
470 1755 624 1804 autem,
651 1766 776 1806 quem
802 1752 1016 1793 modicum
1037 1756 1078 1794 et
1098 1756 1383 1807 temperatum
1403 1769 1522 1809 voco,

186 1808 223 1848 si
254 1809 380 1849 modo
414 1824 537 1850 suum
567 1810 673 1850 illud
706 1810 809 1850 satis
841 1810 1110 1865 instruxerit,
1146 1826 1233 1852 non
1271 1812 1520 1854 extimescet

186 1867 392 1920 ancipites
425 1867 590 1908 dicendi
621 1868 890 1923 incertosque
929 1884 1070 1919 casus3
1110 1869 1239 1910 etiam
1277 1871 1313 1911 si
1351 1871 1518 1924 quando
1538 1889 1572 1914 30

186 1924 326 1965 minus
348 1926 556 1979 succedet,
581 1929 630 1966 ut
656 1941 779 1980 saepe
800 1927 861 1980 fit,
886 1941 1089 1981 magnum
1116 1931 1261 1969 tamen
1285 1929 1520 1982 periculum

185 1996 273 2023 non
305 1983 457 2024 adibit:
490 1984 574 2024 alte
607 1984 720 2024 enim
752 1985 899 2025 cadere
931 2000 1017 2025 non
1041 1989 1196 2040 potest.
1240 1986 1300 2027 At
1326 2001 1425 2027 vero
1449 1987 1520 2028 hic

183 2044 349 2094 noster,
383 2055 507 2094 quem
538 2042 774 2096 principem
805 2043 1023 2097 ponimus,
1056 2044 1197 2098 gravis
1231 2059 1325 2086 acer
1357 2045 1520 2099 ardens,

188 2097 224 2138 si
256 2099 308 2139 ad
339 2098 421 2140 hoc
452 2114 585 2140 unum
618 2104 682 2141 est
713 2104 839 2141 natus
868 2104 941 2141 aut
967 2101 1011 2141 in
1035 2101 1116 2143 hoc
1144 2103 1235 2143 solo
1262 2117 1305 2143 se
1332 2103 1520 2144 exercuit

184 2159 259 2197 aut
295 2156 395 2197 huic
439 2158 583 2212 generi
628 2159 790 2199 studuit
827 2159 901 2199 uni
938 2174 1015 2200 nec
1053 2175 1173 2202 suam
1218 2161 1384 2215 copiam
1422 2176 1518 2202 cum
1538 2178 1571 2204 35

182 2214 269 2255 illis
311 2215 476 2256 duobus
519 2217 744 2270 generibus
786 2218 1057 2272 temperavit,
1097 2219 1279 2259 maxime
1321 2221 1386 2260 est
1424 2233 1519 2260 con-

183 2273 447 2315 temnendus.
526 2274 603 2315 Ille
654 2275 765 2315 enim
815 2276 1086 2331 summissus,
1142 2277 1254 2330 quod
1303 2279 1426 2318 acute
1476 2280 1519 2318 et
