1643 2526
505 100 604 137 CAP.
633 103 782 136 79—80.
832 103 851 143 ξ
878 104 1076 135 272—276.
1375 100 1461 142 295

120 200 265 239 tamen
297 211 480 251 saneque
511 196 769 238 tolerabiles.
817 195 900 237 Hic
926 210 1023 237 cum
1049 210 1216 237 summa
1239 194 1461 236 voluntate

120 256 332 297 bonorum
364 255 511 297 aedilis
544 255 702 297 curulis
733 254 873 296 factus
906 257 1032 308 esset,
1067 254 1213 295 nescio
1246 254 1460 307 quomodo

121 315 309 356 discessu
348 329 442 355 meo
481 313 676 355 discessit
708 328 733 354 a
765 327 855 354 sese
888 313 1142 367 ceciditque,
1179 315 1460 367 posteaquam

121 387 193 414 eos
223 372 384 414 imitari
417 373 570 427 coepit,
609 386 715 426 quos
746 371 838 437 ipse
868 374 1142 425 perverterat
1206 370 1288 412 Sed
1320 371 1369 411 de
1401 370 1531 411 Meu

86 447 102 472 5
122 430 285 473 Calidio
323 431 513 472 dicamus
552 430 729 484 aliquid,
767 429 839 484 qui
876 443 963 470 non
999 429 1082 470 fuit
1121 432 1265 470 orator
1296 443 1404 470 unus
1438 444 1459 470 e

121 490 281 543 multis,
317 489 461 544 potius
493 489 605 530 111161
637 489 795 530 multos
826 502 958 542 prope
992 487 1222 542 singularis
1254 487 1354 528 fuit:
1397 486 1461 528 ita

119 548 360 590 reconditas
388 548 704 601 exquisitasque
738 547 970 588 sententias
1002 546 1144 587 mollis
1171 549 1213 587 et
1243 546 1460 600 pellucens

120 607 331 648 vestiebat
363 607 512 647 oratio.
568 605 689 647 Nihil
714 608 803 647 tam
828 608 1022 646 tenerum
1049 619 1177 658 quam
1206 604 1322 645 illius
1350 618 1461 645 com-

120 665 292 720 prensio
319 665 558 719 verborum,
582 664 691 705 nihil
717 667 806 705 tam
825 663 1024 718 flexibile,
1048 663 1156 703 nihil
1183 663 1296 717 quod
1320 662 1459 718 magis

67 739 101 764 10
119 723 255 778 ipsius
289 723 467 764 arbitrio
498 724 745 778 fingeretur,
775 725 824 763 ut
854 722 1015 763 nullius
1048 721 1230 762 oratoris
1258 735 1391 774 aeque
1415 721 1462 761 in

118 784 335 836 potestate
366 782 514 822 fuerit:
552 796 658 835 quae
690 781 877 836 primum
907 781 969 822 ita
999 795 1107 834 pura
1139 782 1242 834 erat,
1273 782 1321 820 ut
1352 779 1462 819 nihil

119 840 335 895 liquidius,
365 840 428 881 ita
452 840 583 881 libere
609 840 782 894 fluebat,
812 842 861 880 ut
885 854 1097 892 nusquam
1123 838 1459 892 adhaeresceret3

119 899 285 939 nullum
321 898 405 939 nisi
442 899 537 940 loco
575 898 765 953 positum
803 901 845 938 et
876 900 1097 951 tamquam
1134 897 1179 937 in
1214 896 1462 937 vermicu-

118 957 226 998 lato
260 957 578 1009 emblemate,
616 960 664 997 ut
696 957 757 997 ait
788 956 998 1010 Lucilius,
1036 958 1247 996 structum
1284 954 1462 995 verbum

66 1030 100 1056 15
120 1016 301 1071 videres3
343 1030 421 1056 nec
452 1029 552 1056 vero
590 1015 726 1055 ullum
764 1018 838 1055 aut
876 1015 1028 1055 durum
1061 1016 1134 1054 aut
1164 1013 1353 1054 insolens
1386 1015 1461 1053 aut

118 1074 279 1115 humile
324 1076 398 1114 aut
440 1073 611 1128 longius
656 1074 847 1127 ductum3
897 1087 944 1114 ac
986 1085 1073 1112 non
1116 1071 1289 1125 propria
1332 1071 1462 1112 verba

119 1147 280 1186 rerum,
318 1132 391 1173 sed
421 1133 623 1186 pleraque
655 1131 884 1185 translata,
923 1130 983 1171 sic
1016 1133 1178 1182 tamen,
1215 1133 1263 1170 ut
1295 1144 1343 1170 ea
1373 1143 1461 1170 non

118 1191 301 1232 inruisse
338 1190 384 1231 in
421 1191 606 1231 alienum
642 1190 802 1244 locum,
842 1189 915 1230 sed
951 1189 1221 1243 immigrasse
1258 1188 1305 1228 in
1336 1202 1461 1228 suum
1500 1205 1507 1208 -

121 1249 299 1303 diceres,
347 1263 425 1289 nec
467 1263 567 1289 vero
611 1248 715 1289 haec
767 1247 907 1289 soluta
955 1261 1032 1288 nec
1083 1246 1339 1300 diffluentia,
1388 1246 1461 1287 sed

66 1323 101 1348 20
121 1308 297 1349 astricta
328 1307 529 1361 numeris,
558 1321 646 1347 non
677 1310 821 1360 aperte
852 1320 930 1347 nec
956 1306 1104 1346 eodem
1130 1305 1256 1345 modo
1283 1319 1462 1358 semper,

121 1366 195 1407 sed
225 1365 340 1407 varie
373 1365 773 1418 dissimulanterque
806 1364 1029 1405 conclusis.
1084 1363 1222 1404 Erant
1248 1366 1391 1403 autem
1418 1366 1531 1404 et-275

119 1425 348 1465 verborum
389 1427 431 1464 et
474 1423 783 1464 sententiarum
824 1422 899 1463 illa
940 1421 1121 1475 lumina,
1162 1436 1268 1474 quae
1306 1424 1461 1462 vocant

122 1482 273 1523 Graeci
300 1483 509 1535 σχήματα,
542 1481 695 1534 quibus
722 1484 942 1534 tamquam
967 1479 1210 1534 insignibus
1236 1479 1281 1519 in
1308 1482 1461 1520 ornatu

121 1541 467 1595 distinguebatur
494 1539 632 1580 omnis
653 1539 802 1580 oratio.
848 1538 944 1586 QUA
966 1550 1027 1579 DE
1048 1550 1107 1578 RE
1127 1549 1298 1578 AGITUR
1318 1540 1462 1578 autem

68 1614 102 1640 25
120 1599 239 1653 illud,
271 1599 383 1653 quod
408 1598 555 1639 multis
581 1598 687 1639 locis
713 1598 758 1638 in
782 1597 887 1637 iuris
910 1596 1203 1638 consultorum
1228 1595 1461 1637 includitur

121 1657 330 1711 formulis,
359 1657 403 1697 id
435 1656 508 1697 ubi
534 1659 646 1697 esset
670 1656 852 1697 videbat.
913 1654 1158 1696 Accedebat
1190 1654 1292 1695 ordo
1318 1668 1460 1694 rerum

121 1716 270 1771 plenus
301 1715 418 1768 artis,
451 1714 563 1756 actio
589 1714 778 1755 liberalis
805 1716 1029 1766 totumque
1055 1712 1221 1754 dicendi
1246 1712 1483 1766 placidum

123 1777 165 1815 et
192 1789 342 1815 sanum
369 1787 512 1828 genus.
551 1772 673 1821 Quod
699 1773 734 1813 si
761 1775 826 1813 est
855 1775 1079 1826 optumum
1100 1771 1287 1812 suaviter
1313 1771 1464 1824 dicere,

123 1832 231 1873 nihil
275 1834 339 1872 est
384 1831 497 1885 quod
540 1831 691 1872 melius
729 1831 811 1872 hoc
849 1830 1137 1883 quaerendum
1176 1832 1312 1883 putes.
1382 1804 1464 1869 Sed

70 1906 104 1931 30
125 1905 221 1932 cum
259 1904 284 1930 a
312 1889 436 1930 nobis
474 1889 601 1943 paulo
640 1892 738 1930 ante
776 1889 938 1930 dictum
976 1888 1033 1929 sit
1069 1888 1153 1928 tria
1188 1886 1322 1928 videri
1359 1901 1464 1941 esse,

125 1962 232 2003 quae
265 1950 410 1988 orator
441 1947 607 1988 efficere
635 1948 818 2001 deberet,
849 1950 897 1987 ut
929 1947 1111 2000 doceret,
1142 1948 1190 1986 ut
1222 1946 1464 1998 delectaret,

123 2010 173 2047 ut
204 2008 410 2047 moveret:
449 2006 530 2046 duo
563 2020 726 2046 summe
758 2005 908 2059 tenuit,
939 2007 987 2045 ut
1019 2008 1060 2045 et
1092 2018 1183 2045 rem
1213 2004 1463 2044 inlustraret

125 2064 368 2106 disserendo
401 2066 444 2104 et
475 2064 638 2105 animos
671 2078 835 2118 eorum,
875 2063 947 2117 qui
980 2062 1192 2116 audirent,
1230 2062 1463 2103 devinciret

124 2123 362 2177 voluptate3
404 2122 551 2163 aberat
581 2122 708 2163 tertia
737 2122 812 2162 illa
843 2121 955 2175 laus,
992 2136 1075 2175 qua
1105 2123 1372 2175 permoveret
1403 2123 1464 2161 at-

72 2197 105 2223 35
126 2196 206 2235 que
230 2181 430 2222 incitaret
450 2180 626 2233 animos,
658 2194 785 2234 quam
810 2180 1055 2234 plurumum
1080 2179 1240 2233 pollere
1261 2178 1463 2231 diximus3

124 2254 201 2280 nec
235 2242 326 2280 erat
357 2238 444 2279 ulla
475 2238 539 2279 vis
572 2241 699 2292 atque
732 2238 967 2280 contentio:
1007 2238 1094 2279 sive
1127 2236 1319 2289 consilio,
1351 2235 1464 2288 quod

127 2311 198 2338 eos
260 2311 441 2350 quorum
486 2296 612 2337 altior
656 2296 794 2337 oratio
839 2296 1034 2350 actioque
1079 2298 1191 2337 esset
1235 2293 1465 2347 ardentior,

1476 1631 1532 1672 80

1464 1700 1532 1730 276

207 2331 217 2352 7
