1643 2526
381 71 524 106 LIBER
547 71 592 108 ΙΙ.
643 70 742 107 ΟΑΡ.
770 75 919 106 35—37.
958 74 978 114 ξ
1006 74 1202 107 147—154.
1380 72 1464 113 105

121 167 312 222 plerique
343 167 590 222 philosophi
621 167 740 208 nulla
766 167 939 208 tradant
970 169 1199 221 praecepta
1223 167 1390 209 dicendi
1422 171 1466 209 et

121 225 309 267 habeant
351 228 550 280 paratum
594 228 740 267 tamen
783 225 883 279 quid
925 225 974 266 de
1016 240 1182 279 quaque
1222 240 1267 267 re
1309 226 1463 268 dicant.

124 283 207 325 Sed
236 284 506 339 Aristoteles,
535 284 572 326 is
605 299 731 338 quem
762 298 841 339 ego
874 283 1057 325 maxime
1090 284 1288 339 admiror,
1318 285 1465 339 posuit

123 343 330 396 quosdam
360 343 492 397 locos,
522 357 574 384 ex
600 343 754 396 quibus
788 342 926 384 omnis
959 343 1201 397 argumenti
1233 343 1344 385 ratio
1375 358 1465 385 non

88 401 249 444 smodo
282 401 334 442 ad
370 401 727 456 philosophorum
765 401 1100 455 disputationem
1138 402 1211 443 sed
1249 402 1379 443 etiam
1411 403 1464 443 ad

121 459 231 501 hanc
277 460 533 514 orationem,
579 474 662 514 qua
702 460 749 500 in
786 460 925 501 causis
964 459 1144 514 utimur,
1182 460 1463 516 inveniretur3

122 533 147 559 a
179 532 262 573 quo
295 518 466 572 quidem
503 518 675 560 homine
709 519 796 559 iam
834 518 1010 571 dudum,
1046 518 1229 573 Antoni,
1266 534 1355 560 non
1394 520 1464 560 ab·

122 579 236 617 errat
269 577 406 618 oratio
440 580 534 631 tua,
571 577 659 618 sive
699 579 747 618 tu
780 576 1058 618 similitudine
1090 577 1206 618 illius
1240 577 1372 618 divini
1402 578 1464 618 in-

122 635 236 690 genii
273 635 319 676 in
356 636 502 676 eadem
538 635 720 677 incurris
759 635 942 690 vestigia
980 635 1068 676 sive
1101 635 1231 676 etiam
1262 636 1338 677 illa
1368 636 1464 690 ipsa

69 711 102 736 10
121 694 267 749 legisti
299 696 426 747 atque
459 694 657 748 didicisti,
689 694 803 748 quod
829 694 999 748 quidem
1025 693 1131 734 mihi
1165 695 1339 750 [magis]
1372 695 1462 736 veri

122 752 260 793 simile
297 752 482 807 videtur3
525 753 621 806 plus
660 752 774 793 enim
810 755 853 793 te
893 767 1045 806 operae
1086 752 1259 794 Graecis
1298 753 1462 794 dedisse

120 811 247 852 rebus
278 811 414 865 video,
453 826 580 865 quam
610 814 874 865 putaramus.
934 810 1044 852 Tum
1074 811 1159 865 1110,
1190 811 1365 866 Verum,
1401 812 1532 852 in-153

121 869 232 924 quit,
270 884 320 910 ex
358 884 424 910 me
463 869 627 923 audies,
666 867 827 910 Catule.
890 868 1066 923 Semper
1103 884 1182 925 ego
1221 870 1462 911 existimavi

119 928 414 969 iucundiorem
451 931 494 969 et
530 928 865 982 probabiliorem
905 927 1005 969 huic
1047 928 1207 982 populo
1247 931 1463 970 oratorem

68 1003 101 1029 15
120 986 231 1040 fore,
275 986 347 1040 qui
391 986 578 1040 primum
622 1001 749 1041 quam
793 986 1014 1027 minimam
1056 986 1227 1027 artificii
1269 987 1462 1041 alicuius,

120 1045 269 1085 deinde
300 1045 463 1085 nullam
490 1044 749 1086 Graecarum
774 1060 917 1086 rerum
944 1044 1304 1099 sio-nificationem
1330 1046 1460 1086 daret.

118 1103 263 1157 Atque
289 1117 369 1158 ego
394 1103 507 1144 idem
532 1103 787 1144 existumavi
812 1080 1009 1157 pecudi?
1011 1118 1116 1158 esse,
1145 1118 1233 1144 non
1261 1104 1462 1158 hominis,

120 1176 250 1216 quom
282 1164 425 1203 tantas
456 1176 523 1203 res
551 1161 702 1203 Graeci
734 1162 998 1216 susciperent
1029 1137 1334 1216 pro⁷fiterentur
1366 1176 1462 1228 age—

119 1223 216 1261 rent
257 1235 384 1274 seque
423 1223 466 1261 et
502 1220 671 1262 videndi
707 1235 775 1261 res
814 1220 1140 1261 obscurissimas
1179 1223 1221 1261 et
1258 1221 1365 1262 bene
1403 1221 1462 1262 vi-

67 1296 100 1321 20
119 1278 244 1320 vendi
276 1282 318 1319 et
350 1279 520 1332 copiose
553 1279 719 1319 dicendi
756 1279 967 1320 rationem
1005 1279 1179 1320 daturos
1212 1279 1460 1320 hominibus

118 1337 434 1391 pollicerentur,
464 1351 552 1378 non
577 1337 800 1378 admovere
827 1352 972 1378 aurem
998 1340 1053 1392 et,
1085 1337 1121 1378 si
1145 1338 1288 1392 palam
1315 1338 1460 1379 audire

120 1409 192 1436 eos
223 1409 311 1436 non
342 1395 536 1450 auderes,
572 1410 624 1436 110
662 1396 874 1436 1111111101·03
907 1396 1018 1449 apud
1050 1398 1147 1436 tuos
1181 1396 1284 1437 civis
1317 1399 1461 1437 aucto-

118 1454 294 1495 ritatem
334 1456 472 1508 tuam,
516 1454 877 1495 subauscultando
921 1457 1067 1494 tamen
1104 1454 1296 1507 excipere
1334 1468 1459 1496 voces

120 1527 268 1553 eorum
294 1515 336 1553 et
360 1512 510 1566 procul
538 1512 639 1566 quid
663 1515 888 1553 narrarent
915 1512 1144 1553 attendere.
1189 1512 1340 1566 Itaque
1366 1513 1460 1567 feci,

67 1587 101 1613 25
121 1569 285 1625 Catule,
310 1573 353 1612 et
377 1571 559 1612 istorum
580 1571 770 1612 omnium
797 1570 1045 1611 summatim
1071 1585 1220 1612 causas
1242 1574 1284 1611 et
1305 1585 1461 1626 genera

117 1629 213 1684 ipsa
251 1629 431 1684 gustavi.
492 1629 628 1670 Valde
665 1629 855 1683 hercule,
894 1629 1035 1683 inquit
1074 1627 1270 1683 Catulus,
1310 1629 1458 1670 timide

119 1690 340 1741 tamquam
384 1688 436 1729 ad
480 1688 665 1742 aliquem
708 1688 912 1729 lubidinis
963 1687 1185 1742 scopulum
1230 1688 1290 1729 310
1339 1691 1459 1728 tuam

119 1749 306 1787 mentem
338 1747 391 1787 ad
421 1746 739 1800 philosophiam
772 1746 986 1800 adpulisti,
1019 1761 1147 1800 quam
1175 1747 1280 1787 haec
1308 1746 1458 1787 civitas

121 1807 348 1859 aspernata
389 1819 623 1858 numquam
668 1808 743 1846 est.
805 1804 918 1846 Nam
958 1808 1001 1845 et
1043 1805 1202 1845 referta
1245 1805 1460 1859 quondam

67 1880 101 1906 30
119 1862 248 1904 Italia
272 1862 642 1918 Pythagoreorum
673 1863 756 1904 fuit
780 1867 886 1918 tum,
918 1878 1014 1904 cum
1040 1866 1131 1904 erat
1155 1863 1201 1903 in
1225 1862 1305 1904 hac
1333 1866 1458 1918 gente

119 1935 277 1976 magna
300 1921 375 1961 illa
402 1921 597 1976 Graecia3
624 1946 673 1951 —
709 1936 759 1962 ex
791 1936 874 1975 quo
908 1921 1038 1962 etiam
1071 1921 1244 1975 quidam
1270 1920 1460 1962 Numam

119 1979 381 2033 Pompilium
405 1994 550 2035 regem
574 1983 771 2021 nostrum
796 1980 927 2021 fuisse
953 1979 1273 2034 Pythagoreum
1304 1980 1460 2034 ferunt,

121 2038 194 2092 qui
226 2038 347 2078 annis
381 2041 478 2079 ante
510 2038 734 2092 permultis
772 2038 855 2079 fuit
888 2053 1015 2092 quam
1046 2038 1137 2092 ipse
1170 2038 1459 2093 Pythagoras3

122 2110 205 2151 quo
237 2096 367 2137 etiam
398 2096 533 2137 maior
564 2096 628 2137 Vir
659 2097 878 2138 habendus
912 2100 994 2150 est,
1032 2111 1162 2151 quom
1198 2096 1319 2137 illam
1351 2096 1460 2150 sapi-

68 2171 101 2197 35
121 2154 282 2196 entiam
319 2154 639 2196 constituendae
678 2155 865 2196 civitatis
903 2155 1068 2196 duobus
1105 2169 1238 2209 prope
1278 2155 1458 2196 saeculis

121 2215 219 2254 ante
257 2212 477 2268 cognovit,
520 2228 647 2268 quam
684 2228 778 2254 eam
817 2212 968 2254 Graeci
1003 2216 1151 2255 natam
1191 2228 1283 2254 esse
1322 2227 1461 2253 sense-

119 2274 238 2327 runt3
266 2295 315 2301 —-
341 2274 383 2312 et
408 2273 520 2312 certe
545 2285 633 2312 non
658 2272 759 2313 tulit
784 2272 894 2313 ullos
919 2272 1024 2313 haec
1051 2272 1201 2313 civitas
1222 2274 1295 2312 aut
1323 2270 1460 2325 gloria

1474 1606 1529 1647 37

1464 1674 1530 1705 154
