1643 2526
152 110 181 151 2
188 110 208 150 1
215 110 240 151 8
666 109 729 144 DE
756 108 981 144 ORATORE

154 205 267 259 quod
316 205 462 246 deceat
510 204 649 246 facere
701 203 804 246 artis
855 206 897 244 et
945 206 1184 259 naturaest,
1233 204 1341 246 scire
1391 205 1492 260 quid

83 288 139 329 56
155 263 406 317 quandoque
440 264 586 305 deceat
616 262 877 318 prudentiae.

84 357 150 388 213
273 321 355 362 Sed
386 322 491 363 haec
525 321 667 363 omnia
697 321 870 376 perinde
904 323 1004 361 sunt
1035 323 1083 362 ut
1110 324 1307 376 aguntur.
1351 320 1492 376 Actio,

153 380 341 434 inquam,
372 380 417 420 in
449 380 624 421 dicendo
656 394 741 421 una
767 379 1020 420 dominatur.
1068 377 1168 420 Sine
1193 379 1273 421 hac
1300 394 1491 421 summus

155 441 300 479 orator
338 453 428 479 esse
471 438 517 479 in
559 453 736 479 numero
779 437 896 478 nullo
939 440 1101 492 potest,
1143 437 1368 479 mediocris
1412 438 1527 480 hac5

154 496 390 538 instructus
423 511 612 538 summos
650 511 775 550 saepe
814 510 1023 550 superare.
1086 495 1199 537 Huic
1234 496 1395 551 primas
1428 496 1494 537 de-

155 555 267 596 disse
311 555 622 596 Demosthenes
668 555 840 608 dicitur,
890 569 986 595 cum
1035 557 1261 609 rogaretur
1305 554 1407 608 quid
1448 554 1494 595 in

156 613 331 655 dicendo
374 617 486 654 esset
525 614 729 668 primum,
775 613 873 654 huic
922 613 1145 667 secundas,
1187 612 1287 654 huic
1330 612 1493 654 tertias.

157 671 248 720 Quo
275 672 381 712 mihi
407 672 559 712 melius
587 672 716 712 etiam
741 671 846 712 illud
873 671 925 711 ab
946 670 1158 712 Aeschine
1179 671 1341 712 dictum
1360 671 1493 712 videri

157 730 283 784 solet,
325 730 397 784 qui
438 745 534 771 cum
573 733 749 784 propter
788 729 1070 784 ignominiam
1109 729 1257 770 iudicii
1295 729 1493 770 cessisset
1513 748 1546 771 10

156 789 340 829 Athenis
374 792 416 829 et
449 803 492 829 se
524 788 725 829 Rhodum
758 788 1021 842 contulisset,
1052 791 1229 843 rogatus
1263 803 1287 828 a
1312 787 1492 828 Rhodiis

155 847 311 901 legisse
360 846 497 887 fertur
547 847 784 887 orationem
832 846 950 886 illam
994 846 1229 901 egregiam,
1279 861 1406 900 quam
1447 846 1494 886 in

157 904 483 959 Ctesiphontem
515 908 664 946 contra
696 905 1031 945 Demosthenem
1065 905 1245 960 dixerat3
1284 919 1368 958 qua
1403 919 1494 958 per-

154 964 266 1004 lecta
297 963 480 1017 petitum
515 964 584 1015 [ab
617 964 684 1014 eo]
725 966 790 1004 est
827 963 1055 1017 postridie,
1092 966 1141 1004 ut
1176 963 1338 1018 legeret
1374 962 1493 1004 illam

157 1022 299 1076 etiam,
325 1036 430 1075 quae
451 1025 543 1062 erat
563 1025 711 1063 contra
731 1022 783 1062 ab
804 1021 1093 1062 Demosthene
1113 1036 1190 1075 pro
1212 1020 1493 1075 Ctesiphonte
1515 1037 1547 1063 15

157 1080 288 1134 edita3
320 1095 448 1133 quam
481 1094 577 1121 cum
609 1079 862 1121 suavissima
894 1083 936 1120 et
968 1080 1153 1120 maxima
1178 1094 1280 1121 voce
1305 1079 1495 1134 legisset,

159 1138 469 1179 admirantibus
503 1138 701 1179 omnibus
735 1137 922 1191 Quanto,
958 1138 1117 1192 inquit,
1154 1138 1291 1193 magis
1324 1138 1495 1178 mirare-

159 1197 281 1251 mini,
320 1196 354 1237 si
388 1197 613 1237 audissetis
650 1197 808 1250 ipsum!
871 1196 937 1236 Ex
976 1210 1058 1249 quo
1098 1197 1202 1237 satis
1237 1196 1495 1251 significavit

159 1258 366 1308 quantum
393 1258 505 1295 esset
529 1255 575 1295 in
595 1255 774 1308 actione,
801 1254 872 1308 qui
900 1254 1137 1295 orationem
1164 1255 1340 1295 eandem
1366 1254 1495 1295 aliam

88 1313 249 1354 ‘214f0re
292 1313 456 1367 putarit
499 1316 641 1354 actore
686 1316 863 1353 mutato.
926 1312 1035 1360 Quid
1078 1313 1160 1353 fuit
1202 1313 1248 1353 in
1289 1312 1494 1367 Graccho,
1513 1330 1547 1355 20

160 1386 285 1425 quem
322 1375 370 1412 tu
409 1372 579 1425 melius,
617 1370 785 1424 Catule,
823 1370 1075 1425 meministi,
1113 1371 1225 1425 quod
1262 1386 1328 1411 me
1360 1385 1491 1425 puero

159 1433 280 1470 tanto
320 1444 445 1483 opere
483 1430 694 1470 ferretur?
749 1429 852 1477 Quo
897 1444 969 1469 me
1013 1429 1166 1470 miser
1209 1429 1494 1470 conferam?

160 1503 254 1542 quo
304 1488 528 1529 vertam?
600 1488 657 1528 In
708 1486 1117 1542 Capitoliumne?
1190 1487 1256 1528 At
1310 1487 1493 1528 fratris

160 1547 406 1601 sanguine
456 1547 631 1587 madet.
701 1546 776 1586 An
826 1546 1051 1586 domum?
1112 1545 1390 1586 Matremne
1440 1548 1494 1586 ut

160 1605 393 1645 miseram
448 1605 810 1645 lamentantem
865 1604 1059 1644 videam
1114 1607 1162 1644 et
1212 1603 1493 1644 abiectam?
1514 1621 1546 1645 25

160 1662 275 1711 Quae
309 1663 369 1703 sic
396 1663 448 1702 ab
474 1663 548 1702 illo
575 1676 666 1703 esse
694 1665 789 1702 acta
816 1662 1041 1702 constabat
1068 1661 1201 1702 oculis
1227 1676 1329 1702 voce
1357 1666 1493 1716 gestu,

158 1720 321 1761 inimici
361 1723 410 1761 ut
448 1720 646 1761 lacrimas
688 1723 830 1760 tenere
871 1734 957 1760 non
997 1723 1183 1773 possent.
1244 1719 1362 1760 Haec
1399 1720 1494 1760 ideo

160 1779 253 1819 dico
295 1778 507 1832 pluribus,
547 1779 659 1831 quod
701 1792 832 1832 genus
873 1778 954 1818 hoc
992 1780 1132 1818 totum
1172 1781 1381 1832 oratores,
1422 1778 1494 1831 qui

89 1861 142 1902 57
161 1840 260 1877 sunt
300 1837 494 1877 veritatis
533 1837 668 1890 ipsius
710 1839 896 1890 actores,
935 1836 1216 1890 reliquerunt,
1255 1835 1495 1877 imitatores

91 1930 130 1959 21
137 1898 303 1959 5autem
323 1895 516 1936 veritatis
536 1895 767 1935 histriones
789 1897 1114 1948 occupaverunt.
1159 1894 1222 1935 Ac
1249 1895 1338 1935 sine
1364 1894 1494 1935 dubio
1514 1911 1548 1936 30

92 1952 108 1958 ”
158 1954 203 1994 in
236 1953 351 1994 omni
383 1968 427 1994 re
459 1953 592 1994 vincit
622 1952 908 1993 imitationem
940 1952 1115 2005 veritas3
1148 1953 1220 1994 sed
1252 1968 1301 1994 ea
1327 1953 1363 1993 si
1390 1953 1494 1993 satis

158 2012 203 2052 in
235 2011 402 2052 actione
435 2011 622 2052 efficeret
659 2011 753 2065 ipsa
789 2025 864 2064 per
902 2025 1012 2065 sese,
1050 2014 1139 2051 arte
1177 2011 1371 2066 profecto
1409 2025 1496 2052 non

159 2084 391 2124 egeremus,
439 2069 599 2110 Verum
625 2069 724 2122 quia
757 2068 886 2109 animi
917 2069 1141 2123 permotio,
1173 2084 1280 2123 quae
1312 2069 1494 2110 maxime

160 2131 234 2169 aut
266 2127 517 2183 declaerda
554 2131 628 2168 aut
665 2127 873 2168 imitanda
913 2131 979 2168 est
1020 2127 1205 2182 actione,
1245 2128 1496 2182 perturbata

161 2201 284 2240 saepe
315 2186 378 2226 ita
411 2189 487 2240 est,
518 2189 567 2226 ut
599 2186 852 2226 obscuretur
878 2200 925 2226 ac
951 2200 1083 2239 paene
1111 2187 1328 2240 obruatur,
1360 2185 1494 2226 discu-
1513 2201 1547 2227 35

160 2245 303 2285 tienda
347 2247 447 2285 sunt
491 2258 557 2298 ea,
601 2259 708 2298 quae
752 2244 1000 2298 obscurant,
1044 2247 1086 2284 et
1130 2259 1196 2299 ea,
1246 2258 1352 2297 quae
1397 2246 1496 2284 sunt

88 2302 391 2344 216eminentia
422 2305 464 2343 et
494 2305 712 2357 prompta,
750 2302 964 2343 sumenda.
1027 2302 1175 2343 Omnis
1208 2302 1321 2343 enim
1352 2304 1494 2342 motus
