1643 2526
338 102 481 137 LIBER
505 101 530 137 I.
582 101 685 137 CAP.
712 105 861 137 42—44.
902 105 921 144 ξ
950 105 1146 137 188-195.
1361 100 1419 141 45

81 201 164 253 tur,
193 198 260 239 vel
285 198 446 252 passim
470 197 572 239 licet
597 200 841 251 carpentem
867 200 909 238 et
935 197 1208 251 colligentem
1233 195 1419 249 undique

81 257 243 311 replere
279 256 438 297 iustam
476 256 582 298 iuris
615 255 751 297 civilis
785 255 1019 297 scientiam.
1081 254 1234 296 Nonne
1266 254 1419 295 videtis
1434 254 1491 294 43

82 315 269 369 equitem
295 314 548 369 Romanum,
577 313 796 355 hominem
822 313 1119 355 acutissimum
1146 312 1337 354 omnium
1361 312 1422 353 in-

84 373 208 428 genio
247 373 319 414 sed
356 373 530 413 minime
569 372 721 414 ceteris
760 372 923 413 artibus
963 372 1195 426 eruditum,
1236 370 1279 412 C.
1314 370 1423 413 Acu-

49 432 266 484 5leonem,
304 431 375 485 qui
407 446 574 472 mecum
604 430 710 471 vivit
742 445 990 485 semperque
1021 430 1147 483 vixit,
1184 430 1247 470 ita
1278 432 1421 470 tenere

81 490 148 530 ius
181 489 321 543 civile,
352 492 400 530 ut
432 490 488 543 ei,
520 503 649 543 quom
681 489 734 530 ab
765 488 847 529 hoc
880 488 1181 543 discesseritis,
1214 501 1339 529 nemo
1373 487 1422 528 de

81 548 135 589 iis
157 548 229 602 qui
254 547 505 602 peritissimi
531 551 632 588 sunt
659 547 974 601 anteponatur?
1008 546 1162 587 Omnia
1188 549 1288 587 sunt
1308 546 1492 586 enim192

82 606 225 661 posita
251 609 349 647 ante
377 606 535 660 oculos,
567 605 775 647 collocata
806 605 851 646 in
882 619 964 646 usu
996 605 1224 658 cotidiano,
1254 604 1300 645 in
1327 618 1422 645 con-

83 664 301 719 gressione
338 664 561 706 hominum
599 667 726 718 atque
763 663 809 704 in
845 663 957 718 foro3
999 677 1136 718 neque
1172 663 1236 703 ita
1273 662 1421 703 multis

31 738 63 762 10
82 723 236 764 litteris
278 726 352 764 aut
388 722 677 764 voluminibus
712 722 880 777 magnis
913 721 1197 763 continentur.
1259 721 1421 761 Eadem

81 781 195 822 enim
240 781 351 822 elata
394 784 494 822 sunt
534 781 720 835 primum
762 795 787 821 a
824 780 1038 834 pluribus3
1082 779 1231 820 deinde
1274 778 1420 833 paucis

81 840 222 881 verbis
249 839 524 881 commutatis
551 839 681 880 etiam
701 839 754 879 ab
775 838 934 879 eisdem
955 837 1236 892 scriptoribus
1264 837 1423 890 scripta

83 901 184 939 sunt
222 898 402 952 saepius.
462 898 641 938 Accedit
677 911 796 951 vero,
834 911 917 950 quo
955 896 1123 937 facilius
1162 895 1324 950 percipi
1356 905 1491 936 co-193

84 956 316 1011 gnoscique
346 956 413 996 ius
447 955 569 996 civile
600 955 750 1009 possit,
789 955 902 1008 quod
933 954 1107 995 minime
1138 954 1329 1008 plerique
1362 967 1424 993 ar-

30 1028 64 1053 15
83 1014 316 1068 bitrantur,
354 1014 461 1055 mira
499 1014 705 1067 quaedam
742 1013 788 1054 in
825 1013 1120 1067 cognoscendo
1160 1012 1349 1053 suavitas
1381 1014 1424 1052 et

84 1072 322 1114 delectatio.
393 1071 524 1126 Nam,
568 1072 656 1113 sive
701 1086 825 1125 quem
873 1071 1012 1123 [haec]
1058 1070 1239 1112 Aeliana
1282 1069 1423 1110 studia

84 1131 317 1185 delectant,
365 1130 593 1184 plurimast
638 1131 716 1181 [et]
760 1130 807 1170 in
850 1129 966 1170 omni
1006 1129 1097 1169 iure
1141 1128 1256 1170 civili
1297 1131 1340 1169 et
1378 1127 1424 1168 in
1486 1157 1493 1160 -

82 1189 335 1244 pontificum
359 1188 482 1229 libris
509 1191 551 1229 et
576 1188 622 1228 in
645 1187 730 1228 XII
762 1187 922 1229 tabulis
950 1187 1219 1241 antiquitatis
1247 1185 1424 1241 effigies,

84 1248 195 1300 quod
222 1250 265 1288 et
291 1247 518 1288 verborum
542 1249 734 1287 vetustas
761 1246 902 1300 prisca
928 1245 1202 1300 cognoscitur
1228 1248 1270 1286 et
1296 1244 1424 1286 actio-

31 1319 65 1344 20
83 1320 186 1346 num
218 1318 374 1359 genera
405 1305 613 1358 quaedam
649 1304 860 1345 maiorum
893 1303 1244 1345 consuetudinem
1274 1302 1425 1344 vitam-

85 1378 164 1417 que
197 1363 431 1417 declarant3
475 1362 562 1403 sive
596 1377 721 1415 quem
753 1362 889 1403 civilis
922 1362 1112 1416 scientia,
1144 1376 1271 1415 quam
1304 1359 1425 1402 Scae-

84 1422 182 1462 vola
218 1435 304 1462 non
340 1424 466 1475 putat
504 1420 687 1461 oratoris
727 1435 818 1461 esse
849 1420 1066 1474 propriam
1099 1420 1171 1460 sed
1204 1419 1424 1460 cuiusdam

85 1494 135 1520 ex
168 1479 251 1520 alio
285 1493 437 1533 genere
468 1478 730 1532 prudentiae,
770 1481 907 1519 totam
940 1478 1049 1519 hanc
1082 1477 1306 1531 descriptis
1340 1491 1425 1517 om-

84 1537 211 1578 nibus
237 1537 424 1578 civitatis
451 1536 713 1577 utilitatibus
741 1551 788 1577 ac
813 1536 1008 1590 partibus
1033 1535 1118 1576 XII
1144 1535 1303 1576 tabulis
1330 1549 1426 1576 con-

32 1610 66 1635 25
87 1595 214 1636 tineri
245 1595 424 1650 videbit3
469 1595 555 1636 sive
597 1609 722 1648 quem
759 1595 843 1635 ista
873 1597 1130 1648 praepotens
1163 1596 1205 1634 et
1238 1593 1426 1648 gloriosa

84 1653 359 1708 philosophia
378 1653 561 1695 delectat
590 1677 635 1682 -—
663 1653 801 1694 dicam
822 1653 1022 1694 audacius
1052 1677 1117 1706 —,
1141 1652 1270 1693 hosce
1296 1652 1426 1692 habet

86 1712 219 1754 fontis
252 1712 443 1752 omnium
475 1707 815 1765 disputationum
847 1726 1037 1764 suarum,
1078 1710 1150 1764 qui
1186 1710 1278 1751 iure
1311 1710 1426 1751 civili

86 1772 129 1811 et
166 1769 334 1825 legibus
373 1770 657 1811 continentur.
718 1770 785 1810 Ex
822 1769 889 1810 his
928 1769 1041 1809 enim
1085 1771 1127 1809 et
1171 1768 1495 1823 dignitatem194

87 1828 270 1869 maxime
302 1828 581 1882 expetendam
612 1827 816 1881 videmus,
849 1841 978 1880 quom
1008 1841 1108 1867 vera
1133 1826 1267 1867 Virtus
1300 1829 1426 1879 atque

34 1900 69 1925 30
87 1886 294 1927 honestus
331 1886 453 1926 labor
490 1885 727 1926 honoribus
764 1885 965 1940 praemiis
1005 1885 1227 1938 splendore
1260 1884 1428 1925 decora-

86 1947 169 1998 tur,
199 1944 304 1985 vitia
336 1947 479 1984 autem
509 1944 732 1984 hominum
764 1947 891 1997 atque
921 1943 1089 1983 fraudes
1116 1942 1281 1982 damnis
1307 1942 1427 1996 igno-

88 2002 231 2043 miniis
263 2002 414 2043 vinclis
445 2002 693 2043 verberibus
732 2001 868 2042 exiliis
908 2004 1046 2042 morte
1084 2000 1340 2054 multantur3
1385 2003 1427 2041 et

88 2060 288 2101 docemur
317 2074 404 2101 non
428 2060 608 2100 infim‘tis
635 2059 1086 2113 concertationumque
1117 2058 1254 2113 plenis
1287 2058 1428 2112 dispu-

87 2118 325 2159 tationibus
358 2118 430 2159 sed
456 2118 711 2159 auctoritate
742 2121 933 2171 nutuque
963 2117 1109 2172 legum
1141 2116 1324 2157 domitas
1356 2116 1427 2156 ha-

35 2191 68 2215 35
88 2176 186 2216 bere
217 2176 427 2230 libidines,
453 2190 644 2218 coercere
672 2190 818 2217 omnes
845 2175 1113 2229 cupiditates,
1136 2178 1285 2216 nostra
1304 2174 1427 2227 tueri,
1441 2208 1497 2248 44

89 2234 140 2274 ab
175 2234 322 2275 alienis
360 2237 523 2275 mentes
564 2235 709 2275 oculos
747 2248 897 2275 manus
936 2234 1161 2274 abstinere.
1223 2232 1426 2273 Fremant

89 2305 234 2334 omnes
260 2291 373 2347 licet,
398 2292 536 2333 dicam
556 2292 668 2346 quod
694 2292 848 2333 sentio:
881 2291 1164 2333 bibliothecas
1185 2276 1496 2331 meher0ule¹95
