1643 2526
157 96 244 138 420
513 97 837 146 *PARTITIONES
867 78 1142 133 ORATORIAE

159 206 288 245 quam
327 193 416 233 eius
449 192 568 233 verbi
608 194 952 248 praeceptionem
992 194 1240 236 inchoatam
1279 195 1499 237 habebunt

156 249 204 290 in
236 250 388 291 animis
419 250 451 290 ii
483 250 555 304 qui
587 251 777 305 audient,
808 253 946 307 magis
980 255 1022 293 et
1052 253 1228 307 propius
1260 254 1499 309 accesserit,

91 307 195 349 12413
227 309 371 350 vincat
401 323 573 349 necesse
606 313 683 350 est.
744 310 840 351 Non
876 311 989 351 enim
1021 312 1358 366 argumentando
1390 315 1499 354 trac-

157 369 277 407 tatur
307 367 389 408 1106
417 381 562 422 8611113,
593 368 667 408 sed
697 371 917 422 tamquam
949 369 1197 423 explicando
1230 370 1498 412 excutiendo-

159 439 240 478 que
271 425 420 479 verbo,
457 429 522 479 ut,
560 425 596 466 si
632 426 678 467 in
714 442 785 468 reo
823 428 1004 481 pecunia
1035 428 1234 469 absoluto
1266 443 1497 483 rursusque
1533 446 1549 471 5

158 487 356 524 revocato
387 484 797 537 praevaricationem
830 489 1053 527 accusator
1085 501 1176 527 esse
1211 487 1385 528 definiat
1412 502 1498 529 om-

157 556 255 582 nem
285 542 432 583 iudicii
465 543 750 597 corruptelam
782 544 834 584 ab
866 559 957 599 reo,
997 544 1193 586 defensor
1231 548 1373 586 autem
1410 560 1499 586 non

159 614 346 654 omnem,
387 601 461 641 sed
497 602 793 643 tantummodo
834 603 1093 644 accusatoris
1127 603 1411 657 corruptelam
1443 605 1496 645 ab

157 672 242 710 reo,
269 659 326 699 sit
352 673 453 713 ergo
479 659 583 700 haec
610 660 828 701 contentio
854 661 1038 714 primum
1065 662 1305 716 verborum,
1329 662 1375 702 in
1401 676 1498 717 quo,

158 716 288 757 etiam
316 717 351 757 si
377 718 553 771 propius
575 719 747 759 accedat
773 719 825 759 ad
852 720 1202 761 consuetudinem
1227 696 1496 774 mentemque
1517 740 1550 763 10

158 776 366 815 sermonis
388 776 620 817 defensoris
642 777 846 831 definitio,
873 780 1016 818 tamen
1042 782 1264 819 accusator
1285 779 1498 820 sententia

91 833 265 887 1251egis
303 834 482 886 nitetur,
524 837 655 889 negat
693 834 805 875 enim
836 811 1018 889 ’probari
1057 840 1252 890 oportere
1291 851 1382 891 eos,
1424 837 1496 891 qui

157 891 273 945 leges
295 892 555 946 scripserint,
573 908 626 933 ne
646 896 788 934 ratum
807 893 1036 935 haberetur
1055 895 1273 950 iudicium,
1299 895 1335 936 si
1355 898 1496 937 totum

159 954 408 1004 corruptum
442 951 546 1004 [sit],
581 951 617 991 si
649 966 758 993 unus
791 956 1014 993 accusator
1047 956 1270 1007 corruptus
1305 954 1374 1007 sit,
1409 968 1497 995 non

157 1009 412 1063 rescindere,
454 1009 608 1050 nititur
646 1010 861 1063 aequitate
899 1011 1086 1052 utilitate
1119 1012 1241 1077 quasi
1274 1012 1496 1053 scribenda
1517 1029 1548 1054 15

157 1067 225 1106 lex
251 1067 320 1119 sit,
352 1082 541 1121 quaeque
568 1071 660 1108 tum
686 1069 1040 1122 complecteretur
1070 1070 1159 1110 iudi
1145 1070 1238 1111 ciis
1271 1070 1497 1125 corruptis,

157 1139 206 1165 ea
246 1126 375 1166 verbo
417 1140 502 1166 uno
543 1127 920 1180 praevaricationis
964 1128 1333 1181 comprehendisse
1375 1129 1496 1184 dicit3

90 1182 354 1223 12ssdefensor
391 1187 533 1224 autem
571 1188 755 1225 testatur
787 1186 1136 1226 consuetudinem
1168 1187 1376 1227 sermonis
1408 1201 1497 1227 ver-

156 1241 283 1294 bique
316 1241 401 1282 vim
441 1257 490 1283 ex
528 1243 742 1283 contrario
780 1244 935 1297 repetit
974 1244 1095 1298 quasi
1135 1258 1338 1285 converso
1378 1259 1496 1286 accu-

157 1303 316 1353 satore,
354 1300 421 1340 cui
460 1300 721 1341 contrarium
753 1304 818 1342 est
848 1316 1005 1342 nomen
1035 1302 1408 1357 praevaricatoris,
1453 1306 1495 1344 et
1515 1321 1549 1346 20

157 1372 207 1398 ex
240 1359 615 1413 consequentibus,
654 1360 766 1412 quod
804 1374 852 1400 ea
889 1360 1034 1401 littera
1071 1361 1121 1401 de
1154 1364 1399 1402 accusatore
1432 1375 1497 1402 30-

156 1416 242 1456 leat
281 1416 371 1456 dari
408 1417 556 1471 iudici,
600 1420 642 1458 et
680 1432 729 1458 ex
766 1418 936 1459 nomine
974 1419 1086 1472 ipso,
1131 1419 1242 1472 quod
1281 1419 1496 1474 significat

156 1489 264 1527 eum,
297 1475 368 1528 qui
399 1475 444 1515 in
476 1476 701 1516 contrariis
734 1476 871 1517 causis
905 1477 1026 1531 quasi
1057 1477 1172 1518 varie
1204 1477 1371 1531 positus
1404 1492 1495 1519 esse

156 1532 360 1573 videatur.
426 1532 506 1574 Sed
544 1534 643 1575 huic
681 1537 826 1574 tamen
863 1534 945 1588 ipsi
984 1534 1315 1589 confugiendum
1346 1539 1411 1577 est
1443 1536 1496 1577 ad

157 1591 386 1643 aequitatis
418 1591 554 1645 locos,
593 1592 645 1632 ad
682 1606 824 1632 rerum
861 1593 1143 1634 iudicatarum
1182 1594 1496 1648 auctoritatem,
1515 1610 1547 1635 25

157 1649 209 1689 ad
240 1649 368 1689 finem
401 1649 585 1702 aliquem
616 1650 812 1704 periculi3
845 1665 1150 1705 communeque
1184 1651 1241 1692 sit
1267 1651 1347 1693 hoc
1378 1666 1496 1705 prae-

157 1710 345 1760 ceptum,
385 1710 432 1747 ut
470 1722 565 1748 cum
598 1710 775 1760 uterque
808 1708 1018 1749 definierit
1050 1723 1177 1761 quam
1209 1709 1391 1750 maxime
1423 1724 1496 1764 po-

156 1765 288 1805 tuerit
320 1766 372 1805 ad
405 1780 672 1806 communem
704 1780 876 1806 sensum
902 1766 1071 1820 vimque
1099 1767 1229 1822 verbi,
1261 1771 1353 1808 tum
1383 1768 1496 1809 simi-

155 1823 269 1863 libus
308 1824 596 1877 exemplisque
634 1838 799 1877 eorum,
844 1825 917 1877 qui
955 1825 1017 1865 ita
1054 1824 1188 1866 locuti
1227 1825 1331 1880 sint,
1375 1841 1496 1867 suam

89 1881 448 1922 127definitionem
482 1883 820 1935 sententiamque
858 1883 1090 1924 confirmet.
1152 1883 1294 1937 Atque
1327 1899 1495 1926 accusa-
1514 1902 1547 1927 30

156 1940 240 1980 tori
273 1939 329 1979 sit
360 1940 405 1979 in
436 1940 517 1981 hoc
550 1954 702 1994 8611616
735 1955 958 1981 causarum
990 1941 1108 1982 locus
1140 1942 1212 1982 ille
1245 1942 1495 1998 communis,

156 1997 329 2038 minime
357 2013 447 2039 esse
475 1999 800 2052 concedendum,
832 2002 879 2039 ut
904 1999 953 2052 13,
985 1999 1058 2052 qui
1084 2000 1133 2040 de
1160 2015 1204 2041 re
1230 2001 1495 2055 confiteatur,

154 2056 272 2096 verbi
306 2070 349 2096 se
386 2057 736 2110 inter-pretatione
776 2033 989 2111 defendat;
1033 2058 1229 2099 defensor
1267 2062 1410 2100 autem
1441 2035 1495 2100 ad

156 2128 216 2167 ea,
249 2128 355 2167 quae
388 2115 624 2168 proposuit,
655 2115 869 2167 aequitate
895 2091 1059 2156 nitatur
1085 2119 1127 2157 et
1153 2131 1202 2157 ea
1228 2131 1324 2158 cum
1350 2131 1494 2158 secum

155 2172 303 2225 faciat,
352 2187 439 2213 non
482 2187 526 2213 re
572 2173 643 2213 sed
689 2173 989 2226 depravatione
1040 2174 1158 2215 verbi
1208 2189 1299 2216 sese
1349 2175 1492 2230 urgeri
1512 2192 1544 2217 35

157 2234 369 2283 queratur.
424 2230 514 2279 Quo
546 2231 591 2271 in
617 2245 769 2286 genere
800 2246 1046 2285 percensere
1079 2233 1238 2287 poterit
1269 2232 1493 2287 plerosque

156 2289 397 2329 inveniendi
429 2289 564 2343 locos3
595 2304 695 2330 nam
722 2292 763 2330 et
790 2289 1001 2331 similibus
1028 2294 1172 2332 utetur
1198 2294 1241 2332 et
1267 2291 1492 2333 contrariis
