1643 2526
89 732 121 757 10

90 1026 120 1050 15

89 1317 122 1341 20

91 1900 123 1924 30

386 93 527 127 LIBER
551 93 612 128 ΠΙ.
664 92 764 128 ΟΑΡ.
791 95 939 127 54—55.
978 96 997 133 g
1023 94 1223 126 204-212.
1391 90 1475 131 217

139 189 405 243 inprovisum
438 188 638 242 quiddam
676 190 718 228 et
755 187 1039 228 dinumeratio
1072 190 1116 228 et
1153 187 1237 228 alia
1269 186 1476 227 correctio

141 251 183 289 et
214 247 450 301 dissupatio
478 250 521 287 et
553 246 850 287 continuatum
877 248 919 286 et
948 245 1238 300 interruptum
1264 247 1307 286 et
1331 244 1476 299 imago

141 310 183 347 et
214 306 297 347 sibi
322 306 405 360 ipsi
432 304 652 359 responsio
680 307 722 345 et
745 304 975 345 inmutatio
1003 307 1045 345 et
1072 304 1278 345 diiunctio
1305 306 1348 344 et
1374 303 1476 343 ordo

141 368 183 405 et
213 364 365 405 relatio
405 367 447 404 et
479 363 687 418 digressio
720 365 762 403 et
800 362 1152 417 circumscriptio.
1213 361 1331 403 Haec
1363 361 1548 402 enim208

141 426 241 464 sunt
281 422 369 463 fere
408 426 534 476 atque
572 422 727 462 horum
765 420 921 462 similia
958 421 1025 462 vel
1062 421 1186 475 plura
1223 420 1353 461 etiam
1385 434 1476 461 esse

139 484 339 535 possunt,
371 495 477 534 quae
511 479 735 521 sententiis
768 479 1006 520 orationem
1037 480 1348 533 verborumque
1382 492 1478 520 con-

139 539 470 581 formationibus
501 538 770 579 inluminent.

259 598 377 647 Quae
403 597 574 651 quidem
600 600 655 651 te,
680 595 845 651 Crasse,
869 596 1004 650 video,
1029 596 1170 650 inquit
1198 594 1339 649 Cotta,
1365 595 1477 649 quod
1491 593 1549 635 55

139 660 243 698 nota
286 671 376 697 esse
420 656 544 696 nobis
594 658 738 710 putes,
788 655 877 696 sine
922 654 1242 696 definitionibus
1293 657 1336 695 et
1388 653 1477 694 sine

140 715 343 769 exemplis
377 714 585 755 effudisse.
646 714 743 768 Ego
775 728 893 768 vero,
925 713 1065 767 inquit
1097 711 1290 767 Crassus,
1320 727 1373 753 ne
1403 712 1478 752 illa

141 774 330 828 quidem,
362 788 469 827 quae
503 787 630 827 supra
662 772 766 826 dixi,
802 786 914 813 nova
944 772 1067 813 vobis
1101 786 1191 812 esse
1224 771 1478 824 arbitrabar,

141 833 214 873 sed
244 832 457 873 voluntati
490 834 683 872 vostrum
716 831 906 871 omnium
937 830 1071 884 parui.
1133 829 1213 870 His
1252 833 1396 870 autem
1427 829 1547 869 de209

139 891 265 931 rebus
300 890 364 931 sol
390 905 456 931 me
482 890 553 930 ille
581 889 814 943 admonuit,
845 892 893 930 ut
918 888 1088 929 brevior
1114 903 1264 942 essem,
1290 888 1362 942 qui
1386 888 1479 941 ipse

139 949 225 990 iam
257 948 543 1003 praecipitans
582 963 648 989 me
688 962 856 1002 quoque
894 947 999 988 haec
1036 947 1314 1001 praecipitem
1345 960 1478 1000 paene

141 1008 335 1049 evolvere
367 1007 518 1061 coegit.
570 1005 652 1047 Sed
684 1009 828 1046 tamen
858 1006 984 1046 huius
1019 1005 1185 1061 generis
1219 1006 1480 1046 demonstra-

140 1066 246 1107 tiost
267 1069 308 1107 et
329 1065 523 1106 doctrina
547 1064 642 1119 ipsa
667 1064 873 1119 volgaris,
898 1079 1001 1104 usus
1028 1067 1171 1104 autem
1199 1063 1477 1118 gravissimus

140 1128 182 1165 et
212 1124 258 1165 in
288 1124 370 1165 1106
401 1127 495 1164 toto
529 1123 694 1164 dicendi
727 1122 868 1163 studio
901 1122 1191 1163 difficillimus.
1254 1121 1392 1170 Quam
1425 1121 1549 1161 ob210

139 1197 230 1224 rem
262 1182 463 1237 quoniam
503 1182 552 1222 de
592 1184 747 1222 ornatu
786 1181 902 1222 omni
941 1181 1147 1222 orationis
1188 1183 1287 1221 sunt
1320 1194 1507 1234 omnes,-

141 1241 176 1282 si
216 1255 303 1282 non
342 1240 565 1295 patefacti,
607 1242 653 1280 at
699 1242 813 1281 certe
855 1239 1179 1281 commonstrati
1223 1239 1323 1291 loci,
1366 1253 1479 1279 nunc

142 1299 243 1353 quid
275 1302 424 1353 aptum
456 1299 529 1352 sit,
565 1298 647 1339 hoc
685 1301 749 1338 est
782 1298 884 1351 quid
915 1298 1097 1338 maxime
1130 1298 1276 1338 deceat
1313 1297 1358 1337 in
1391 1312 1481 1337 ora—

142 1358 258 1398 tione
290 1357 520 1398 videamus.
582 1355 834 1409 Quanquam
871 1356 914 1396 id
953 1356 1123 1410 quidem
1154 1355 1481 1410 perspicuumst,

141 1430 228 1457 non
261 1415 376 1456 omni
409 1428 560 1456 causae
600 1429 677 1455 nec
710 1414 894 1454 auditori
931 1429 1067 1467 neque
1105 1428 1311 1468 personae
1343 1427 1479 1467 neque

143 1474 325 1527 tempori
371 1487 603 1528 congruere
648 1472 853 1513 orationis
898 1487 1030 1513 unum
1075 1486 1220 1527 genus.
1281 1471 1394 1512 Nam
1437 1474 1548 1512 et211

144 1546 295 1574 causae
340 1531 491 1586 capitis
537 1531 668 1572 alium
712 1531 922 1584 quendam
966 1531 1194 1571 verborum
1232 1544 1384 1571 sonum
1421 1544 1482 1570 re-

90 1608 120 1633 3·
144 1591 337 1645 quirunt,
370 1590 501 1631 alium
532 1605 676 1630 rerum
706 1589 970 1643 privatarum
1003 1592 1129 1642 atque
1160 1603 1406 1643 parvarum3
1438 1591 1481 1629 et

143 1649 257 1690 aliud
301 1649 469 1690 dicendi
515 1662 648 1703 genus
693 1647 1021 1688 deliberationes
1063 1647 1176 1688 aliud
1212 1647 1481 1688 laudationes

143 1707 258 1748 aliud
293 1707 451 1748 iudicia
485 1708 631 1761 [atque
665 1708 897 1758 sermones]
938 1705 1053 1747 aliud
1091 1705 1328 1747 consolatio
1367 1705 1482 1746 aliud

144 1765 387 1820 obiurgatio
434 1765 548 1806 aliud
592 1764 826 1818 disputatio
873 1764 988 1805 aliud
1031 1764 1213 1805 historia
1257 1763 1479 1805 desiderat.

143 1823 292 1864 Refert
324 1823 454 1864 etiam
486 1823 559 1877 qui
591 1823 782 1876 audiant,
822 1826 993 1863 senatus
1033 1838 1086 1863 an
1117 1822 1299 1876 populus
1338 1836 1392 1862 an
1422 1822 1483 1862 iu-

145 1882 270 1935 dices,
300 1881 545 1935 frequentes
579 1896 633 1922 an
663 1881 787 1936 pauci
820 1896 875 1921 an
906 1881 1082 1935 singuli,
1114 1885 1156 1921 et
1189 1881 1353 1934 quales3
1384 1880 1484 1934 ipsi-

145 1955 224 1993 que
253 1942 443 1980 oratores
472 1939 543 1994 qui
571 1939 657 1980 sint
683 1943 823 1980 aetate
849 1940 1010 1980 honore
1038 1939 1294 1980 auctoritate
1327 1939 1483 1979 debent

143 1998 295 2052 videri,
345 2001 512 2052 tempus
553 1998 669 2052 pacis
712 2013 766 2038 an
806 1998 925 2051 belli,
968 1997 1258 2038 festinationis
1300 2012 1354 2038 an
1395 1996 1482 2037 otii.

144 2056 295 2110 Itaque
337 2056 417 2097 hoc
457 2056 552 2097 1060
593 2056 702 2096 nihil
740 2071 839 2097 sane
879 2059 944 2096 est
983 2056 1095 2109 quod
1132 2055 1318 2110 praecipi
1357 2063 1553 2109 possezl‘z

144 2114 351 2168 videatur,
371 2113 453 2154 nisi
473 2117 522 2154 ut
541 2115 723 2169 figuram
745 2114 951 2155 orationis
978 2114 1251 2169 plenioris0et
1276 2113 1483 2154 tenuioris

93 2190 126 2214 35
147 2176 190 2214 et
221 2173 326 2213 item
357 2172 474 2213 illius
507 2172 730 2214 mediocris
764 2173 816 2214 ad
846 2172 907 2226 id,
946 2173 1058 2225 quod
1097 2187 1291 2227 agemus,
1322 2186 1484 2213 accom-

145 2231 364 2272 modatam
385 2230 631 2285 deligamus.
678 2230 948 2272 Ornamentis
974 2230 1109 2272 isdem
1135 2231 1200 2272 uti
1225 2231 1312 2271 fere
1338 2229 1484 2270 licebit

146 2289 251 2330 alias
279 2289 522 2330 contentius
550 2289 654 2329 alias
683 2289 967 2343 summissius,
995 2289 1194 2343 omnique
1220 2288 1265 2329 in
1290 2303 1333 2328 re
1359 2301 1484 2342 posse
