1643 2526
179 112 267 153 334
751 110 944 146 ORATOR

179 207 236 248 sit
261 220 338 248 nec
358 220 515 261 vagum
539 208 696 261 tamen,
720 209 769 247 ut
792 206 959 261 ingredi
984 206 1129 261 libere,
1152 220 1241 247 non
1266 209 1313 248 ut
1338 206 1517 249 licenter

178 265 371 306 videatur
403 279 553 306 errare.
614 264 759 306 Verba
795 265 925 306 etiam
958 264 1096 306 verbis
1135 264 1257 318 quasi
1294 279 1516 321 coagmen-

178 326 269 364 tare
294 323 507 378 neglegat.
556 322 700 364 Habet
727 323 841 364 enim
864 323 937 364 ille
962 326 1169 377 tanquam
1192 323 1336 364 hiatus
1358 327 1400 365 et
1420 338 1518 365 con-

179 396 327 423 cursus
365 382 578 423 vocalium
615 382 743 422 molle
781 381 982 435 quiddam
1019 384 1062 422 et
1094 381 1207 434 quod
1239 381 1399 423 indicet
1429 397 1517 423 non

177 439 393 494 ingratam
423 440 739 495 neglegentiam
772 440 821 480 de
847 454 891 481 re
922 439 1108 480 hominis
1141 439 1279 494 magis
1311 455 1440 494 quam
1465 441 1515 482 de

109 508 151 539 78
178 498 318 539 verbis
350 498 600 539 laborantis.
651 497 733 539 Sed
765 498 845 539 erit
870 498 1098 539 videndum
1124 498 1174 538 de
1199 498 1388 552 reliquis,
1419 513 1516 540 cum

177 556 281 598 haec
302 557 384 597 duo
406 556 444 597 ei
463 556 665 597 liberiora
689 556 862 611 fuerint,
887 556 1088 597 circuitus
1116 556 1514 611 conglutinatioque

177 615 415 656 verborum.
477 615 557 656 Illa
601 614 715 656 enim
756 615 851 669 ipsa
891 617 1112 656 contracta
1150 617 1191 655 et
1227 614 1393 656 minuta
1428 630 1516 656 non

176 673 454 728 neglegenter
485 673 709 714 tractanda
741 676 853 728 sunt,
885 673 958 714 sed
989 673 1196 727 quaedam
1221 673 1347 714 etiam
1375 674 1516 728 negle-

178 731 323 786 gentia
361 734 425 772 est
464 731 656 786 diligens.
718 730 831 772 Nam
867 734 915 772 ut
953 731 1151 772 mulieres
1190 745 1281 772 esse
1317 732 1515 773 dicuntur

176 790 405 831 nonnullae
437 789 678 844 inornatae,
716 804 819 843 quas
857 789 900 830 id
936 789 1078 843 ipsum
1111 789 1275 844 deceat,
1312 790 1372 831 sic
1410 790 1515 832 haec

178 848 348 889 subtilis
383 848 519 889 oratio
551 847 680 889 etiam
705 848 925 902 incompta
950 848 1152 897 delectat3
1184 848 1234 888 fit
1259 848 1373 889 enim
1399 848 1517 902 quid-

177 906 274 947 dam
304 906 349 946 in
381 909 576 960 utroque,
613 920 696 959 quo
730 906 786 947 sit
818 906 1050 959 venustius,
1091 906 1163 946 sed
1193 920 1280 947 non
1310 909 1359 947 ut
1392 921 1516 961 appa-

176 967 278 1005 reat.
340 964 449 1005 Tum
480 964 768 1005 removebitur
800 964 937 1005 omnis
968 964 1152 1018 insignis
1186 967 1360 1005 ornatus
1393 965 1516 1019 quasi

176 1023 527 1077 margaritarum,
576 1038 628 1063 ne
680 1023 912 1064 calamistri
962 1023 1133 1077 quidem
1182 1023 1514 1077 adhibebuntur3

108 1091 148 1122 79
175 1081 310 1122 fucati
352 1095 452 1122 vero
497 1081 806 1122 medicamenta
849 1081 1043 1122 candoris
1084 1084 1127 1121 et
1166 1081 1334 1122 ruboris
1373 1081 1515 1122 omnia

175 1140 451 1194 repellentur3
501 1139 714 1194 elegantia
757 1139 882 1180 modo
927 1142 970 1180 et
1013 1139 1222 1180 mimditia
1264 1139 1513 1181 remanebit.

177 1196 325 1239 Sermo
351 1213 481 1252 purus
509 1198 589 1238 erit
616 1201 658 1238 et
678 1197 872 1252 Latinus,
897 1197 1078 1238 dilucide
1103 1197 1312 1251 planeque
1339 1198 1516 1252 dicetur,

106 1256 161 1296 24
177 1256 278 1310 quid
309 1256 455 1297 deceat
488 1256 872 1311 circumspicietur3
902 1270 1035 1296 unum
1067 1255 1216 1308 aberit,
1247 1256 1361 1309 quod
1393 1270 1514 1309 quar-

176 1317 268 1354 tum
299 1317 496 1356 numerat
526 1314 846 1368 Theophrastus
878 1314 924 1355 in
956 1314 1162 1355 orationis
1193 1314 1408 1355 laudibus:
1450 1328 1515 1355 or-

174 1375 325 1413 natum
367 1372 491 1426 illud,
541 1387 668 1413 suave
716 1376 758 1414 et
802 1373 973 1413 afluens.
1048 1372 1212 1413 Acutae
1257 1373 1512 1426 crebraeque

176 1431 410 1472 sententiae
448 1434 661 1485 ponentur
692 1434 734 1472 et
763 1431 907 1472 nescio
946 1431 1056 1471 unde
1089 1445 1139 1472 ex
1171 1430 1317 1471 abdito
1350 1434 1513 1486 erutae3

175 1504 223 1530 ac
238 1514 294 1518 --
309 1490 422 1543 quod
436 1490 481 1529 in
493 1490 574 1530 hoc
596 1492 764 1530 oratore
779 1489 1069 1530 dominabitur
1085 1513 1141 1518 —-
1156 1489 1416 1530 verecundus
1432 1489 1513 1530 erit

105 1557 149 1588 80
176 1562 279 1588 usus
313 1548 524 1589 oratoriae
563 1548 685 1601 quasi
724 1547 1010 1602 supellectilis.
1074 1546 1271 1601 Supellex
1303 1550 1368 1588 est
1399 1547 1512 1588 enim

175 1606 360 1659 quodam
374 1606 500 1646 modo
519 1610 679 1660 nostra,
694 1621 801 1659 quae
822 1609 887 1646 est
905 1606 950 1646 in
971 1605 1244 1659 ornamentis,
1268 1605 1352 1646 alia
1370 1620 1512 1646 rerum

175 1664 259 1705 alia
277 1664 516 1704 verborum.
567 1663 752 1704 Ornatus
780 1667 923 1705 autem
948 1664 1176 1705 verborum
1202 1663 1372 1717 duplex:
1401 1678 1510 1704 unus

175 1721 451 1775 simplicium,
491 1722 598 1762 alter
630 1722 946 1763 collocatorum.
1011 1721 1198 1775 Simplex
1228 1721 1435 1775 probatur
1466 1722 1512 1762 in

172 1779 358 1834 propriis
390 1780 647 1834 usitatisque
676 1780 829 1833 verbis,
861 1780 973 1833 quod
1000 1783 1074 1820 aut
1101 1779 1260 1833 optime
1288 1783 1412 1820 sonat
1437 1783 1512 1820 aut

173 1853 263 1879 rem
283 1838 465 1879 maxime
486 1838 701 1892 explanat3
726 1838 772 1878 in
795 1838 944 1878 alienis
965 1840 1038 1878 aut
1058 1837 1316 1878 translatum
1336 1841 1409 1878 aut
1428 1837 1512 1879 fac-

1534 749 1569 774 10

1535 1040 1568 1066 15

1532 1333 1566 1357 20

1531 1622 1564 1648 25

174 1900 267 1937 tum
285 1896 452 1937 aliunde
472 1899 520 1937 ut
539 1899 689 1937 mutuo
705 1898 778 1937 aut
798 1896 959 1937 factum
980 1897 1032 1937 ab
1051 1895 1145 1950 ipso
1167 1899 1240 1937 aut
1258 1910 1417 1937 novum
1437 1899 1511 1937 aut
1529 1913 1564 1939 30

172 1954 360 2008 priscum
393 1958 435 1995 et
466 1955 737 2009 inusitatum3
782 1955 855 1995 sed
892 1954 1022 1995 etiam
1052 1954 1260 1995 inusitata
1292 1969 1340 1995 ac
1370 1954 1512 2008 prisca

103 2022 146 2053 81
174 2015 274 2053 sunt
310 2013 356 2053 in
392 2013 596 2067 propriis,
637 2012 721 2054 nisi
760 2013 874 2067 quod
915 2027 1012 2053 raro
1050 2012 1220 2053 utimur.
1290 2010 1511 2053 Collocata

174 2074 317 2111 autem
349 2071 476 2112 verba
507 2071 667 2112 habent
699 2074 908 2125 ornatum,
949 2071 984 2112 si
1017 2070 1177 2125 aliquid
1208 2070 1508 2112 concinnitatis

174 2129 382 2182 efficiunt,
427 2129 540 2182 quod
579 2129 719 2170 verbis
764 2129 940 2170 mutatis
981 2142 1067 2169 non
1104 2131 1274 2170 maneat
1312 2131 1509 2169 manente

174 2187 403 2242 sententia3
445 2202 545 2228 nam
577 2187 887 2228 sententiarum
918 2190 1179 2242 ornamenta,
1211 2201 1316 2241 quae
1348 2201 1509 2240 perma-
1528 2202 1562 2228 35

172 2249 287 2300 nent,
319 2245 448 2286 etiam
480 2246 516 2286 si
547 2246 676 2287 verba
706 2246 950 2300 mutaveris,
982 2249 1080 2287 sunt
1111 2245 1186 2287 illa
1218 2245 1387 2299 quidem
1417 2259 1509 2299 per-

172 2304 320 2359 multa,
352 2304 425 2346 sed
456 2318 564 2358 quae
597 2304 810 2345 emineant
841 2304 1053 2359 pauciora.
