1643 2526
571 101 671 137 CAP.
699 105 756 136 3*
770 105 802 136 4.
852 104 871 143 g
898 103 1023 135 6—13.
1388 98 1472 140 391

137 198 312 254 exposui
337 198 546 253 locorum,
577 197 622 238 in
647 196 821 238 definita
841 199 985 236 autem
1012 194 1251 236 adhibenda
1276 197 1376 235 sunt
1401 193 1475 234 illa

138 258 284 312 etiam,
322 271 427 310 quae
467 256 521 297 ad
556 258 699 296 motus
738 255 977 296 animorum
1014 253 1241 308 pertinent.
1304 252 1348 294 C.
1381 251 1474 300 Quo

137 316 262 357 modo
295 315 429 370 igitur
459 314 544 356 ista
576 313 790 368 explicas?
822 312 867 353 P.
901 312 1051 353 Habeo
1085 311 1328 353 communia
1359 325 1476 365 prae-

138 377 261 428 cepta
297 374 424 415 fidem
459 372 642 414 faciendi
680 375 722 413 et
759 371 1064 413 commovendi.
1126 369 1337 418 Quoniam
1371 369 1474 410 fides

103 450 118 474 5
138 436 203 473 est
234 432 358 472 firma
390 431 546 486 opinio,
576 433 719 472 motus
752 433 895 471 autem
927 429 1057 470 animi
1089 428 1284 469 incitatio
1318 431 1391 468 aut
1425 427 1477 468 ad

85 743 118 766 10

87 1324 120 1348 20

87 1615 120 1640 25

90 1907 124 1932 30

137 491 404 544 voluptatem
424 493 495 531 aut
517 490 569 531 ad
588 489 830 530 molestiam
850 492 923 529 aut
943 488 995 529 ad
1022 487 1301 541 cupiditatem
1327 489 1400 528 aut
1423 486 1476 526 ad

137 553 299 590 metum
325 573 382 577 ——
407 552 474 589 tot
499 551 598 589 sunt
624 547 736 588 enim
763 547 942 599 [motus]
971 560 1139 601 genera,
1163 549 1305 599 partes
1332 545 1475 599 plures

139 622 342 663 generum
364 607 628 662 singulorum
645 631 711 660 -—,
732 620 901 646 omnem
922 604 1261 646 conlocationem
1277 604 1328 644 ad
1348 604 1476 643 finem

138 665 412 707 accommodo
428 665 699 718 quaestionis.
731 663 844 705 Nam
858 666 923 705 est
942 663 988 703 in
1006 662 1229 717 proposito
1249 662 1346 702 finis
1360 662 1477 715 fides,

137 724 182 764 in
203 739 330 765 causa
351 726 428 775 [et]
449 724 552 764 fides
573 726 614 764 et
634 726 786 764 motus.
826 721 964 770 Quare
985 737 1080 762 cum
1102 721 1151 761 de
1172 735 1300 762 causa
1320 720 1477 773 dixero,

137 782 181 823 in
214 797 297 836 quo
330 782 442 822 inest
472 781 753 836 propositum,
784 781 834 821 de
866 784 1046 833 utroque
1079 779 1234 820 dixero.
1291 778 1334 820 C.
1367 777 1478 826 Quid

137 841 269 881 habes
301 840 436 895 igitur
467 841 516 881 de
549 854 676 881 causa
708 839 875 880 dicere?
916 838 961 879 P.
992 838 1252 879 Auditorum
1284 852 1377 878 eam
1411 851 1478 891 ge·
1505 847 1547 877 10

137 913 237 940 nere
276 898 494 953 distingui.
555 897 668 939 Nam
712 901 785 938 aut
829 897 1093 938 auscultator
1132 896 1257 937 modo
1299 898 1364 936 est
1405 895 1478 948 qui

139 957 257 998 audit
295 960 368 998 aut
407 957 684 1011 disceptator,
722 956 766 996 id
797 959 862 996 est
893 955 955 996 rei
988 954 1307 1008 sententiaeque
1339 954 1479 994 mode-

106 1034 118 1057 z
139 1019 273 1070 rator3
316 1016 379 1056 ita
411 1018 485 1056 aut
516 1018 565 1055 ut
597 1014 828 1056 delectetur
865 1014 938 1067 qui
976 1013 1093 1054 audit
1131 1015 1205 1053 aut
1236 1016 1284 1053 ut
1316 1014 1478 1052 statuat

139 1074 311 1127 aliquid.
374 1072 536 1114 Statuit
574 1076 716 1114 autem
758 1075 832 1113 aut
869 1073 918 1113 de
955 1071 1216 1126 praeteritis,
1255 1074 1303 1111 ut
1341 1070 1480 1123 iudex,

138 1135 212 1173 aut
244 1133 293 1173 de
325 1131 494 1186 futuris,
525 1134 572 1172 ut
606 1134 794 1184 senator3
827 1130 885 1171 sic
912 1131 996 1171 tria
1021 1131 1125 1171 haec
1153 1144 1308 1185 genera
1333 1128 1479 1169 iudicii

138 1190 458 1231 deliberationis
497 1189 804 1243 exornationis,
849 1203 955 1242 quae
994 1188 1093 1242 quia
1130 1188 1175 1228 in
1211 1187 1478 1228 laudationes
1507 1205 1514 1208 ·

139 1249 322 1290 maxime
354 1248 611 1302 conferatur,
642 1247 863 1302 proprium
892 1247 979 1288 iam
1004 1247 1135 1287 habet
1161 1261 1212 1286 ex
1237 1260 1285 1286 eo
1312 1259 1478 1286 nomen.

141 1306 184 1348 C.
225 1307 339 1355 Quas
377 1321 444 1347 res
483 1306 565 1346 sibi
609 1305 812 1360 proponit
848 1305 894 1345 in
934 1305 1029 1346 istis
1071 1305 1210 1345 tribus
1253 1304 1479 1358 generibus
1505 1281 1534 1321 4

142 1365 314 1406 orator?
363 1364 409 1405 P.
446 1364 789 1405 Delectationem
826 1363 870 1403 in
908 1363 1202 1416 exornatione,
1241 1362 1286 1402 in
1322 1361 1479 1402 iudicio
1508 1350 1549 1379 ¹¹

141 1427 214 1464 aut
248 1423 471 1464 saevitiam
504 1425 578 1463 aut
610 1421 880 1463 clementiam
911 1421 1076 1474 iudicis,
1106 1422 1151 1461 in
1183 1420 1380 1461 suasione
1407 1422 1481 1460 aut

141 1497 260 1536 spem
287 1485 359 1522 aut
385 1480 778 1522 reformidationem
810 1479 1096 1520 deliberantis.
1159 1477 1203 1519 C.
1237 1477 1322 1519 Cur
1347 1478 1482 1532 igitur

140 1540 221 1581 hoc
257 1540 352 1580 loco
392 1539 567 1594 exponis
607 1553 762 1594 genera
799 1538 1051 1579 causarum?
1100 1537 1146 1578 P.
1178 1536 1238 1577 Ut
1270 1537 1482 1577 rationem

142 1598 377 1639 collocandi
410 1599 462 1638 ad
492 1598 621 1638 finem
660 1597 863 1650 cuiusque
902 1596 1229 1638 accommodem.
1291 1593 1335 1635 C.
1369 1594 1481 1642 Quo-
1510 1605 1551 1635 12

141 1672 240 1698 nam
279 1656 451 1697 tandem
493 1655 650 1697 modo‘?
699 1655 745 1696 P.
778 1654 904 1709 Quia,
942 1655 1096 1708 quibus
1134 1654 1178 1694 in
1215 1653 1482 1694 orationibus

142 1715 368 1756 delectatio
394 1714 490 1755 finis
518 1718 595 1767 est,
625 1713 732 1755 varii
759 1716 859 1754 sunt
885 1713 1052 1754 ordines
1079 1712 1325 1754 collocandi.
1370 1710 1483 1752 Nam

143 1776 217 1814 aut
253 1776 495 1827 temporum
533 1775 757 1813 servantur
795 1772 952 1827 gradus
990 1774 1063 1812 aut
1102 1785 1306 1826 generum
1344 1769 1484 1811 distri-

143 1831 358 1884 butiones3
400 1834 474 1871 aut
506 1846 530 1872 a
561 1830 798 1871 minoribus
832 1831 884 1870 ad
915 1830 1079 1870 maiora
1111 1828 1377 1870 ascendimus
1410 1830 1484 1868 aut

145 1904 169 1930 a
200 1889 433 1929 maioribus
467 1889 519 1929 ad
550 1888 717 1928 minora
749 1888 1002 1942 delabimur,
1046 1890 1120 1928 aut
1150 1887 1254 1927 haec
1286 1886 1485 1939 inaequa-

143 1947 221 1988 bili
241 1947 448 1987 varietate
469 1946 786 2001 distinguimus,
812 1961 908 1987 cum
933 1960 1063 2000 parva
1082 1945 1251 2000 magnis
1272 1944 1485 1997 simplicia

144 2004 382 2046 coniunctis
411 2004 591 2045 obscura
617 2004 812 2045 dilucidis
844 2003 957 2044 laeta
988 2003 1186 2044 tristibus
1217 2002 1485 2044 incredibilia

143 2063 439 2117 probabilibus
470 2062 719 2115 inteximus,
760 2077 866 2115 quae
898 2062 944 2102 in
975 2062 1295 2102 exornationem
1329 2061 1485 2102 cadunt

145 2121 298 2162 omnia.
343 2119 387 2161 C.
416 2120 539 2174 Quid,
557 2121 603 2161 in
622 2120 928 2162 deliberatione
950 2120 1051 2173 quid
1072 2119 1267 2174 spectas?
1300 2118 1346 2159 P.
1366 2118 1485 2158 Prin·
1514 2128 1553 2157 13

109 2198 124 2220 5
145 2179 256 2233 cipia
293 2179 359 2219 vel
396 2192 483 2219 non
519 2178 649 2232 longa
687 2178 754 2219 vel
792 2193 915 2232 saepe
953 2178 1081 2219 nulla.
1145 2177 1253 2219 Sunt
1288 2176 1400 2217 enim
1433 2176 1486 2216 ad

145 2237 399 2278 audiendum
432 2236 504 2290 qui
536 2236 773 2277 deliberant
800 2251 877 2277 sua
903 2251 1030 2277 causa
1060 2236 1212 2290 parati.
1264 2234 1355 2275 Nec
1381 2233 1486 2273 mul-

144 2298 237 2336 tum
270 2309 369 2335 sane
406 2308 530 2347 saepe
568 2294 826 2335 narrandum
860 2295 974 2346 [est]
1036 2294 1118 2335 Est
1150 2293 1262 2334 enim
1293 2291 1483 2332 narratio
