1643 2526
71 738 103 762 10

70 1322 103 1346 20

72 1611 105 1638 25

73 1905 106 1929 30

537 100 637 136 CAP.
665 103 813 136 10-11.
851 103 870 142 s
897 103 1047 136 36—44.
1375 101 1458 142 233

120 209 208 236 non
237 194 351 236 infra
383 195 646 249 superiorem
669 194 917 250 Lycurgum
942 195 1038 250 fuit,
1070 211 1095 237 a
1127 210 1210 250 quo
1243 198 1309 237 est
1341 195 1462 237 disci-

120 253 238 308 plina
262 253 697 295 Lacedaemoniorum
723 254 901 295 astricta
930 253 1109 307 legibus.
1162 253 1243 296 Sed
1270 254 1460 295 studium
1487 265 1530 295 41

121 312 211 353 eius
256 311 422 367 generis
466 312 686 366 maiorque
729 312 793 353 vis
839 313 1087 368 agnoscitur
1129 313 1175 353 in
1217 312 1459 354 Pisistrato.

121 370 314 424 Denique
341 370 454 411 hunc
479 371 675 425 proximo
703 371 872 412 saeculo
899 371 1210 413 Themistocles
1241 371 1460 413 insecutus

121 432 205 483 est,
241 432 289 469 ut
327 429 439 483 apud
470 444 566 483 nos,
606 429 906 484 perantiquus,
942 433 990 471 ut
1021 430 1133 485 apud
1165 429 1461 485 Athenienses,

120 502 207 528 non
236 487 300 528 ita
332 502 432 528 sane
464 491 597 529 vetus.
659 488 761 530 Fuit
785 488 899 529 9111111
924 492 1132 544 regnante
1156 488 1243 529 iam
1271 487 1461 542 Graecia,

120 549 270 587 nostra
301 549 445 587 autem
477 545 649 587 civitate
680 561 768 588 non
798 546 860 588 ita
891 547 1054 601 pridem
1088 547 1309 589 dominatu
1340 547 1459 602 regio

120 605 313 645 liberata.
374 603 486 646 Nam
518 605 678 646 bellum
705 604 963 647 Volscorum
994 606 1100 646 illud
1132 605 1460 661 gravissumum,

122 663 190 704 cui
216 661 468 704 Coriolanus
502 663 599 704 exul
628 663 838 719 inteifuit,
869 665 1018 706 eodem
1043 664 1131 705 fere
1157 668 1349 718 tempore
1376 678 1460 729 quo

122 721 349 763 Persarum
380 721 540 762 bellum
571 722 665 776 fuit,
698 722 933 776 similisque
965 723 1139 764 fortuna
1165 723 1378 764 clarorum
1404 722 1462 763 vi-

121 794 284 835 rorum3
323 780 358 821 si
391 780 560 834 quidem
591 784 769 846 uterque
802 796 899 822 cum
931 781 1035 822 civis
1068 781 1265 836 egregius
1297 781 1462 833 fuisset,
1488 791 1532 820 42

120 839 269 893 populi
311 838 472 893 ingrati
514 840 663 893 pulsus
706 839 863 880 iniuria
907 854 951 881 89
995 840 1047 881 ad
1090 840 1235 881 hostes
1278 839 1462 881 contulit

122 900 408 950 conatumque
439 897 682 939 iracundiae
714 913 814 939 suae
846 901 983 939 morte
1011 898 1184 939 sedavit.
1234 896 1348 939 Nam
1380 898 1461 938 etsi

123 956 246 997 aliter
273 956 384 1010 apud
409 958 451 996 te
479 959 556 1010 est,
580 955 738 1010 Attice,
767 957 815 997 de
843 955 1084 1011 Coriolano,
1110 957 1291 998 concede
1317 959 1461 997 tamen

88 1030 102 1055 5
122 1017 170 1055 ut
194 1013 293 1055 huic
321 1014 465 1069 generi
491 1014 642 1055 mortis
674 1014 818 1068 potius
845 1015 1070 1056 adsentiar.
1119 1015 1180 1056 At
1204 1015 1276 1055 ille
1302 1015 1460 1055 ridens:
1480 1014 1530 1054 11

121 1072 212 1113 Tuo
244 1087 363 1126 vero,
393 1072 552 1126 inquit,
585 1072 814 1127 arbitratu3
860 1074 1061 1126 quoniam
1094 1073 1263 1127 quidem
1296 1088 1463 1114 conces-

123 1146 217 1171 sum
260 1133 326 1172 est
365 1130 609 1172 rhetoribus
647 1131 844 1172 ementiri
880 1131 925 1172 in
962 1131 1173 1186 historiis,
1217 1135 1265 1173 ut
1302 1132 1463 1185 aliquid

123 1189 259 1230 dicere
296 1189 464 1243 possint
502 1189 708 1244 argutius.
771 1190 831 1231 Ut
863 1190 976 1231 enim
1014 1194 1062 1231 tu
1092 1205 1205 1231 nunc
1237 1191 1286 1231 de
1320 1188 1464 1231 Corio·
1500 1205 1508 1207 ⁴

122 1248 233 1302 lano,
252 1247 312 1289 sic
333 1247 586 1302 Clitarchus,
610 1248 669 1289 810
691 1247 924 1290 Stratocles
945 1249 994 1290 de
1014 1249 1301 1290 Themistocle
1326 1249 1461 1290 finxit.

123 1305 236 1346 Nam
280 1320 406 1359 quem
446 1305 732 1361 Thucydides,
776 1307 848 1360 qui
889 1310 932 1348 et
970 1307 1244 1348 Atheniensis
1288 1310 1379 1348 erat
1420 1310 1462 1348 et
1488 1316 1532 1346 43

124 1378 289 1405 summo
334 1364 428 1405 loco
472 1367 598 1405 natus
644 1379 917 1418 summusque
959 1366 1024 1406 vir
1064 1368 1106 1406 et
1149 1366 1277 1420 paulo
1323 1369 1461 1406 aetate

122 1422 346 1476 posterior,
370 1425 540 1463 tantum
565 1423 714 1463 morbo
741 1426 958 1464 mortuum
985 1423 1157 1477 scripsit
1183 1427 1225 1464 et
1249 1423 1295 1464 in
1314 1423 1464 1465 Attica

125 1481 234 1522 clam
264 1480 500 1534 humatum,
531 1481 693 1522 addidit
720 1481 851 1522 fuisse
879 1482 1166 1536 suspicionem
1191 1496 1352 1523 veneno
1380 1482 1463 1522 sibi

125 1539 380 1580 conscivisse
413 1542 612 1580 mortem:
644 1539 757 1581 hunc
788 1540 861 1581 isti
895 1540 1026 1595 aiunt,
1058 1555 1153 1582 cum
1185 1543 1357 1581 taurum
1388 1540 1463 1581 im-

124 1597 388 1651 molavisset,
437 1598 651 1652 excepisse
695 1598 947 1653 sanguinem
989 1602 1138 1653 patera
1179 1602 1222 1639 et
1267 1613 1315 1639 eo
1360 1602 1462 1651 poto

123 1659 340 1697 mortuum
383 1655 630 1697 concidisse.
697 1656 819 1698 Hanc
863 1656 975 1698 enim
1019 1660 1201 1698 mortem
1251 1657 1463 1698 rhetorice

125 1717 167 1755 et
191 1714 353 1769 tragice
381 1728 530 1756 ornare
561 1718 805 1769 potuerunt,
835 1715 910 1756 illa
941 1730 1055 1756 mors
1088 1715 1276 1771 volgaris
1301 1716 1464 1756 nullam

124 1772 357 1826 praebebat
388 1773 609 1814 materiem
640 1774 692 1814 ad
723 1776 931 1815 ornatum.
979 1773 1116 1823 Quare
1149 1774 1351 1827 quoniam
1382 1774 1464 1815 tibi

123 1830 187 1871 ita
219 1831 411 1885 quadrat,
448 1831 590 1873 omnia
621 1831 752 1873 fuisse
784 1832 1063 1873 Themistocli
1094 1832 1214 1886 paria
1245 1836 1288 1873 et
1319 1830 1463 1873 Corio-

124 1888 236 1941 lano,
260 1892 454 1942 pateram
474 1904 641 1943 quoque
662 1905 686 1931 a
706 1905 772 1931 me
794 1905 936 1931 sumas
955 1890 1069 1943 licet,
1093 1891 1306 1945 praebebo
1334 1890 1463 1931 etiam

123 1946 324 2001 hostiam,
343 1950 391 1988 ut
411 1945 661 1989 Coriolanus
683 1948 740 1989 sit
758 1948 882 2003 plane
903 1949 1012 1990 alter
1031 1948 1352 1990 Themistocles.
1395 1947 1461 1990 Sit
1488 1959 1532 1989 44

125 2021 236 2060 sane,
262 2006 448 2060 inquam,
473 2009 522 2047 ut
546 2006 677 2060 lubet,
706 2007 756 2048 de
781 2006 884 2059 isto3
916 2010 958 2047 et
987 2020 1065 2060 ego
1094 2005 1257 2047 cautius
1285 2004 1465 2059 posthac

123 2064 350 2106 historiam
381 2064 601 2119 adtingam
624 2068 667 2106 te
693 2064 906 2119 audiente,
936 2079 1062 2119 quem
1088 2078 1231 2105 rerum
1255 2063 1465 2105 Romana-

124 2138 220 2164 rum
239 2126 456 2164 auctorem
475 2123 647 2164 laudare
663 2138 838 2178 possum
855 2121 1237 2178 religiosissimum.
1272 2120 1354 2163 Sed
1373 2124 1466 2162 tum

75 2196 108 2223 35
127 2182 215 2223 fere
239 2181 424 2222 Pericles
450 2181 686 2237 Xanthippi
710 2183 836 2237 filius,
867 2183 917 2229 de
943 2197 1026 2236 quo
1053 2185 1151 2223 ante
1177 2182 1277 2236 dixi,
1301 2182 1465 2236 primus

129 2240 324 2280 adhibuit
354 2240 610 2293 doctrinam,
653 2255 758 2294 quae
797 2255 1055 2294 quamquam
1092 2243 1185 2281 tum
1221 2240 1340 2280 nulla
1373 2243 1464 2280 erat

129 2298 306 2352 dicendi,
337 2301 480 2338 tamen
512 2298 565 2338 ab
593 2298 849 2353 Anaxagora
880 2299 1057 2353 physico
1090 2298 1278 2339 eruditus
1312 2297 1465 2338 exerci—
