1643 2526
112 213 178 246 189

184 110 205 149 1
213 109 235 149 l
242 110 268 150 4
694 107 757 141 DE
785 106 1008 143 ORATORE

298 202 448 256 Neque
469 203 563 244 fieri
587 205 743 257 potest,
767 205 816 243 ut
835 203 977 243 doleat
995 202 1032 242 is
1054 200 1127 256 qui
1146 200 1278 255 audit,
1303 203 1352 241 ut
1372 200 1522 253 oderit,

180 264 229 303 ut
258 261 466 315 invideat,
501 264 551 302 ut
581 261 855 315 pertimescat
886 260 1065 314 aliquid,
1103 261 1153 300 ut
1185 259 1237 299 ad
1267 258 1417 299 fletum
1447 258 1523 299 mi—

182 320 538 373 sericordiamque
571 319 816 373 deducatur,
845 319 929 359 nisi
961 332 1107 359 omnes
1139 316 1203 357 illi
1228 319 1384 370 motus,
1415 330 1522 371 quos

183 381 328 420 orator
360 377 560 418 adhibere
591 377 706 418 volet
736 377 886 431 iudici,
921 376 967 417 in
997 376 1092 430 ipso
1126 378 1294 416 oratore
1325 374 1523 428 impressi

183 451 274 477 esse
317 439 442 489 atque
485 435 619 476 inusti
662 435 929 476 videbuntur.
992 433 1114 482 Quod
1152 433 1188 474 si
1225 433 1351 474 fictus
1390 432 1522 487 aliqui

184 494 304 535 dolor
336 493 630 547 suscipiendus
657 496 769 534 esset
796 496 837 534 et
864 493 900 533 si
925 493 971 533 in
995 492 1085 533 eius
1111 491 1227 532 modi
1253 505 1406 545 genere
1434 505 1524 531 ora-

183 552 314 593 tionis
351 552 460 592 1111111
497 554 609 592 esset
646 551 730 592 nisi
766 551 922 592 falsum
961 553 1086 604 atque
1123 549 1365 590 imitatione
1398 549 1525 589 simu-

183 610 331 663 latum,
350 610 486 651 maior
507 624 574 650 ars
595 609 739 663 aliqua
758 609 941 649 forsitan
960 612 1072 649 esset
1091 607 1354 661 requirenda.
1397 606 1524 648 Nunc
1583 643 1587 646 ⁴

184 682 264 723 ego
299 668 399 722 quid
430 668 523 722 tibi,
561 667 724 721 Crasse,
756 667 856 720 quid
888 667 1039 708 ceteris
1072 665 1236 707 accidat
1266 665 1429 720 nesci03
1473 665 1522 705 de

184 741 251 767 me
283 729 427 767 autem
462 740 589 767 causa
625 725 743 765 nulla
775 728 840 766 est
872 739 945 766 cur
977 724 1089 778 apud
1118 723 1313 764 homines
1345 723 1524 776 pruden-

184 784 374 825 tissimos
414 787 541 837 atque
580 783 861 824 amicissimos
899 783 1092 823 mentiar.
1153 781 1253 822 Non
1284 781 1522 822 mehercule

185 857 387 896 umquam
413 842 524 895 apud
549 841 708 882 iudices
737 843 845 893 [aut]
874 841 1063 881 dolorem
1090 843 1163 881 aut
1188 839 1524 880 misericordiam

186 904 259 941 aut
295 900 500 940 invidiam
537 902 611 940 aut
650 899 793 939 odium
832 898 1008 939 dicendo
1047 898 1230 938 excitare
1267 897 1383 938 volui
1421 897 1525 951 quin

184 958 275 1012 ipse
306 958 352 998 in
383 957 697 999 commovendis
734 957 946 998 iudicibus
982 956 1050 997 his
1081 956 1186 1010 ipsis
1220 956 1434 1009 sensibus,
1472 955 1525 996 ad

117 1026 292 1070 190quos
336 1016 433 1056 illos
477 1016 682 1056 adducere
719 1015 888 1069 vellem,
930 1028 1209 1068 permoverer.
1270 1012 1418 1067 Neque
1459 1016 1525 1054 est

115 1631 173 1672 46

186 1074 299 1115 enim
324 1074 447 1115 facile
473 1074 685 1128 perficere,
711 1075 759 1113 ut
784 1073 994 1113 irascatur
1018 1072 1056 1113 ei
1076 1072 1175 1126 quoi
1196 1075 1244 1112 tu
1262 1071 1368 1112 velis
1387 1071 1526 1125 iudex,

186 1132 223 1173 si
248 1135 296 1172 tu
320 1132 412 1186 ipse
436 1131 481 1172 id
511 1132 623 1172 lente
655 1131 764 1172 ferre
796 1131 981 1184 videare3
1012 1144 1147 1183 neque
1179 1133 1228 1170 ut
1260 1129 1396 1170 oderit
1428 1143 1525 1170 eum

187 1204 312 1244 quem
349 1192 397 1230 tu
433 1189 556 1243 velis,
598 1189 682 1229 nisi
725 1192 767 1229 te
805 1189 946 1243 ipsum
990 1188 1243 1242 flagrantem
1288 1187 1384 1228 odio
1427 1190 1524 1228 ante

186 1248 355 1299 viderit3
398 1262 534 1301 neque
567 1247 619 1288 ad
651 1247 985 1288 misericordiam
1017 1247 1260 1299 adducetur,
1291 1245 1374 1286 nisi
1405 1248 1454 1286 tu
1487 1245 1524 1286 ei

187 1306 311 1361 signa
353 1306 511 1346 doloris
554 1305 618 1346 tui
661 1305 801 1345 verbis
853 1304 1076 1345 sententiis
1119 1318 1221 1345 voce
1264 1303 1385 1344 voltu
1429 1317 1524 1344 con-

185 1364 492 1405 lacrumatione
531 1363 710 1416 denique
749 1363 995 1403 ostenderis.
1055 1361 1116 1403 Ut
1147 1362 1261 1403 enim
1290 1361 1410 1402 nulla
1439 1376 1525 1402 ma-

186 1422 314 1463 teries
358 1425 448 1462 tam
490 1421 627 1462 facilis
672 1421 725 1462 ad
768 1421 1124 1462 exardescendum
1168 1423 1251 1474 est,
1294 1433 1400 1473 quae
1440 1419 1524 1460 nisi

187 1480 359 1522 admoto
395 1480 487 1534 igni
522 1479 666 1534 ignem
698 1479 918 1532 concipere
955 1479 1111 1532 possit,
1155 1478 1214 1519 sic
1251 1478 1369 1518 nulla
1406 1492 1524 1518 mens

187 1541 252 1579 est
290 1541 379 1579 tam
417 1538 469 1578 ad
507 1537 942 1601 comprehendendam
982 1537 1069 1577 vim
1113 1535 1318 1577 orationis
1362 1538 1525 1589 parata,

188 1611 294 1650 quae
325 1595 464 1650 possit
494 1595 681 1649 incendi,
717 1595 800 1635 nisi
830 1595 921 1648 ipse
952 1594 1241 1634 inflammatus
1274 1593 1326 1633 ad
1357 1607 1450 1633 eam
1482 1596 1524 1634 et

189 1655 338 1695 ardens
371 1653 609 1694 accesseris.
669 1652 732 1693 Αο
763 1667 815 1693 ne
846 1652 927 1693 hoc
958 1652 1069 1692 forte
1098 1665 1300 1705 magnum
1327 1665 1374 1692 ac
1401 1651 1525 1692 mira-

120 1700 406 1752 191bile-esse
450 1711 659 1764 videatur,
701 1710 918 1750 hominem
966 1710 1124 1750 totiens
1175 1709 1321 1763 irasci,
1365 1709 1523 1750 totiens

188 1770 341 1823 dolere,
372 1769 530 1810 totiens
564 1744 679 1809 omiii
710 1770 831 1808 motu
863 1767 993 1808 animi
1025 1766 1242 1820 concitari,
1271 1767 1523 1820 praesertim

187 1828 233 1868 in
263 1803 390 1868 relius
428 1826 596 1881 alienis,
638 1840 794 1880 magna
829 1826 893 1866 vis
931 1828 996 1866 est
1033 1840 1178 1866 earum
1215 1825 1523 1866 sententiarum

190 1889 316 1939 atque
354 1899 499 1926 eorum
534 1885 746 1937 locorum,
782 1897 888 1937 quae
928 1897 1029 1938 agas
1060 1886 1302 1936 tractesque
1335 1883 1524 1937 dicendo,

187 1943 296 1984 1111111
325 1946 373 1983 ut
407 1957 512 1996 opus
551 1942 607 1983 sit
646 1941 915 1982 simulatione
948 1946 990 1982 et
1020 1941 1213 1981 fallaciis.
1273 1940 1374 1995 Ipsa
1410 1940 1523 1982 enim

187 2004 342 2042 natura
374 2000 580 2041 orationis
607 2000 711 2054 eius,
742 2014 848 2053 quae
880 1999 1110 2064 suscipitur
1142 1999 1194 2039 ad
1226 1999 1407 2040 aliorum
1438 1998 1524 2039 ani-

188 2073 280 2100 mos
311 2059 631 2112 permovendos,
663 2061 875 2098 oratorem
904 2057 1046 2110 ipsum
1071 2057 1207 2111 magis
1235 2057 1365 2098 etiam
1396 2071 1523 2110 quam

119 2128 444 2182 192quemquam
481 2130 627 2156 eorum
665 2115 736 2181 qui
768 2115 945 2156 audiunt
976 2118 1206 2169 permovet.
1267 2115 1326 2155 Et
1356 2129 1409 2155 ne
1440 2115 1521 2155 hoc

187 2175 232 2215 in
252 2174 403 2228 causis,
432 2174 477 2214 in
502 2174 682 2228 iudiciis,
706 2174 752 2214 in
777 2173 1010 2222 amicorum
1035 2173 1218 2227 periclis,
1243 2173 1288 2213 in
1313 2186 1428 2214 conc·
1423 2187 1522 2213 1rsu
1541 2189 1576 2215 35

187 2232 420 2284 hominum,
451 2232 496 2272 in
522 2231 706 2286 civitate,
736 2231 781 2272 in
812 2232 905 2272 foro
933 2231 1121 2272 accidere
1148 2231 1363 2285 miremur,
1393 2244 1522 2283 quom

188 2291 331 2346 agitur
361 2304 448 2331 non
479 2289 618 2331 solum
647 2289 792 2344 ingeni
822 2289 960 2330 nostri
990 2289 1249 2330 existimatio
1279 2313 1326 2318 —
1355 2302 1455 2329 nam
1479 2288 1523 2328 id

1541 449 1558 474 5

1543 739 1577 764 10

1545 1029 1577 1054 15

1544 1320 1578 1345 20

1544 1610 1577 1636 25

1543 1901 1576 1926 30
