1643 2526
201 106 258 147 48
714 105 777 139 DE
807 103 1032 139 ORATORE

202 201 355 255 virum,
393 200 465 254 qui
496 197 683 254 primum
715 199 771 241 sit
803 200 892 241 eius
925 199 1030 241 artis
1063 198 1256 252 antistes,
1294 198 1413 240 cuius
1446 212 1544 240 cum

203 259 297 313 ipsa
327 262 483 299 natura
514 271 714 312 magnam
745 258 910 299 homini
940 257 1189 299 facultatem
1222 257 1360 311 daret,
1399 259 1544 297 tamen

204 318 234 370 †
255 332 346 358 esse
379 317 480 357 deus
512 319 705 370 putatur,
742 319 790 357 ut
821 316 865 357 id
895 316 1054 370 ipsum,
1089 315 1202 369 quod
1234 317 1326 356 erat
1356 314 1542 355 hominis

205 375 446 429 proprium,
481 389 568 415 non
599 377 770 429 partum
800 389 875 428 per
905 388 1002 428 nos,
1041 373 1113 414 sed
1146 373 1349 414 divinitus
1382 373 1434 413 ad
1464 386 1542 413 nos
1642 365 1643 429 l

207 433 396 474 delatum
420 433 652 487 videretur3
684 433 845 487 deinde,
871 432 942 486 qui
967 431 1105 486 possit
1135 446 1222 472 non
1247 434 1336 472 tam
1362 431 1544 472 caduceo
1563 446 1580 473 5
1642 434 1643 497 l

208 506 336 545 quam
378 491 549 532 nomine
594 491 776 532 oratoris
827 493 1002 531 ornatus
1050 489 1277 531 incolumis
1320 489 1388 530 vel
1432 488 1545 529 inter

206 550 398 591 hostium
429 549 516 590 tela
546 549 724 603 versari3
758 552 863 603 tum,
895 548 967 602 qui
999 548 1136 589 scelus
1166 547 1443 601 fraudemque
1473 562 1546 588 110-

208 608 344 649 centis
369 607 508 662 possit
528 607 703 648 dicendo
731 607 922 648 subicere
950 606 1045 647 odio
1072 606 1227 647 civium
1254 604 1545 659 supplicioque

208 666 518 720 constringereg
566 665 762 718 idemque
805 665 965 719 ingenii
1005 664 1216 718 praesidio
1256 664 1546 705 innocentiam

209 724 463 765 iudiciorum
489 738 627 777 poena
651 724 849 777 liberare3
879 723 1074 776 idemque
1105 722 1380 776 languentem
1403 721 1546 762 laben—
1566 739 1600 763 10

207 785 377 836 temque
409 782 615 836 populum
648 784 721 822 aut
753 782 805 822 ad
837 782 961 822 decus
995 780 1178 821 excitare
1211 783 1285 821 aut
1317 780 1369 821 ab
1403 794 1544 820 errore

207 841 413 881 deducere
452 843 525 880 aut
563 839 828 880 inflammare
865 839 911 879 in
946 839 1165 892 improbos
1207 841 1280 878 aut
1318 837 1546 879 incitatum

207 898 253 938 in
278 899 414 939 bonos
440 898 658 952 mitigare3
690 898 762 950 qui
783 897 976 951 denique,
1002 911 1309 950 quemcumque
1329 896 1375 936 in
1394 896 1545 937 animis

208 956 432 997 hominum
464 959 629 997 motum
660 970 727 996 res
760 958 802 996 et
834 970 961 996 causa
992 954 1199 1009 postulet,
1237 968 1333 995 eum
1370 954 1545 995 dicendo

139 1015 275 1055 203vel
308 1015 491 1055 excitare
523 1014 661 1068 possit
692 1014 758 1054 vel
791 1013 946 1054 sedare.
1007 1013 1130 1053 Hanc
1161 1013 1247 1053 vim
1286 1012 1322 1053 31
1354 1012 1448 1066 quis
1481 1027 1547 1053 ex·
1566 1028 1599 1054 15

209 1073 374 1113 istimat
406 1075 480 1113 aut
512 1073 563 1112 ab
596 1072 663 1126 iis,
694 1072 767 1125 qui
799 1072 848 1112 de
881 1070 1046 1112 dicendi
1078 1071 1242 1111 ratione
1275 1070 1547 1125 scripserunt,

210 1131 448 1184 expositam
481 1144 571 1171 6336
604 1133 679 1170 aut
712 1145 735 1170 a
766 1144 832 1170 1116
861 1144 988 1184 posse
1020 1129 1174 1182 exponi
1206 1131 1295 1169 tam
1319 1129 1451 1183 brevi,
1481 1144 1548 1170 ve-

209 1189 430 1229 hementer
467 1191 580 1228 errat
615 1202 752 1242 neque
790 1187 928 1228 solum
964 1187 1235 1229 inscientiam
1274 1201 1431 1241 meam,
1475 1187 1547 1228 sed

208 1261 261 1287 ne
300 1261 441 1287 rerum
480 1246 651 1299 quidem
688 1245 1026 1300 magnitudinem
1060 1245 1274 1299 perspicit.
1335 1221 1546 1298 Equidem

209 1305 350 1359 vobis,
389 1304 589 1358 quoniam
620 1304 682 1345 ita
712 1304 928 1357 voluistis,
964 1303 1124 1357 sontes,
1160 1303 1269 1343 unde
1305 1303 1547 1357 hauriretis,
1566 1321 1599 1345 20

211 1366 338 1428 atque
370 1363 525 1403 itinera
556 1363 650 1417 ipsa
680 1362 743 1403 ita
774 1362 921 1416 putavi
954 1376 1045 1402 esse
1077 1362 1426 1415 demonstranda,
1461 1376 1548 1402 non

211 1424 259 1462 ut
290 1421 381 1475 ipse
414 1421 498 1461 dux
529 1435 685 1474 essem,
722 1420 842 1473 quod·
873 1422 915 1460 et
945 1419 1161 1460 infinitum
1193 1422 1258 1460 est
1290 1422 1333 1460 et
1362 1433 1449 1460 non
1478 1434 1548 1461 ne-

212 1479 456 1534 cessaiium,
487 1479 560 1519 sed
591 1482 639 1519 ut
671 1481 1049 1519 commonstrarem
1082 1480 1251 1518 tantum
1275 1477 1389 1518 viam
1415 1480 1469 1531 et,
1498 1481 1548 1519 ut

139 1515 194 1555 47
210 1537 303 1578 fieri
336 1537 458 1591 solet,
494 1537 676 1591 digitum
709 1537 761 1577 ad
791 1536 932 1577 fontes
963 1536 1237 1576 intenderem.
1297 1535 1404 1575 Mihi
1436 1550 1548 1590 11610,

141 1583 351 1649 20411101111
382 1571 571 1648 Miicius,
609 1595 714 1635 satis
747 1608 955 1648 superque
987 1594 1062 1634 abs
1096 1597 1138 1634 te
1169 1593 1335 1634 videtur
1365 1593 1546 1634 istorum
1567 1611 1600 1635 25

213 1653 378 1707 studiis,
418 1652 455 1694 si
486 1653 611 1693 modo
645 1655 745 1693 sunt
776 1652 969 1705 studiosi,
1000 1666 1091 1692 6336
1123 1651 1295 1692 factum.
1356 1650 1468 1692 Nam
1500 1655 1548 1692 ut

214 1711 434 1752 Socratem
473 1710 596 1751 illum
637 1710 813 1751 solitum
854 1685 972 1750 aiunt
1013 1710 1149 1750 dicere
1189 1709 1425 1763 perfectum
1465 1710 1547 1750 sibi

213 1784 320 1823 opus
359 1783 468 1822 esse,
507 1768 542 1809 31
581 1768 654 1822 qui
693 1768 797 1808 satis
837 1771 947 1809 esset
979 1768 1218 1809 concitatus
1252 1767 1546 1808 cohortatione

213 1842 289 1868 sua
316 1827 367 1868 ad
393 1826 582 1867 studium
609 1827 926 1880 cognoscendae
955 1826 1335 1880 percipiendaeque
1360 1825 1546 1880 virtutis3

214 1885 367 1938 quibus
400 1885 513 1925 enim
537 1885 581 1925 id
606 1899 856 1939 persuasum
882 1887 1005 1938 esset,
1035 1887 1084 1924 ut
1108 1883 1216 1923 nihil
1247 1883 1423 1924 mallent
1454 1898 1545 1924 esse
1566 1901 1600 1926 30

214 1958 257 1983 36
283 1958 409 1997 quam
435 1943 571 1983 bonos
598 1943 724 1997 viros,
755 1943 807 1983 iis
838 1943 1047 1995 reliquam
1077 1941 1247 1982 facilem
1272 1956 1363 1982 6336
1396 1941 1548 1982 doctri-

211 2015 328 2042 nam:
361 2001 421 2041 sic
448 2014 527 2054 ego
558 2001 776 2055 intellego,
808 2000 844 2041 si
867 2000 914 2041 in
937 2000 1054 2053 haec,
1085 2014 1192 2053 quae
1223 1999 1425 2053 patefecit
1458 2013 1548 2040 ora-

212 2059 330 2099 tione
363 2073 439 2099 sua
472 2059 662 2113 Crassus,
701 2059 861 2099 intrare
892 2057 1125 2111 volueritis,
1156 2057 1357 2098 facillime
1387 2071 1463 2098 vos
1495 2057 1548 2098 ad

213 2131 280 2170 ea,
318 2131 424 2170 quae
463 2116 637 2171 cupitis,
676 2119 953 2170 perventuros
992 2116 1044 2156 ab
1076 2115 1157 2156 boc
1190 2116 1307 2156 aditu
1337 2115 1547 2169 ianuaque

145 2174 439 2229 205pa-tefacta.
489 2173 627 2215 Nobis
660 2189 772 2229 vero,
802 2174 941 2228 inquit
968 2172 1193 2228 Sulpicius,
1223 2174 1307 2214 ista
1333 2176 1432 2214 sunt
1456 2188 1547 2228 per-
1565 2190 1600 2215 35

215 2235 337 2287 grata
367 2247 524 2287 perque
555 2232 756 2285 iucunda3
788 2232 861 2273 sed
890 2246 1026 2286 pauca
1058 2231 1187 2272 etiam
1218 2231 1472 2285 requirimus
1503 2231 1549 2272 in

213 2291 446 2345 primisque
473 2305 533 2345 ea,
559 2304 665 2344 quae
690 2290 810 2331 valde
836 2289 1021 2331 breviter
1047 2304 1069 2331 a
1095 2293 1149 2344 te,
1182 2288 1345 2344 Crasse,
1375 2289 1425 2330 de
1455 2288 1549 2344 ipsa
