1643 2526
6 2310 10 2338 l

17 1330 24 1334 ⁴
76 1294 109 1319 20
129 1277 313 1330 quodam
339 1277 465 1317 modo
492 1276 682 1318 adfectae
716 1280 815 1318 sunt
848 1278 900 1318 ad
929 1278 985 1331 id,
1017 1278 1066 1318 de
1099 1291 1181 1331 quo
1215 1278 1466 1332 ambigitur3

551 75 650 112 OAP.
677 78 781 111 8—9.
830 79 850 117 §
876 78 1026 110 33—40.
1376 74 1462 115 433

125 173 227 227 quid
258 172 314 213 sit
348 195 396 201 —-
431 185 519 212 non
556 171 650 212 (1130
683 184 806 225 quae
845 169 949 211 sint
985 169 1318 224 postliminii,
1362 183 1461 209 nam

124 232 169 273 id
199 231 367 273 caderet
396 230 443 270 in
474 229 744 283 divisionem,
782 243 888 282 quae
926 228 1025 269 talis
1064 231 1144 269 est:
1188 227 1461 268 Postliminio

124 289 302 331 redeunt
340 289 461 329 haec:
510 288 640 329 homo
681 286 802 328 navis
846 286 987 327 mulus
1032 286 1282 328 clitellarius
1328 300 1462 339 equus

126 362 252 402 equa,
292 361 399 401 quae
436 347 579 387 frenos
617 345 802 400 recipere
835 345 945 386 solet
982 362 1050 400 —3
1095 345 1168 386 sed
1200 359 1296 385 cum
1326 343 1462 398 ipsius

90 423 106 448 5
124 405 379 461 postliminii
411 405 473 446 vis
507 404 722 458 quaeritur
749 406 791 445 et
816 403 993 444 verbum
1022 403 1165 458 ipsum
1195 406 1388 457 notatur,
1418 402 1464 442 in

128 478 210 518 quo
239 462 410 505 Servius
440 466 599 516 noster,
629 465 677 503 ut
704 462 867 516 opinor,
897 461 1004 502 nihil
1036 465 1161 515 putat
1192 475 1283 502 esse
1314 464 1464 501 notan-

126 523 227 563 dum
252 522 335 563 nisi
362 525 495 576 post,
526 524 568 561 et
600 520 851 561 liminium
881 520 988 561 illud
1019 520 1344 574 productionem
1371 533 1463 560 esse

126 580 244 621 verbi
270 580 374 633 vult,
404 582 453 620 ut
477 579 521 619 in
546 579 787 620 finitumo
819 578 1068 634 legitumo
1095 578 1350 619 aeditumo
1376 591 1464 618 non

126 639 222 693 plus
262 638 400 679 inesse
441 641 629 678 tumum
667 651 795 691 quam
830 637 875 677 in
912 636 1205 678 meditullio
1239 636 1464 691 tullium,

78 713 110 738 10
132 696 335 738 Scaevola
367 699 510 736 autem
540 694 585 736 P.
606 695 651 736 F.
682 695 877 736 iunctum
907 697 1033 749 putat
1065 709 1156 736 esse
1188 695 1378 748 verbum,
1416 697 1465 734 ut
1491 705 1533 734 37

129 755 186 796 sit
210 754 255 795 in
281 768 330 795 eo
357 757 400 794 et
424 756 540 808 post
566 756 608 794 et
633 753 806 808 limen3
836 756 897 807 ut,
929 767 1035 807 quae
1062 768 1086 794 a
1111 753 1235 794 nobis
1269 753 1465 806 alienata,

128 827 225 854 cum
257 813 308 853 ad
339 812 507 853 hostem
539 812 825 866 pervenerint,
868 826 918 852 ex
957 826 1033 852 suo
1065 815 1287 865 tamquam
1319 811 1464 851 limine

128 870 326 921 exierint,
368 870 467 911 hinc
506 885 555 911 ea
593 885 689 911 cum
725 870 928 911 redierint
965 873 1064 924 post
1097 870 1149 911 ad
1178 870 1291 910 idem
1323 869 1466 923 limen,

126 928 393 983 postliminio
426 928 584 969 redisse
610 928 842 969 videantur.
894 927 986 977 Quo
1015 942 1167 983 genere
1193 927 1323 969 etiam
1348 927 1466 968 Man-

76 1003 108 1028 15
128 987 211 1028 31111
239 1001 367 1028 331133
392 987 558 1027 defendi
584 989 739 1041 potest,
769 986 1035 1040 postliminio
1067 987 1244 1041 redisse3
1276 986 1466 1027 deditum

125 1059 213 1086 non
262 1059 371 1099 esse,
421 1045 622 1098 quoniam
670 1059 758 1085 non
808 1045 863 1086 sit
912 1048 1127 1100 receptus,
1180 1059 1281 1086 nam
1329 1059 1466 1098 neque

126 1102 385 1144 deditionem
424 1117 560 1156 neque
604 1102 878 1143 donationem
923 1103 1012 1144 sine
1057 1103 1303 1158 acceptione
1345 1102 1468 1143 intel-

126 1161 205 1216 ligi
234 1174 371 1215 posse.

249 1217 452 1272 Sequitur
482 1219 519 1259 is
550 1218 683 1273 locus,
715 1219 786 1272 qui
819 1222 989 1260 constat
1022 1234 1072 1260 ex
1102 1219 1155 1260 iis
1188 1219 1328 1273 rebus,
1360 1234 1466 1272 quae

1494 1197 1518 1237 9

1493 1265 1536 1295 38

131 1349 256 1388 quem
288 1335 413 1376 modo
440 1334 527 1375 dixi
557 1335 602 1375 in
632 1335 774 1389 plures
806 1338 949 1389 partes
983 1335 1272 1376 distributum.
1336 1335 1467 1376 Cuius

129 1396 194 1434 est
225 1392 388 1446 primus
419 1392 538 1434 locus
571 1407 621 1433 ex
652 1393 965 1448 coniugatione,
998 1409 1125 1448 quam
1157 1396 1368 1446 συζυγίαν
1399 1409 1468 1435 vo-

130 1453 239 1505 cant,
270 1451 478 1492 finitimus
510 1451 737 1506 notationi,
768 1452 817 1492 de
844 1466 927 1505 qua
952 1453 1078 1493 modo
1106 1452 1268 1493 dictum
1294 1455 1376 1507 est3
1407 1456 1468 1506 111,

131 1508 166 1549 31
200 1523 354 1562 aquam
394 1509 583 1563 pluviam
625 1524 717 1550 eam
761 1510 887 1550 modo
931 1510 1296 1565 intellegeremus,
1340 1525 1467 1576 quam

76 1584 109 1609 25
128 1566 257 1608 imbri
289 1567 511 1608 collectam
542 1567 798 1622 vider,emus
835 1568 998 1609 veniret
1029 1568 1215 1622 Mucius,
1247 1569 1337 1623 qui,
1369 1569 1469 1623 quia

129 1625 359 1680 coniugata
394 1626 524 1666 verba
562 1629 704 1667 essent
739 1626 914 1680 pluvia
951 1630 994 1668 et
1029 1603 1266 1681 pluendo,
1311 1627 1469 1668 diceret

130 1697 297 1724 omnem
324 1698 479 1737 aquam
506 1687 702 1738 oportere
729 1685 874 1739 313311,
906 1699 1012 1738 quae
1043 1685 1228 1740 pluendo
1255 1686 1468 1727 crevisset

130 1739 269 1788 Quom
301 1745 443 1783 autem
475 1757 500 1783 a
531 1756 683 1797 genere
716 1743 893 1784 ducetur
925 1747 1239 1799 argumentum,
1269 1758 1356 1785 non
1388 1744 1469 1785 erit
1495 1756 1537 1785 39

130 1812 302 1839 necesse
327 1799 370 1838 id
396 1814 529 1853 usque
555 1815 580 1840 a
605 1801 743 1855 capite
770 1816 992 1843 arcessere.
1044 1801 1178 1856 Saepe
1204 1802 1335 1843 etiam
1362 1803 1470 1843 citra

77 1872 111 1897 30
129 1855 242 1908 licet,
274 1856 374 1897 dum
400 1857 526 1898 modo
554 1872 682 1912 supra
708 1859 776 1913 sit,
808 1860 920 1912 quod
953 1861 1148 1914 sumitur,
1179 1875 1305 1913 quam
1330 1860 1386 1914 id,
1418 1861 1470 1901 ad

131 1890 243 1967 quod
281 1914 481 1969 sumitur,
524 1918 573 1956 ut
607 1930 717 1970 aqua
754 1917 898 1971 pluvia
935 1918 1087 1959 ultimo
1128 1932 1279 1973 genere
1312 1933 1362 1959 ea
1393 1922 1471 1972 est,

130 1985 237 2025 quae
269 1972 318 2013 de
351 1973 466 2013 caelo
498 1974 671 2015 veniens
704 1976 856 2016 crescit
886 1976 1033 2031 imbri,
1073 1977 1145 2017 sed
1176 1978 1394 2031 piopior,e
1424 1977 1470 2017 in

131 2043 214 2082 quo
259 2030 381 2083 quasi
423 2031 490 2072 ius
534 2033 702 2073 arcendi
747 2033 1008 2087 continetur,
1054 2038 1206 2100 [genus
1251 2039 1316 2076 est
1360 2050 1470 2089 aqua

129 2087 291 2141 pluvia]
323 2102 498 2143 nocens;
530 2090 619 2131 eius
650 2092 816 2146 generis
841 2092 1004 2134 formae
1029 2093 1114 2134 loci
1140 2093 1246 2134 vitio
1273 2097 1316 2135 et
1341 2109 1469 2134 manu

77 2161 110 2186 35
129 2159 304 2200 nocens,
354 2161 532 2200 quarum
581 2148 715 2190 altera
762 2150 934 2191 iubetur
978 2151 1030 2192 ab
1076 2152 1239 2193 arbitro
1284 2151 1468 2193 coerceri

131 2203 265 2244 altera
300 2218 387 2245 non
423 2205 603 2247 iubetur.
672 2205 904 2250 Commode
945 2209 1075 2250 etiam
1115 2212 1327 2251 tractatur
1363 2210 1467 2250 haec
1495 2220 1538 2250 40

131 2262 448 2315 argumentatio
483 2265 608 2317 [quae
641 2279 691 2306 ex
723 2279 876 2321 genere
908 2268 1124 2322 sumitur],
1161 2282 1258 2308 cum
1290 2282 1340 2307 ex
1373 2270 1467 2308 toto

201 2335 269 2361 010.
291 2337 314 2361 Ι.
336 2338 359 2363 2,
1143 2338 1186 2368 28
