1643 2526
163 104 247 146 152
670 102 733 137 DE
761 101 988 138 ORATORE

161 199 434 253 narrandum,
463 212 541 240 nec
572 198 659 253 illa,
693 212 799 252 quae
832 197 1117 252 suspicionem
1149 198 1191 238 et
1222 195 1383 238 crimen
1413 196 1501 238 effi-

164 259 277 301 cient
321 260 553 311 contraque
595 270 674 297 nos
718 259 860 310 erunt,
909 255 1063 297 acriter
1110 269 1415 310 persequamur
1458 257 1501 296 et

164 316 365 371 quicquid
395 315 586 370 potuerit
616 315 902 369 detrahamus,
931 328 984 355 ne
1015 313 1133 368 illud,
1164 313 1277 367 quod
1309 311 1502 367 Crassus,

165 375 201 416 si
234 374 401 428 quando
439 374 534 428 fiat,
576 373 769 428 perfidia,
805 387 893 413 non
923 371 1110 413 stultitia
1138 371 1231 412 fieri
1268 373 1410 426 putat,
1452 374 1501 412 ut

165 447 315 475 causae
355 446 605 486 noceamus,
643 431 818 473 accidat.
879 430 992 472 Nam
1030 430 1083 471 ad
1120 444 1331 471 summam
1366 429 1536 471 totius5

165 505 316 533 causae
348 490 548 545 pertinet,
591 493 712 532 caute
746 505 798 531 an
831 492 980 531 contra
1011 489 1303 529 demonstrata
1332 502 1400 529 res
1433 487 1502 541 sit,

166 550 279 605 quod
311 549 448 590 omnis
481 548 686 590 orationis
719 548 906 602 reliquae
938 547 1035 588 fons
1067 550 1133 588 est
1163 546 1366 587 narratio.

94 618 160 649 331
284 606 498 661 Sequitur,
528 610 576 648 ut
603 621 730 648 causa
757 609 955 661 ponatur,
984 605 1030 645 in
1062 619 1144 659 quo
1177 604 1404 645 videndum
1436 606 1502 645 est

166 666 268 720 quid
298 666 344 706 in
375 665 709 707 controversiam
740 664 894 705 veniat.
955 663 1064 704 Tum
1104 662 1370 718 suggerenda
1402 664 1502 703 sunt

164 724 435 765 firmamenta
466 738 617 764 causae
649 722 873 764 coniuncte
907 724 948 763 et
978 721 1243 762 infirmandis
1276 720 1501 762 contrariis
1522 737 1556 762 ιο

165 786 208 823 et
250 783 336 823 tuis
381 780 692 823 confirmandis.
754 780 951 834 Namque
991 794 1076 820 una
1119 780 1163 820 in
1208 778 1345 820 causis
1389 779 1500 820 ratio

165 841 372 894 quaedam
404 843 469 880 est
495 840 585 880 eius
612 839 832 893 orationis,
863 853 970 892 quae
1003 838 1055 878 ad
1085 837 1348 892 probandam
1380 850 1503 891 argu-

164 898 473 940 mentationem
510 897 633 939 valet.
695 897 761 938 Ea
798 900 941 937 autem
978 899 1020 937 et
1058 895 1424 937 confirmationem
1460 897 1503 935 et

164 956 538 1011 reprehensionem
582 955 765 1010 quaerit,
815 955 888 996 sed
931 954 1031 1008 quia
1072 968 1209 1008 neque
1251 952 1502 1007 reprehendi

167 1030 273 1069 quae
306 1018 455 1056 contra
486 1014 685 1055 dicuntur
715 1016 909 1068 possunt,
944 1012 1029 1053 nisi
1060 1015 1136 1053 tua
1167 1012 1404 1066 confirmes,
1433 1025 1502 1052 ne·
1522 1026 1555 1053 15

166 1088 246 1127 que
272 1073 376 1114 haec
403 1072 658 1126 confirmari,
682 1072 766 1112 nisi
791 1072 865 1112 illa
888 1070 1186 1124 reprehendas,
1215 1070 1373 1111 idcirco
1398 1069 1503 1111 haec

166 1134 208 1172 et
244 1134 399 1172 natura
436 1134 479 1171 et
515 1130 704 1171 utilitate
742 1133 784 1171 et
821 1129 1077 1170 tractatione
1121 1128 1349 1170 coniuncta
1392 1130 1502 1168 sunt.

96 1188 320 1231 3320mnia
351 1192 494 1230 autem
529 1188 816 1230 concludenda
852 1187 1101 1242 plerumque
1137 1187 1264 1227 rebus
1297 1186 1503 1241 augendis

165 1248 231 1289 vel
262 1247 566 1288 inflammando
597 1246 735 1288 iudice
761 1246 827 1287 vel
857 1245 1113 1300 mitigando,
1146 1244 1370 1297 omniaque
1401 1258 1503 1297 qum

166 1305 455 1360 superioribus
489 1304 695 1346 orationis
732 1304 837 1346 locis
878 1307 971 1345 tum
1008 1304 1191 1344 maxime
1229 1305 1418 1343 extremo
1451 1302 1503 1343 ad
1522 1319 1557 1344 20

165 1367 329 1405 mentes
360 1363 548 1404 iudicum
575 1378 702 1417 quam
728 1362 911 1403 maxime
942 1361 1248 1416 permovendas
1278 1363 1320 1401 et
1345 1360 1398 1401 ad
1422 1359 1504 1401 uti-

164 1423 332 1463 litatem
362 1425 555 1462 nostram
586 1421 797 1462 vocandas
830 1420 1084 1462 conferenda
1115 1422 1226 1460 sunt.

95 1491 162 1522 333
284 1480 434 1533 Neque
474 1494 573 1521 sane
610 1480 697 1520 iam
730 1494 857 1520 causa
887 1479 1054 1519 videtur
1086 1492 1177 1519 esse
1209 1491 1283 1518 cur
1315 1490 1503 1518 secerna-

166 1553 260 1580 mus
293 1553 342 1579 ea
372 1540 611 1592 praecepta,
643 1552 749 1591 quae
781 1538 831 1578 de
864 1536 1134 1577 suasionibus
1166 1535 1371 1576 tradenda
1402 1536 1504 1575 sunt

167 1600 241 1638 aut
283 1596 614 1637 laudationibus.
686 1594 795 1636 Sunt
839 1594 953 1635 enim
995 1594 1196 1648 pleraque
1241 1592 1503 1648 communia3
1523 1608 1555 1634 25

167 1655 239 1696 sed
271 1657 415 1695 tamen
441 1654 614 1694 suadere
641 1653 801 1706 aliquid
833 1656 907 1693 aut
938 1652 1179 1693 dissuadere
1213 1651 1504 1706 gravissumae

166 1712 272 1753 mihi
296 1725 502 1766 personae
528 1711 695 1752 videtur
721 1725 824 1752 esse.
874 1709 986 1750 Nam
1018 1712 1060 1750 et
1086 1709 1291 1763 sapientis
1318 1712 1383 1750 est
1409 1723 1505 1750 con-

167 1770 310 1811 silium
342 1770 551 1823 explicare
584 1783 707 1810 suum
740 1769 789 1809 de
820 1768 1016 1809 maximis
1045 1767 1172 1808 rebus
1199 1770 1242 1807 et
1265 1767 1435 1808 honesti
1461 1769 1504 1808 et

166 1828 332 1882 diserti,
367 1831 414 1869 ut
445 1830 587 1868 mente
617 1827 857 1881 providere,
895 1825 1151 1867 auctoritate
1182 1825 1383 1880 probare,
1414 1838 1505 1866 ora-

166 1887 282 1928 tione
313 1886 565 1940 persuadere
596 1885 747 1939 possis.
1522 1899 1557 1924 30

96 1945 152 1987 82
283 1944 425 1997 Atque
466 1944 570 1984 haec
606 1943 652 1984 in
689 1946 839 1984 senatu
882 1941 1044 1983 minore
1089 1943 1297 1995 apparatu
1341 1940 1506 1995 agenda

167 2005 284 2057 sunt3
317 2002 484 2056 sapiens
509 2002 620 2042 enim
642 2004 707 2042 est
728 2000 952 2042 consilium
972 2000 1203 2053 multisque
1224 1999 1318 2040 aliis
1339 1998 1505 2040 dicendi

166 2060 467 2113 relinquendus
493 2060 630 2114 locus,
661 2059 835 2100 vitanda
858 2059 988 2099 etiam
1011 2058 1175 2113 ingenii
1202 2056 1503 2098 ostentationis

95 2118 366 2172 334suspicio.
429 2116 583 2159 Contio
622 2117 737 2172 capit
775 2131 944 2158 omnem
980 2116 1067 2157 vim
1100 2115 1305 2157 orationis
1337 2118 1380 2156 et
1411 2129 1504 2169 gra-

166 2177 344 2218 vitatem
380 2175 716 2229 varietatemque
759 2175 980 2216 desiderat.
1046 2174 1163 2228 Ergo
1203 2174 1249 2214 in
1289 2173 1502 2214 suadendo
1522 2188 1556 2214 35

165 2235 274 2276 nihil
300 2236 365 2275 est
386 2234 617 2288 optabilius
639 2248 766 2287 quam
787 2233 985 2288 dignitas.
1035 2231 1148 2274 Nam
1175 2231 1248 2285 qui
1272 2231 1505 2272 utilitatem

164 2293 288 2348 petit,
312 2306 400 2333 non
426 2291 527 2347 quid
552 2291 734 2333 maxime
754 2291 856 2333 velit
883 2305 1044 2346 suasor,
1069 2291 1143 2332 sed
1165 2290 1266 2345 quid
1289 2288 1504 2330 interdum
