1643 2526
510 83 610 119 CAP.
638 87 787 120 10-12.
838 87 856 126 g
883 87 1034 120 34ψ39.
1356 85 1442 128 323

102 180 201 218 sunt
238 192 404 233 versus,
446 178 583 219 multa
626 179 737 234 apud
781 179 964 221 alterum
1006 180 1324 235 neglegentius3
1373 180 1442 223 fac

102 236 232 277 alium
269 236 422 287 Acci03
467 237 585 278 varia
621 237 734 279 enim
774 241 874 279 sunt
910 238 1069 280 iudicia
1104 242 1154 280 ut
1189 239 1234 279 in
1267 238 1441 281 Graecis

100 309 178 336 nec
208 294 347 336 facilis
380 295 621 350 explicatio,
652 310 758 350 quae
782 296 923 338 forma
947 297 1131 338 maxime
1157 297 1346 339 excellat.
1390 298 1442 338 In

100 353 278 408 picturis
311 353 418 394 alius
450 354 623 395 horrida
652 354 827 410 inculta,
862 355 1009 396 abdita
1040 359 1083 396 et
1115 370 1259 410 opaca,
1291 359 1442 397 contra

65 429 81 454 5
101 412 209 453 alius
234 412 372 453 nitida
395 412 509 453 laeta
540 413 804 454 conlustrata
835 413 1080 455 delectatur.
1130 414 1239 463 Quid
1266 418 1330 456 est
1356 429 1442 468 quo

99 471 413 525 praescriptum
444 471 617 524 aliquod
649 475 722 513 aut
752 471 982 513 formulam
1012 473 1237 527 exprimas,
1269 488 1365 514 cum
1395 473 1442 514 in

102 544 178 570 suo
223 530 420 583 quodque
465 543 616 584 genere
660 533 850 584 praestet
890 534 933 571 et
971 545 1126 586 genera
1162 531 1286 585 plura
1324 531 1441 572 sint‘?

100 587 193 629 Hac
230 602 310 642 ego
348 588 555 642 religione
592 602 680 629 non
718 603 812 629 sum
851 589 903 630 ab
941 589 1024 630 hoc
1056 593 1213 630 conatu
1243 590 1441 644 repulsus

101 646 426 699 existimavique
456 646 502 687 in
529 646 726 688 omnibus
752 648 878 688 rebus
905 662 997 689 esse
1025 648 1186 701 aliquid
1217 649 1441 703 optimum,

49 720 81 746 10
101 704 231 745 etiam
257 704 293 745 si
318 705 483 759 lateret,
507 705 634 759 idque
667 706 720 746 ab
748 720 797 746 eo
823 720 949 760 posse
977 706 1049 760 qui
1076 707 1166 747 eius
1192 707 1254 747 rei
1282 721 1440 762 gnarus

101 766 214 804 esset
244 763 433 804 iudicari.

219 820 300 862 Sed
332 822 534 875 quoniam
563 822 688 876 plura
719 825 818 863 sunt
851 823 1094 864 orationum
1126 837 1283 878 genera
1307 838 1439 877 eaque

100 880 266 921 diversa
295 894 432 933 neque
462 880 509 920 in
539 895 669 922 unam
699 880 883 936 formam
916 882 1073 922 cadunt
1106 882 1262 936 omnia,
1298 882 1441 923 lauda-

99 939 267 979 tionum
301 938 600 992 [scriptionum
626 942 669 980 et
693 939 989 992 historiarum]
1023 943 1065 980 et
1097 940 1249 981 talium
1281 940 1441 981 suasio-

47 1013 80 1038 15
99 1011 221 1051 num,
265 997 434 1051 qualem
477 996 689 1038 Isocrates
731 997 835 1038 fecit
873 997 1187 1052 Panegyricum
1230 999 1439 1052 multique

101 1055 173 1096 alii
199 1055 271 1110 qui
298 1058 398 1096 sunt
423 1055 633 1096 nominati
665 1056 896 1110 sophistae,
926 1056 1271 1111 reliquarumque
1298 1072 1440 1098 rerum

98 1113 298 1168 formam,
343 1128 449 1167 quae
488 1114 644 1154 absunt
682 1129 706 1155 a
743 1114 904 1155 forensi
949 1115 1221 1156 contentione
1265 1115 1440 1169 eiusque

1467 834 1510 865 37

98 1172 232 1213 totius
275 1172 459 1227 generiS,
503 1172 616 1226 quod
656 1171 814 1214 Graece
855 1171 1144 1215 ἐπιδεικτικὸν
1180 1173 1440 1228 nominatur,
1498 1208 1507 1212 -

99 1230 213 1285 quod
244 1230 366 1284 quasi
397 1231 450 1271 ad
480 1230 791 1285 inspiciendum
829 1231 1122 1273 delectationis
1162 1246 1290 1273 causa
1329 1246 1440 1273 com-

45 1305 80 1331 20
99 1292 296 1342 paratum
328 1292 412 1343 est,
450 1303 537 1330 non
574 1289 834 1343 complectar
870 1290 952 1331 hoc
983 1293 1193 1345 tempore3
1235 1304 1323 1331 non
1355 1305 1438 1344 quo

97 1347 361 1401 neglegenda
387 1347 460 1402 sit3
492 1350 557 1388 est
583 1347 697 1388 enim
721 1347 798 1388 illa
817 1349 939 1401 quasi
964 1348 1111 1389 nutrix
1137 1349 1227 1389 eius
1255 1349 1438 1390 oratoris

99 1420 225 1460 quem
264 1405 495 1446 informare
532 1406 728 1446 volumus
762 1409 804 1447 et
836 1407 886 1447 de
919 1420 1002 1460 quo
1041 1406 1241 1447 molimur
1278 1407 1439 1461 aliquid

99 1463 352 1517 exquisitius
385 1463 533 1505 dicere.
593 1463 662 1505 Ab
694 1464 775 1505 hac
807 1467 850 1505 et
886 1465 1114 1505 verborum
1152 1465 1275 1518 copia
1309 1465 1438 1505 alitur
1456 1466 1510 1507 12

100 1525 142 1563 et
185 1536 332 1563 eorum
376 1522 639 1563 constructio
684 1525 726 1563 et
767 1537 970 1564 numerus
1013 1522 1212 1563 liberiore
1256 1523 1439 1576 quadam

46 1595 80 1621 25
98 1580 258 1621 fruitur
292 1580 477 1622 licentia.
538 1580 678 1622 Datur
715 1581 846 1622 etiam
880 1581 1004 1622 venia
1035 1581 1315 1622 concinnitati
1348 1596 1439 1623 sen-

100 1639 332 1680 tentiarum
358 1642 400 1679 et
427 1638 569 1694 arguti
596 1639 784 1693 certique
812 1642 854 1680 et
881 1639 1192 1694 circumscripti
1211 1640 1440 1681 verborum

100 1697 287 1738 ambitus
320 1698 627 1752 conceduntur,
665 1698 714 1738 de
746 1698 1041 1752 industriaque
1071 1712 1159 1739 non
1191 1713 1241 1738 ex
1271 1698 1439 1739 insidiis

101 1756 174 1796 sed
205 1758 349 1809 aperte
382 1771 430 1797 ac
460 1756 603 1810 palam
629 1756 885 1811 elaboratur,
915 1760 964 1797 ut
995 1756 1125 1797 verba
1148 1756 1290 1797 verbis
1318 1757 1440 1810 quasi

101 1814 300 1854 demensa
331 1816 374 1855 et
404 1814 524 1868 paria
554 1815 858 1869 respondeant,
896 1817 945 1855 ut
983 1815 1131 1856 crebro
1165 1814 1441 1856 conferantur

48 1887 83 1912 30
100 1871 339 1926 pugnantia
369 1875 751 1927 comparenturque
783 1872 999 1914 contraria
1029 1876 1072 1913 et
1102 1875 1151 1913 ut
1181 1873 1343 1926 pariter
1374 1887 1442 1914 ex-

100 1934 238 1971 trema
280 1930 563 1971 terminentur
606 1931 884 1984 eumdemque
928 1931 1115 1972 referant
1162 1930 1209 1971 in
1253 1931 1440 1972 cadendo

102 2002 272 2042 sonum,
322 2002 428 2042 quae
468 1988 514 2029 in
552 1989 732 2030 veritate
776 2004 1001 2030 causarum
1041 1992 1083 2030 et
1123 1988 1261 2030 rarius
1301 1989 1439 2030 multo

101 2046 280 2088 facimus
325 2049 368 2087 et
411 2049 523 2088 certe
568 2047 788 2089 occultius.
851 2047 903 2088 In
938 2047 1257 2089 Panathenaico
1296 2050 1440 2088 autem

101 2104 312 2146 Isocrates
351 2119 400 2146 ea
438 2104 626 2146 studiose
662 2109 956 2147 consectatum
987 2106 1165 2160 fatetur3
1207 2119 1295 2146 non
1326 2106 1440 2146 enim

48 2177 81 2203 35
102 2163 154 2203 ad
189 2162 445 2204 iudiciorum
482 2166 714 2219 certamen,
758 2165 830 2205 sed
874 2165 926 2205 ad
966 2164 1232 2218 voluptatem
1273 2164 1439 2205 aurium

102 2221 340 2275 scripserat.
401 2220 519 2263 Haec
561 2224 768 2264 tractasse
806 2222 1172 2277 Thrasymachum
1211 2220 1439 2263 Calchedo-

99 2279 221 2320 nium
258 2279 445 2334 primum
486 2282 527 2320 et
564 2279 822 2322 Leontinum
863 2280 1008 2322 ferunt
1046 2280 1269 2335 Gorgiam,
1305 2279 1439 2320 Theo-

1087 2348 1158 2381 21*

1465 1592 1510 1623 38

1465 2232 1508 2262 39
