1643 2526
578 81 676 116 CAP.
704 85 806 116 6—7.
857 85 876 123 g
903 85 1052 116 27-32,
1395 81 1480 121 431

100 218 105 221 ,
144 178 248 218 adde
280 177 474 218 verbum:
516 177 627 232 iure3
673 176 760 218 iam
793 191 817 217 a
848 175 1156 218 communitate
1194 190 1260 216 res
1294 175 1485 217 diiuncta

143 235 369 290 videbitur,
401 239 448 276 ut
482 235 537 277 sit
569 235 780 290 explicata
812 234 1004 275 definitio
1037 234 1114 275 sic:
1158 233 1386 275 Hereditas
1419 237 1484 275 est

142 294 340 349 pecunia,
384 308 490 347 quae
529 297 666 335 morte
705 293 884 334 alicuius
924 293 975 333 ad
1008 292 1251 347 quempiam
1289 292 1483 346 pervenit

141 352 244 393 iure.
288 353 489 394 Nondum
516 355 580 393 est
606 352 729 407 satis3
761 352 882 393 adde:
914 366 991 392 nec
1018 366 1067 392 ea
1087 355 1161 391 aut
1185 351 1330 406 legata
1354 354 1484 392 testa-

106 428 122 453 5
141 414 285 452 mento
319 414 393 452 aut
423 411 693 465 possessione
725 412 908 464 retenta3
945 409 1187 451 confectum
1219 412 1295 450 est.
1356 409 1485 450 Item-

142 484 223 523 que
258 471 323 521 [ut
352 469 496 520 illud]:
539 468 729 510 Gentiles
763 471 861 509 sunt
892 468 1006 509 inter
1038 483 1094 521 se,
1127 468 1197 522 qui
1230 469 1379 509 eodem
1410 482 1483 508 no-

140 527 254 568 mine
287 530 397 569 sunt.
459 526 560 568 Non
591 530 656 568 est
688 527 804 568 satis.
866 526 946 575 Qui
985 526 1038 567 ab
1076 526 1274 581 ingenuis
1314 526 1484 567 oriundi

143 588 252 627 sunt.
301 585 367 626 Ne
398 586 443 627 id
462 586 632 640 quidem
656 585 759 627 satis
781 588 856 626 est.
908 584 1098 633 Quorum
1124 585 1336 625 maiorum
1355 599 1481 625 nemo

142 644 392 686 servitutem
431 644 614 685 servivit.
683 644 820 685 Abest
861 643 990 684 etiam
1030 657 1154 684 nunc.
1223 642 1304 691 Qui
1343 643 1483 697 capite

89 719 122 744 ιο
140 717 227 743 non
253 705 353 743 sunt
380 703 597 744 deminuti.
641 702 735 743 Hoc
760 702 943 743 fortasse
971 702 1075 742 satis
1097 705 1173 742 est.
1218 700 1340 742 Nihil
1367 701 1482 742 enim

141 761 263 802 video
298 760 546 802 Scaevolam
585 761 832 815 pontificem
864 761 916 801 ad
947 760 1057 801 hanc
1090 759 1383 801 definitionem
1415 759 1484 800 ad-

142 819 308 860 didisse.
359 819 501 873 Atque
531 819 637 860 haec
662 819 773 860 ratio
799 819 913 859 valet
944 819 988 859 in
1020 822 1204 872 utroque
1236 832 1389 873 genere
1416 818 1483 858 de-

142 877 397 932 finitionum,
429 878 517 919 sive
548 878 591 918 id
624 878 736 931 quod
769 880 845 931 est,
877 877 964 918 sive
996 877 1040 917 id
1072 877 1185 931 quod
1216 876 1482 931 intellegitur

141 936 426 977 definiendum
470 939 545 976 est.
616 935 905 977 Partitionum
950 938 1092 976 autem
1137 938 1179 976 et
1223 935 1481 976 divisionum
1508 945 1553 976 30

90 1011 121 1036 15
142 1008 275 1049 genus
309 994 431 1048 quale
464 997 575 1035 esset
608 994 884 1048 ostendimus,
915 994 989 1034 sed
1021 994 1122 1048 quid
1152 993 1265 1049 inter
1297 1008 1341 1034 se
1368 993 1482 1034 diffe-

140 1055 237 1093 rant
259 1053 428 1106 planius
449 1053 673 1093 dicendum
693 1056 768 1093 est.
812 1052 864 1092 In
888 1052 1120 1106 partitione
1142 1052 1264 1105 quasi
1290 1052 1482 1092 membra

140 1113 251 1164 sunt7
276 1114 325 1151 ut
351 1111 541 1165 corporis
563 1114 691 1165 caput
710 1111 846 1151 umeri
872 1125 1023 1151 manus
1048 1111 1185 1151 latera
1205 1125 1328 1151 crura
1353 1110 1481 1164 pedes

141 1172 184 1210 et
204 1172 361 1223 cetera3
392 1169 438 1209 in
464 1168 671 1210 divisione
697 1169 873 1223 formae7
893 1183 997 1222 quas
1020 1166 1292 1222 Graeci‘el'doq
1314 1171 1482 1222 vocant,
1518 1179 1528 1209 ι

141 1227 298 1281 nostri7
329 1227 364 1268 si
397 1227 469 1280 qui
500 1227 605 1268 haec
636 1227 748 1268 forte
780 1230 986 1281 tractant,
1025 1227 1220 1281 species
1254 1227 1483 1281 appellant,

90 1303 123 1327 20
140 1300 227 1326 non
263 1285 446 1339 pessime
483 1285 527 1326 id
565 1285 753 1339 quidem,
796 1286 869 1326 sed
908 1285 1120 1326 inutiliter
1153 1286 1213 1326 ‘ad
1254 1285 1481 1326 mutandos

143 1358 265 1385 casus
296 1343 342 1383 in
374 1343 561 1385 dicendo.
624 1343 770 1384 Nolim
802 1343 932 1397 enim,
972 1358 1024 1384 ne
1059 1344 1093 1384 si
1125 1342 1278 1384 Latine
1311 1343 1482 1397 quidem

143 1402 225 1443 dici
250 1401 401 1456 possit⁷
426 1402 708 1456 specierum
735 1405 777 1442 et
803 1402 1071 1456 speciebus
1098 1402 1255 1451 dicere3
1288 1404 1331 1442 et
1357 1417 1482 1456 saepe

141 1460 209 1501 his
249 1460 418 1501 casibus
455 1461 661 1501 utendum
699 1464 778 1515 est3
824 1464 867 1501 at
907 1460 1087 1501 formis
1129 1463 1171 1501 et
1208 1460 1482 1501 formarum

142 1518 280 1560 velim.
343 1518 450 1559 Cum
485 1521 629 1559 autem
667 1521 847 1573 utroque
885 1519 1014 1559 verbo
1052 1518 1165 1559 idem
1204 1518 1483 1573 significetur,

91 1594 124 1618 25
144 1576 492 1618 commoditatem
523 1577 569 1617 in
600 1577 776 1618 dicendo
814 1591 901 1618 non
938 1576 1124 1618 arbitror
1161 1577 1481 1631 neglegendam.

143 1634 286 1676 Genus
307 1637 350 1675 et
374 1635 557 1676 formam
583 1635 790 1676 definiunt
815 1635 896 1676 hoc
922 1635 1066 1675 modo:
1101 1634 1243 1675 Genus
1271 1639 1336 1675 est
1361 1635 1481 1676 notio
1508 1646 1550 1676 31

143 1693 194 1734 ad
219 1693 361 1746 plures
388 1693 647 1734 differentias
673 1693 910 1748 pertinens3
940 1693 1080 1734 forma
1106 1696 1170 1734 est
1194 1694 1329 1748 notio,
1361 1694 1480 1734 cuius

144 1751 382 1792 differentia
419 1752 471 1792 ad
508 1755 636 1806 caput
675 1752 841 1807 generis
883 1755 925 1792 et
965 1751 1085 1806 quasi
1126 1752 1292 1792 fontem
1333 1752 1481 1792 referri

143 1811 295 1863 potest.
359 1808 592 1850 Notionem
624 1810 810 1864 appello,
848 1810 961 1863 quod
995 1809 1146 1851 Graeci
1178 1813 1271 1850 tum
1304 1811 1482 1852 ἔννοιαν

91 1884 125 1908 30
144 1870 236 1908 tum
260 1868 492 1920 πρόληψιν.
542 1867 607 1908 Ea
632 1871 698 1908 est
722 1868 854 1908 insita
873 1871 916 1909 et
936 1868 1078 1909 animo
1098 1871 1326 1922 praecepta
1346 1868 1483 1910 cuius

143 1939 223 1978 que
244 1925 433 1979 cognitio
454 1925 720 1966 enodationis
739 1926 947 1981 indigens.
987 1926 1169 1967 Formae
1191 1930 1289 1967 sunt
1311 1927 1479 1982 [igitur]

143 1997 228 2037 eae,
264 1983 310 2023 in
341 1997 445 2048 quas
481 1998 620 2049 genus
646 1985 735 2025 sine
768 1985 895 2026 ullius
927 1985 1301 2039 praetermissione
1335 1985 1482 2026 dividi-

143 2044 230 2095 tur3
262 2044 310 2081 ut
336 2041 372 2082 si
399 2042 492 2095 quis
517 2042 584 2083 ius
609 2043 656 2083 in
674 2043 813 2098 legem
833 2058 995 2084 morem
1023 2043 1282 2097 aequitatem
1309 2043 1480 2084 dividat.

143 2099 321 2140 Formas
361 2100 433 2153 qui
470 2103 594 2154 putat
629 2101 742 2142 idem
780 2116 870 2142 esse
910 2102 1023 2155 quod
1058 2105 1221 2156 partes,
1258 2101 1481 2143 confundit

92 2175 123 2198 215
145 2160 280 2198 artem
317 2160 360 2198 et
398 2158 674 2200 similitudine
713 2160 895 2214 quadam
933 2160 1213 2201 conturbatus
1251 2174 1338 2200 non
1376 2159 1480 2200 satis

144 2218 265 2256 acute
305 2230 411 2269 quae
450 2219 549 2257 sunt
587 2218 841 2259 secernenda
881 2218 1119 2273 distinguit.
1183 2217 1315 2271 Saepe
1352 2217 1480 2258 etiam
1507 2228 1551 2258 32

144 2273 351 2314 definiunt
389 2277 431 2315 et
465 2277 655 2316 oratores
688 2279 730 2316 et
760 2279 912 2330 poetae
949 2291 1024 2330 per
1055 2276 1329 2317 tralationem
1362 2275 1480 2315 verbi
