1643 2526
75 414 117 445 15

75 881 116 912 16

88 1594 115 1633 01

146 133 230 174 166
656 133 718 166 DE
747 132 971 167 ORATORE

144 242 466 282 sermonemque
504 227 550 268 L.
584 227 727 270 Crassi
758 227 935 269 relicum
973 242 1021 269 ac
1052 242 1185 282 paene
1216 231 1481 282 postremum

144 287 373 328 memoriae
414 286 642 340 prodamus
685 289 811 341 atque
853 286 909 341 ei,
950 285 986 327 si
1025 300 1295 340 nequaquam
1334 302 1481 341 parem

142 345 258 386 illius
298 345 490 399 ingenio,
531 347 574 385 at
614 359 691 398 pro
732 348 880 386 nostro
920 348 1065 385 tamen
1102 344 1244 385 studio
1283 345 1482 386 meritam

146 403 329 458 gratiam
355 403 627 456 debitamque
653 403 897 444 referamus.
941 402 1091 456 Neque
1118 403 1230 444 enim
1257 403 1480 456 quisquam

142 465 352 516 nostrum,
377 476 474 502 cum
498 461 632 502 libros
652 460 846 502 Platonis
873 461 1127 502 mirabiliter
1153 461 1335 515 scriptos
1362 462 1481 517 legit,

142 520 188 561 in
232 520 386 574 quibus
432 520 629 561 omnibus
679 519 766 560 fere
818 518 1015 560 Socrates
1066 519 1335 575 exprimitur,
1382 534 1482 575 non,

143 593 387 632 quanquam
430 577 505 618 illa
549 577 707 632 scripta
752 581 850 618 sunt
893 577 1114 632 divinitus,
1158 580 1303 619 tamen
1342 578 1479 619 maius

143 637 342 690 quiddam
369 637 418 677 de
443 636 531 690 illo,
563 637 612 676 de
639 650 721 690 quo
750 636 908 690 scripta
934 639 1046 690 sunt,
1078 636 1336 692 suspicatur,
1369 637 1481 691 quod

141 695 246 735 item
270 709 349 735 nos
368 695 636 748 postulamus
661 708 749 734 non
775 710 799 734 a
824 697 866 735 te
893 694 1074 748 quidem,
1100 694 1173 747 qui
1191 694 1316 735 nobis
1338 695 1480 736 omnia

142 768 309 794 summa
358 753 532 807 tribuis,
581 753 653 793 sed
697 768 721 793 a
765 752 934 806 ceteris,
979 752 1051 806 qui
1094 752 1197 793 haec
1242 753 1286 793 in
1329 767 1479 794 manus

142 814 324 865 sument,
350 811 486 851 maius
506 814 553 851 ut
575 810 775 864 quiddam
796 811 845 851 de
864 810 910 851 L.
932 809 1100 865 Crasso,
1125 825 1252 864 quam
1272 815 1480 864 quantum

145 885 169 911 a
199 870 324 910 nobis
358 869 636 923 exprimetur,
668 869 946 923 suspicentur.
1008 868 1099 909 Nos
1132 868 1262 922 enim,
1295 869 1367 922 qui
1397 870 1480 923 ipsi

143 928 331 969 sermoni
356 941 443 968 non
468 927 811 968 interfuissemus
838 930 880 968 et
901 927 1054 980 quibus
1076 925 1120 967 C.
1142 925 1271 968 Cotta
1295 930 1481 968 tantum-

142 986 268 1027 modo
289 985 406 1027 locos
428 1001 476 1027 ac
497 986 730 1027 sententias
750 985 876 1026 huius
898 985 1200 1039 disputationis
1220 985 1480 1041 tradidisset,

143 1059 226 1098 quo
267 1044 312 1085 in
353 1059 505 1099 genere
548 1044 754 1085 orationis
796 1046 1022 1098 utrumque
1068 1046 1281 1084 oratorem
1325 1058 1479 1098 cogno-

141 1118 350 1157 veramus,
376 1103 418 1143 id
437 1103 578 1156 ipsum
605 1117 750 1142 sumus
775 1102 820 1142 in
846 1116 993 1142 eorum
1013 1116 1207 1142 sermone
1227 1103 1478 1144 adumbrare

143 1161 297 1203 conati.
360 1160 481 1209 Quod
513 1161 549 1201 si
582 1161 675 1214 quis
710 1160 806 1214 erit,
839 1160 912 1213 qui
944 1161 1095 1201 ductus
1130 1160 1328 1214 opinione
1361 1160 1476 1214 vulgi

142 1223 217 1260 aut
236 1219 475 1260 Antonium
500 1219 751 1259 ieiuniorem
772 1222 845 1259 aut
866 1217 1067 1259 Crassum
1092 1218 1328 1271 pleniorem
1347 1218 1478 1259 fuisse

141 1281 276 1332 putet,
307 1292 434 1331 quam
467 1277 679 1331 quomodo
713 1279 756 1329 [a
786 1276 928 1328 nobis]
962 1279 1138 1330 uterque
1169 1276 1368 1317 inductus
1403 1280 1479 1331 est,

142 1337 178 1376 is
211 1336 292 1376 erit
324 1351 374 1377 ex
405 1336 476 1389 iis,
514 1336 586 1389 qui
618 1339 692 1376 aut
722 1335 819 1376 illos
851 1349 937 1375 non
969 1335 1150 1375 audierit
1183 1338 1256 1375 aut
1291 1334 1477 1376 iudicare

142 1409 228 1435 11011
260 1394 408 1448 possit.
454 1393 567 1435 Nam
597 1393 680 1434 fuit
712 1396 901 1447 uterque,
932 1396 980 1433 ut
1012 1393 1188 1447 exposui
1215 1395 1351 1447 antea,
1382 1407 1478 1434 oum

144 1453 285 1493 studio
319 1455 361 1493 et
392 1452 564 1507 ingenio
598 1455 640 1492 et
672 1452 865 1492 doctrina
901 1454 1123 1505 praestans
1157 1451 1354 1492 omnibus
1386 1454 1478 1492 tum

141 1511 186 1551 in
218 1525 294 1551 suo
328 1525 480 1566 genere
511 1510 738 1564 perfectus,
768 1513 817 1550 ut
847 1524 982 1563 neque
1014 1509 1059 1550 in
1089 1509 1280 1550 Antonio
1313 1509 1478 1550 deesset

141 1569 210 1610 bic
245 1573 419 1610 ornatus
454 1569 659 1610 orationis
691 1582 827 1621 neque
858 1568 903 1608 in
935 1567 1087 1608 Crasso
1119 1567 1382 1608 redundaret.

260 1626 320 1667 Ut
351 1628 485 1681 igitur
517 1630 614 1667 ante
646 1626 866 1666 meridiem
903 1626 1188 1666 discesserunt
1218 1625 1476 1679 paulumque

142 1686 407 1740 requierunt,
445 1685 490 1724 in
526 1684 674 1738 primis
712 1684 793 1725 hoc
831 1699 855 1724 a
893 1698 936 1724 se
969 1682 1096 1724 Cotta
1137 1683 1477 1725 animadversum

143 1758 234 1784 esse
266 1743 447 1797 dicebat,
479 1757 602 1783 omne
634 1742 739 1782 illud
770 1745 937 1795 tempus
969 1741 1249 1782 meridianum
1276 1740 1477 1783 Crassum

142 1802 187 1842 111
225 1816 443 1843 acerruma
487 1804 614 1854 atque
656 1800 944 1841 attentissima
984 1799 1246 1854 cogitatione
1283 1800 1476 1853 posuisse

142 1875 336 1914 seseque,
381 1859 453 1913 qui
496 1859 660 1900 voltum
704 1858 812 1912 eius,
861 1873 956 1899 eum
1000 1858 1038 1898 ei
1082 1858 1304 1899 dicendum
1354 1862 1478 1913 esset,

144 1922 425 1983 optutumque
453 1917 707 1959 oculorum
697 1932 742 1957 111
767 1916 995 1971 cogitando
1021 1916 1153 1969 probe
1178 1919 1324 1957 nosset
1350 1920 1476 1970 atque

142 1977 186 2017 in
224 1976 420 2017 maximis
460 1976 597 2017 causis
637 1990 760 2029 saepe
801 1975 994 2023 vidisset,
1038 1978 1130 2015 tum
1168 1975 1309 2015 dedita
1350 1989 1478 2029 opera

142 2034 460 2088 quiescentibus
494 2034 586 2074 aliis
618 2034 664 2074 in
695 2048 788 2074 eam
825 2033 1051 2074 exhedram
1088 2033 1272 2087 venisse,
1311 2033 1357 2073 in
1393 2047 1477 2086 qua

142 2092 321 2133 Crassus
362 2092 504 2146 posito
545 2092 701 2133 lectulo
739 2091 1020 2144 recubuisset,
1061 2106 1239 2144 cumque
1277 2105 1373 2132 eum
1411 2091 1477 2132 de-

141 2151 274 2191 fixum
306 2165 397 2191 esse
429 2150 474 2190 111
507 2150 767 2204 cogitatione
807 2149 1028 2203 sensisset,
1066 2149 1213 2190 statim
1250 2149 1474 2190 recessisse

1501 479 1516 504 5

1500 771 1534 795 10

1499 1061 1532 1086 15

1498 1352 1532 1376 20

1498 1642 1530 1667 25

1497 1933 1530 1958 30

143 2212 269 2263 atque
300 2209 346 2249 in
377 2223 426 2249 eo
460 2208 629 2249 silentio
663 2208 766 2249 duas
797 2207 923 2248 horas
956 2207 1043 2248 fere
1070 2222 1161 2248 esse
1188 2210 1475 2261 consumptas.
1494 2224 1528 2249 35

141 2267 305 2309 Deinde
348 2282 443 2308 cum
482 2281 627 2307 omnes
665 2266 870 2307 inclinato
908 2265 994 2306 iam
1034 2265 1078 2306 in
1115 2265 1476 2319 posmeridianum

142 2330 311 2381 tempus
345 2325 410 2366 die
450 2324 665 2366 venissent
703 2324 755 2365 ad
793 2322 1009 2364 Crassum:
1048 2323 1157 2372 Quid
1194 2326 1276 2378 est,
1313 2321 1476 2378 Crasse,
