<?xml version="1.0" encoding="UTF-8"?>
<!DOCTYPE html PUBLIC "-//W3C//DTD XHTML 1.0 Transitional//EN"
    "http://www.w3.org/TR/xhtml1/DTD/xhtml1-transitional.dtd">
<html xmlns="http://www.w3.org/1999/xhtml" xml:lang="en" lang="en">
 <head>
  <title>
</title>
<meta http-equiv="Content-Type" content="text/html;charset=utf-8" />
  <meta name='ocr-system' content='tesseract 3.04.00' />
  <meta name='ocr-capabilities' content='ocr_page ocr_carea ocr_par ocr_line ocrx_word'/>
</head>
<body>
  <div class='ocr_page' id='page_1' title='image "./p2scriptaquaemanse01ciceuoft_0122.png"; bbox 0 0 1643 2526; ppageno 0'>
   <div class='ocr_carea' id='block_1_1' title="bbox 167 103 1062 151">
    <p class='ocr_par' dir='ltr' id='par_1_1' title="bbox 167 103 1062 151">
     <span class='ocr_line' id='line_1_1' title="bbox 167 103 1062 151; baseline -0.003 -10"><span class='ocrx_word' id='word_1_1' title='bbox 167 106 225 148; x_wconf 82' lang='lat'>24</span> <span class='ocrx_word' id='word_1_2' title='bbox 680 104 744 139; x_wconf 78' lang='lat' dir='ltr'>DE</span> <span class='ocrx_word' id='word_1_3' title='bbox 772 103 997 139; x_wconf 80' lang='lat' dir='ltr'><strong>ORATORE</strong></span> <span class='ocrx_word' id='word_1_4' title='bbox 1060 149 1062 151; x_wconf 64' lang='lat'>‚</span> 
     </span>
    </p>
   </div>
   <div class='ocr_carea' id='block_1_2' title="bbox 100 196 1602 2349">
    <p class='ocr_par' dir='ltr' id='par_1_2' title="bbox 100 196 1602 2349">
     <span class='ocr_line' id='line_1_2' title="bbox 167 196 1505 257; baseline -0.003 -15"><span class='ocrx_word' id='word_1_5' title='bbox 167 216 193 243; x_wconf 90' lang='lat' dir='ltr'>a</span> <span class='ocrx_word' id='word_1_6' title='bbox 224 215 377 257; x_wconf 81' lang='lat' dir='ltr'>genere</span> <span class='ocrx_word' id='word_1_7' title='bbox 407 200 490 242; x_wconf 91' lang='lat' dir='ltr'>hoc</span> <span class='ocrx_word' id='word_1_8' title='bbox 521 202 615 241; x_wconf 91' lang='lat' dir='ltr'>toto</span> <span class='ocrx_word' id='word_1_9' title='bbox 648 199 855 241; x_wconf 87' lang='lat' dir='ltr'>sermonis</span> <span class='ocrx_word' id='word_1_10' title='bbox 886 198 1095 253; x_wconf 81' lang='lat' dir='ltr'>refugisse</span> <span class='ocrx_word' id='word_1_11' title='bbox 1127 201 1171 240; x_wconf 90' lang='lat' dir='ltr'>et</span> <span class='ocrx_word' id='word_1_12' title='bbox 1204 197 1287 239; x_wconf 91' lang='lat' dir='ltr'>tibi</span> <span class='ocrx_word' id='word_1_13' title='bbox 1319 196 1505 252; x_wconf 87' lang='lat' dir='ltr'>cupienti</span> 
     </span>
     <span class='ocr_line' id='line_1_3' title="bbox 168 256 1504 313; baseline -0.003 -13"><span class='ocrx_word' id='word_1_14' title='bbox 168 262 296 313; x_wconf 90' lang='lat' dir='ltr'>atque</span> <span class='ocrx_word' id='word_1_15' title='bbox 320 258 503 300; x_wconf 86' lang='lat' dir='ltr'>instanti</span> <span class='ocrx_word' id='word_1_16' title='bbox 530 258 778 313; x_wconf 81' lang='lat' dir='ltr'>saepissime</span> <span class='ocrx_word' id='word_1_17' title='bbox 803 259 1017 312; x_wconf 86' lang='lat' dir='ltr'>negasse[,</span> <span class='ocrx_word' id='word_1_18' title='bbox 1041 259 1106 309; x_wconf 80' lang='lat' dir='ltr'>ut]</span> <span class='ocrx_word' id='word_1_19' title='bbox 1134 259 1228 298; x_wconf 89' lang='lat' dir='ltr'>tute</span> <span class='ocrx_word' id='word_1_20' title='bbox 1252 256 1381 310; x_wconf 89' lang='lat' dir='ltr'>paulo</span> <span class='ocrx_word' id='word_1_21' title='bbox 1408 257 1504 296; x_wconf 89' lang='lat' dir='ltr'>ante</span> 
     </span>
     <span class='ocr_line' id='line_1_4' title="bbox 168 313 1505 373; baseline -0.004 -14"><span class='ocrx_word' id='word_1_22' title='bbox 168 318 333 373; x_wconf 79' lang='lat' dir='ltr'>dixisti3</span> <span class='ocrx_word' id='word_1_23' title='bbox 374 317 487 372; x_wconf 88' lang='lat' dir='ltr'>quod</span> <span class='ocrx_word' id='word_1_24' title='bbox 524 331 604 372; x_wconf 88' lang='lat' dir='ltr'>ego</span> <span class='ocrx_word' id='word_1_25' title='bbox 644 330 732 357; x_wconf 90' lang='lat' dir='ltr'>non</span> <span class='ocrx_word' id='word_1_26' title='bbox 775 315 975 370; x_wconf 89' lang='lat' dir='ltr'>superbia</span> <span class='ocrx_word' id='word_1_27' title='bbox 1013 329 1150 369; x_wconf 90' lang='lat' dir='ltr'>neque</span> <span class='ocrx_word' id='word_1_28' title='bbox 1191 313 1505 355; x_wconf 72' lang='lat' dir='ltr'>inhumanitate</span> 
     </span>
     <span class='ocr_line' id='line_1_5' title="bbox 167 373 1505 429; baseline -0.004 -12"><span class='ocrx_word' id='word_1_29' title='bbox 167 376 379 417; x_wconf 81' lang='lat' dir='ltr'>faciebam</span> <span class='ocrx_word' id='word_1_30' title='bbox 426 389 563 429; x_wconf 89' lang='lat' dir='ltr'>neque</span> <span class='ocrx_word' id='word_1_31' title='bbox 614 375 726 428; x_wconf 87' lang='lat' dir='ltr'>quod</span> <span class='ocrx_word' id='word_1_32' title='bbox 774 377 849 415; x_wconf 91' lang='lat' dir='ltr'>tuo</span> <span class='ocrx_word' id='word_1_33' title='bbox 894 373 1037 415; x_wconf 87' lang='lat' dir='ltr'>studio</span> <span class='ocrx_word' id='word_1_34' title='bbox 1079 373 1334 414; x_wconf 87' lang='lat' dir='ltr'>rectissumo</span> <span class='ocrx_word' id='word_1_35' title='bbox 1378 374 1505 425; x_wconf 88' lang='lat' dir='ltr'>atque</span> 
     </span>
     <span class='ocr_line' id='line_1_6' title="bbox 169 432 1540 489; baseline -0.004 -14"><span class='ocrx_word' id='word_1_36' title='bbox 169 437 346 489; x_wconf 90' lang='lat' dir='ltr'>optumo</span> <span class='ocrx_word' id='word_1_37' title='bbox 365 448 453 474; x_wconf 87' lang='lat' dir='ltr'>non</span> <span class='ocrx_word' id='word_1_38' title='bbox 473 433 651 487; x_wconf 89' lang='lat' dir='ltr'>obsequi</span> <span class='ocrx_word' id='word_1_39' title='bbox 675 433 842 486; x_wconf 83' lang='lat' dir='ltr'>vellem,</span> <span class='ocrx_word' id='word_1_40' title='bbox 866 432 1119 486; x_wconf 86' lang='lat' dir='ltr'>praesertim</span> <span class='ocrx_word' id='word_1_41' title='bbox 1145 445 1275 485; x_wconf 92' lang='lat' dir='ltr'>quom</span> <span class='ocrx_word' id='word_1_42' title='bbox 1299 433 1342 472; x_wconf 90' lang='lat' dir='ltr'>te</span> <span class='ocrx_word' id='word_1_43' title='bbox 1372 444 1505 470; x_wconf 89' lang='lat' dir='ltr'>unum</span> <span class='ocrx_word' id='word_1_44' title='bbox 1523 444 1540 470; x_wconf 99' lang='grc'>5</span> 
     </span>
     <span class='ocr_line' id='line_1_7' title="bbox 169 491 1505 543; baseline -0.004 -9"><span class='ocrx_word' id='word_1_45' title='bbox 169 507 220 534; x_wconf 80' lang='lat' dir='ltr'>ex</span> <span class='ocrx_word' id='word_1_46' title='bbox 261 492 458 533; x_wconf 84' lang='lat' dir='ltr'>omnibus</span> <span class='ocrx_word' id='word_1_47' title='bbox 501 492 553 533; x_wconf 88' lang='lat' dir='ltr'>ad</span> <span class='ocrx_word' id='word_1_48' title='bbox 590 491 814 532; x_wconf 89' lang='lat' dir='ltr'>dicendum</span> <span class='ocrx_word' id='word_1_49' title='bbox 853 504 1050 531; x_wconf 79' lang='lat' dir='ltr'>maxume</span> <span class='ocrx_word' id='word_1_50' title='bbox 1086 493 1237 530; x_wconf 90' lang='lat' dir='ltr'>natum</span> <span class='ocrx_word' id='word_1_51' title='bbox 1274 491 1505 543; x_wconf 88' lang='lat' dir='ltr'>aptumque</span> 
     </span>
     <span class='ocr_line' id='line_1_8' title="bbox 169 546 1507 605; baseline -0.004 -13"><span class='ocrx_word' id='word_1_52' title='bbox 169 564 435 605; x_wconf 87' lang='lat' dir='ltr'>cognossem,</span> <span class='ocrx_word' id='word_1_53' title='bbox 466 550 539 591; x_wconf 89' lang='lat' dir='ltr'>sed</span> <span class='ocrx_word' id='word_1_54' title='bbox 570 549 811 590; x_wconf 80' lang='lat' dir='ltr'>mehercule</span> <span class='ocrx_word' id='word_1_55' title='bbox 842 549 967 589; x_wconf 89' lang='lat' dir='ltr'>istius</span> <span class='ocrx_word' id='word_1_56' title='bbox 995 547 1298 602; x_wconf 74' lang='lat' dir='ltr'>disputationis</span> <span class='ocrx_word' id='word_1_57' title='bbox 1324 546 1507 587; x_wconf 90' lang='lat' dir='ltr'>insolen-</span> 
     </span>
     <span class='ocr_line' id='line_1_9' title="bbox 168 605 1507 663; baseline -0.004 -13"><span class='ocrx_word' id='word_1_58' title='bbox 168 609 231 650; x_wconf 88' lang='lat' dir='ltr'>tia</span> <span class='ocrx_word' id='word_1_59' title='bbox 262 612 389 663; x_wconf 90' lang='lat' dir='ltr'>atque</span> <span class='ocrx_word' id='word_1_60' title='bbox 422 623 568 649; x_wconf 87' lang='lat' dir='ltr'>earum</span> <span class='ocrx_word' id='word_1_61' title='bbox 599 622 741 648; x_wconf 87' lang='lat' dir='ltr'>rerum</span> <span class='ocrx_word' id='word_1_62' title='bbox 773 621 880 661; x_wconf 92' lang='lat' dir='ltr'>quae</span> <span class='ocrx_word' id='word_1_63' title='bbox 914 606 1036 660; x_wconf 89' lang='lat' dir='ltr'>quasi</span> <span class='ocrx_word' id='word_1_64' title='bbox 1066 606 1113 646; x_wconf 88' lang='lat' dir='ltr'>in</span> <span class='ocrx_word' id='word_1_65' title='bbox 1151 609 1240 646; x_wconf 90' lang='lat' dir='ltr'>arte</span> <span class='ocrx_word' id='word_1_66' title='bbox 1278 605 1507 646; x_wconf 81' lang='lat' dir='ltr'>traduntur</span> 
     </span>
     <span class='ocr_line' id='line_1_10' title="bbox 100 663 1507 718; baseline -0.004 -10"><span class='ocrx_word' id='word_1_67' title='bbox 100 667 405 708; x_wconf 88' lang='lat' dir='ltr'>100inscientia.</span> <span class='ocrx_word' id='word_1_68' title='bbox 443 666 553 707; x_wconf 88' lang='lat' dir='ltr'>Tum</span> <span class='ocrx_word' id='word_1_69' title='bbox 573 665 717 708; x_wconf 89' lang='lat' dir='ltr'>Cotta:</span> <span class='ocrx_word' id='word_1_70' title='bbox 738 664 949 714; x_wconf 81' lang='lat' dir='ltr'>Quoniam</span> <span class='ocrx_word' id='word_1_71' title='bbox 973 664 1050 716; x_wconf 76' lang='lat' dir='ltr'>[id]</span> <span class='ocrx_word' id='word_1_72' title='bbox 1073 664 1187 718; x_wconf 85' lang='lat' dir='ltr'>quod</span> <span class='ocrx_word' id='word_1_73' title='bbox 1206 663 1507 704; x_wconf 79' lang='lat' dir='ltr'>difficillimum</span> 
     </span>
     <span class='ocr_line' id='line_1_11' title="bbox 168 720 1560 777; baseline -0.004 -11"><span class='ocrx_word' id='word_1_74' title='bbox 168 725 294 767; x_wconf 89' lang='lat' dir='ltr'>nobis</span> <span class='ocrx_word' id='word_1_75' title='bbox 325 725 567 777; x_wconf 80' lang='lat' dir='ltr'>videbatur,</span> <span class='ocrx_word' id='word_1_76' title='bbox 604 727 653 765; x_wconf 87' lang='lat' dir='ltr'>ut</span> <span class='ocrx_word' id='word_1_77' title='bbox 691 723 865 764; x_wconf 85' lang='lat' dir='ltr'>omnino</span> <span class='ocrx_word' id='word_1_78' title='bbox 898 724 947 764; x_wconf 88' lang='lat' dir='ltr'>de</span> <span class='ocrx_word' id='word_1_79' title='bbox 978 723 1031 764; x_wconf 90' lang='lat' dir='ltr'>iis</span> <span class='ocrx_word' id='word_1_80' title='bbox 1062 724 1210 777; x_wconf 91' lang='lat' dir='ltr'>rebus,</span> <span class='ocrx_word' id='word_1_81' title='bbox 1247 720 1417 774; x_wconf 81' lang='lat' dir='ltr'>Crasse,</span> <span class='ocrx_word' id='word_1_82' title='bbox 1447 720 1507 761; x_wconf 91' lang='lat' dir='ltr'>lo-</span> <span class='ocrx_word' id='word_1_83' title='bbox 1527 736 1560 761; x_wconf 88' lang='lat'>10</span> 
     </span>
     <span class='ocr_line' id='line_1_12' title="bbox 171 779 1508 838; baseline -0.004 -13"><span class='ocrx_word' id='word_1_84' title='bbox 171 798 358 838; x_wconf 83' lang='lat' dir='ltr'>querere,</span> <span class='ocrx_word' id='word_1_85' title='bbox 390 783 580 824; x_wconf 87' lang='lat' dir='ltr'>adsecuti</span> <span class='ocrx_word' id='word_1_86' title='bbox 613 797 778 836; x_wconf 90' lang='lat' dir='ltr'>sumus,</span> <span class='ocrx_word' id='word_1_87' title='bbox 809 781 859 822; x_wconf 90' lang='lat' dir='ltr'>de</span> <span class='ocrx_word' id='word_1_88' title='bbox 890 781 1053 834; x_wconf 85' lang='lat' dir='ltr'>reliquo</span> <span class='ocrx_word' id='word_1_89' title='bbox 1084 781 1172 822; x_wconf 89' lang='lat' dir='ltr'>iam</span> <span class='ocrx_word' id='word_1_90' title='bbox 1202 782 1352 821; x_wconf 91' lang='lat' dir='ltr'>nostra</span> <span class='ocrx_word' id='word_1_91' title='bbox 1383 779 1508 832; x_wconf 80' lang='lat' dir='ltr'>culpa</span> 
     </span>
     <span class='ocr_line' id='line_1_13' title="bbox 169 834 1509 896; baseline -0.004 -14"><span class='ocrx_word' id='word_1_92' title='bbox 169 842 312 896; x_wconf 87' lang='lat' dir='ltr'>fuerit,</span> <span class='ocrx_word' id='word_1_93' title='bbox 344 841 379 882; x_wconf 92' lang='lat' dir='ltr'>si</span> <span class='ocrx_word' id='word_1_94' title='bbox 410 844 466 895; x_wconf 91' lang='lat' dir='ltr'>te,</span> <span class='ocrx_word' id='word_1_95' title='bbox 495 840 580 881; x_wconf 90' lang='lat' dir='ltr'>nisi</span> <span class='ocrx_word' id='word_1_96' title='bbox 612 839 756 881; x_wconf 90' lang='lat' dir='ltr'>omnia</span> <span class='ocrx_word' id='word_1_97' title='bbox 788 853 894 893; x_wconf 89' lang='lat' dir='ltr'>quae</span> <span class='ocrx_word' id='word_1_98' title='bbox 925 838 1167 892; x_wconf 86' lang='lat' dir='ltr'>percontati</span> <span class='ocrx_word' id='word_1_99' title='bbox 1192 834 1348 879; x_wconf 89' lang='lat' dir='ltr'>erimus</span> <span class='ocrx_word' id='word_1_100' title='bbox 1381 837 1509 891; x_wconf 86' lang='lat' dir='ltr'>expli-</span> 
     </span>
     <span class='ocr_line' id='line_1_14' title="bbox 101 893 1509 955; baseline -0.003 -15"><span class='ocrx_word' id='word_1_101' title='bbox 101 900 293 955; x_wconf 89' lang='lat' dir='ltr'>101caris,</span> <span class='ocrx_word' id='word_1_102' title='bbox 325 899 624 940; x_wconf 87' lang='lat' dir='ltr'>dimiserimus.</span> <span class='ocrx_word' id='word_1_103' title='bbox 667 898 731 938; x_wconf 92' lang='lat' dir='ltr'>De</span> <span class='ocrx_word' id='word_1_104' title='bbox 756 897 809 938; x_wconf 91' lang='lat' dir='ltr'>iis</span> <span class='ocrx_word' id='word_1_105' title='bbox 837 897 960 938; x_wconf 87' lang='lat' dir='ltr'>credo</span> <span class='ocrx_word' id='word_1_106' title='bbox 986 897 1127 950; x_wconf 89' lang='lat' dir='ltr'>rebus,</span> <span class='ocrx_word' id='word_1_107' title='bbox 1150 896 1300 950; x_wconf 84' lang='lat' dir='ltr'>inquit&#39;</span> <span class='ocrx_word' id='word_1_108' title='bbox 1317 893 1509 950; x_wconf 84' lang='lat' dir='ltr'>Crassus,</span> 
     </span>
     <span class='ocr_line' id='line_1_15' title="bbox 170 956 1508 1009; baseline -0.004 -10"><span class='ocrx_word' id='word_1_109' title='bbox 170 962 219 999; x_wconf 90' lang='lat' dir='ltr'>ut</span> <span class='ocrx_word' id='word_1_110' title='bbox 236 958 283 998; x_wconf 91' lang='lat' dir='ltr'>in</span> <span class='ocrx_word' id='word_1_111' title='bbox 303 957 563 999; x_wconf 83' lang='lat' dir='ltr'>cretionibus</span> <span class='ocrx_word' id='word_1_112' title='bbox 585 956 714 998; x_wconf 85' lang='lat' dir='ltr'>scribi</span> <span class='ocrx_word' id='word_1_113' title='bbox 735 956 856 1009; x_wconf 92' lang='lat' dir='ltr'>solet,</span> <span class='ocrx_word' id='word_1_114' title='bbox 877 966 1041 1005; x_wconf 71' lang='lat' dir='ltr'>QUIBUS</span> <span class='ocrx_word' id='word_1_115' title='bbox 1064 966 1199 996; x_wconf 72' lang='lat' dir='ltr'>SCIAM</span> <span class='ocrx_word' id='word_1_116' title='bbox 1218 965 1508 1003; x_wconf 78' lang='lat' dir='ltr'><strong>POTEROQUE.</strong></span> 
     </span>
     <span class='ocr_line' id='line_1_16' title="bbox 170 1012 1561 1069; baseline -0.004 -12"><span class='ocrx_word' id='word_1_117' title='bbox 170 1016 280 1057; x_wconf 89' lang='lat' dir='ltr'>Tum</span> <span class='ocrx_word' id='word_1_118' title='bbox 297 1016 386 1056; x_wconf 88' lang='lat' dir='ltr'>ille:</span> <span class='ocrx_word' id='word_1_119' title='bbox 412 1015 527 1056; x_wconf 79' lang='lat' dir='ltr'>Nam</span> <span class='ocrx_word' id='word_1_120' title='bbox 547 1015 659 1069; x_wconf 90' lang='lat' dir='ltr'>quod</span> <span class='ocrx_word' id='word_1_121' title='bbox 678 1018 727 1055; x_wconf 90' lang='lat' dir='ltr'>tu</span> <span class='ocrx_word' id='word_1_122' title='bbox 745 1028 833 1055; x_wconf 88' lang='lat' dir='ltr'>non</span> <span class='ocrx_word' id='word_1_123' title='bbox 851 1013 1012 1068; x_wconf 85' lang='lat' dir='ltr'>poteris</span> <span class='ocrx_word' id='word_1_124' title='bbox 1034 1016 1108 1054; x_wconf 89' lang='lat' dir='ltr'>aut</span> <span class='ocrx_word' id='word_1_125' title='bbox 1125 1013 1301 1066; x_wconf 88' lang='lat' dir='ltr'>nescies,</span> <span class='ocrx_word' id='word_1_126' title='bbox 1321 1012 1416 1066; x_wconf 89' lang='lat' dir='ltr'>quis</span> <span class='ocrx_word' id='word_1_127' title='bbox 1434 1025 1508 1053; x_wconf 89' lang='lat' dir='ltr'>no·</span> <span class='ocrx_word' id='word_1_128' title='bbox 1527 1026 1561 1053; x_wconf 90' lang='grc'>15</span> 
     </span>
     <span class='ocr_line' id='line_1_17' title="bbox 172 1070 1508 1127; baseline -0.003 -12"><span class='ocrx_word' id='word_1_129' title='bbox 172 1078 308 1116; x_wconf 90' lang='lat' dir='ltr'>strum</span> <span class='ocrx_word' id='word_1_130' title='bbox 329 1077 418 1115; x_wconf 91' lang='lat' dir='ltr'>tam</span> <span class='ocrx_word' id='word_1_131' title='bbox 436 1073 661 1127; x_wconf 87' lang='lat' dir='ltr'>impudens</span> <span class='ocrx_word' id='word_1_132' title='bbox 682 1075 748 1113; x_wconf 89' lang='lat' dir='ltr'>est</span> <span class='ocrx_word' id='word_1_133' title='bbox 768 1072 840 1125; x_wconf 88' lang='lat' dir='ltr'>qui</span> <span class='ocrx_word' id='word_1_134' title='bbox 861 1086 904 1112; x_wconf 91' lang='lat' dir='ltr'>se</span> <span class='ocrx_word' id='word_1_135' title='bbox 925 1071 1032 1112; x_wconf 89' lang='lat' dir='ltr'>scire</span> <span class='ocrx_word' id='word_1_136' title='bbox 1053 1074 1126 1112; x_wconf 91' lang='lat' dir='ltr'>aut</span> <span class='ocrx_word' id='word_1_137' title='bbox 1144 1085 1269 1125; x_wconf 91' lang='lat' dir='ltr'>posse</span> <span class='ocrx_word' id='word_1_138' title='bbox 1290 1070 1508 1124; x_wconf 78' lang='lat' dir='ltr'>postulet?</span> 
     </span>
     <span class='ocr_line' id='line_1_18' title="bbox 288 1128 1507 1184; baseline -0.004 -11"><span class='ocrx_word' id='word_1_139' title='bbox 288 1132 382 1173; x_wconf 87' lang='lat' dir='ltr'>Iam</span> <span class='ocrx_word' id='word_1_140' title='bbox 412 1145 512 1172; x_wconf 80' lang='lat' dir='ltr'>vero</span> <span class='ocrx_word' id='word_1_141' title='bbox 538 1131 625 1172; x_wconf 92' lang='lat' dir='ltr'>ista</span> <span class='ocrx_word' id='word_1_142' title='bbox 651 1130 910 1184; x_wconf 88' lang='lat' dir='ltr'>condicione,</span> <span class='ocrx_word' id='word_1_143' title='bbox 941 1130 1042 1170; x_wconf 88' lang='lat' dir='ltr'>dum</span> <span class='ocrx_word' id='word_1_144' title='bbox 1068 1129 1172 1169; x_wconf 89' lang='lat' dir='ltr'>mihi</span> <span class='ocrx_word' id='word_1_145' title='bbox 1197 1128 1325 1170; x_wconf 91' lang='lat' dir='ltr'>liceat</span> <span class='ocrx_word' id='word_1_146' title='bbox 1349 1142 1507 1183; x_wconf 88' lang='lat' dir='ltr'>negare</span> 
     </span>
     <span class='ocr_line' id='line_1_19' title="bbox 171 1187 1509 1245; baseline -0.003 -13"><span class='ocrx_word' id='word_1_147' title='bbox 171 1204 297 1245; x_wconf 91' lang='lat' dir='ltr'>posse</span> <span class='ocrx_word' id='word_1_148' title='bbox 330 1190 443 1244; x_wconf 90' lang='lat' dir='ltr'>quod</span> <span class='ocrx_word' id='word_1_149' title='bbox 467 1203 555 1230; x_wconf 88' lang='lat' dir='ltr'>non</span> <span class='ocrx_word' id='word_1_150' title='bbox 578 1192 729 1243; x_wconf 86' lang='lat' dir='ltr'>potero</span> <span class='ocrx_word' id='word_1_151' title='bbox 756 1191 798 1229; x_wconf 90' lang='lat' dir='ltr'>et</span> <span class='ocrx_word' id='word_1_152' title='bbox 830 1188 956 1229; x_wconf 85' lang='lat' dir='ltr'>fateri</span> <span class='ocrx_word' id='word_1_153' title='bbox 981 1187 1144 1228; x_wconf 85' lang='lat' dir='ltr'>nescire</span> <span class='ocrx_word' id='word_1_154' title='bbox 1172 1187 1284 1240; x_wconf 88' lang='lat' dir='ltr'>quod</span> <span class='ocrx_word' id='word_1_155' title='bbox 1308 1187 1509 1241; x_wconf 84' lang='lat' dir='ltr'>nesciam,</span> 
     </span>
     <span class='ocr_line' id='line_1_20' title="bbox 170 1244 1508 1303; baseline -0.004 -13"><span class='ocrx_word' id='word_1_156' title='bbox 170 1249 290 1303; x_wconf 90' lang='lat' dir='ltr'>licet,</span> <span class='ocrx_word' id='word_1_157' title='bbox 332 1248 472 1302; x_wconf 89' lang='lat' dir='ltr'>inquit</span> <span class='ocrx_word' id='word_1_158' title='bbox 513 1246 712 1301; x_wconf 82' lang='lat' dir='ltr'>Crassus,</span> <span class='ocrx_word' id='word_1_159' title='bbox 750 1250 894 1288; x_wconf 84' lang='lat' dir='ltr'>vestro</span> <span class='ocrx_word' id='word_1_160' title='bbox 937 1246 1149 1287; x_wconf 88' lang='lat' dir='ltr'>arbitratu</span> <span class='ocrx_word' id='word_1_161' title='bbox 1187 1244 1508 1299; x_wconf 82' lang='lat' dir='ltr'>percontenn‘ni.</span> 
     </span>
     <span class='ocr_line' id='line_1_21' title="bbox 104 1303 1560 1361; baseline -0.003 -13"><span class='ocrx_word' id='word_1_162' title='bbox 104 1307 320 1361; x_wconf 80' lang='lat' dir='ltr'>102Atqui,</span> <span class='ocrx_word' id='word_1_163' title='bbox 344 1306 485 1360; x_wconf 89' lang='lat' dir='ltr'>inquit</span> <span class='ocrx_word' id='word_1_164' title='bbox 512 1304 777 1360; x_wconf 82' lang='lat' dir='ltr'>[Sulpicius],</span> <span class='ocrx_word' id='word_1_165' title='bbox 807 1305 889 1345; x_wconf 89' lang='lat' dir='ltr'>hoc</span> <span class='ocrx_word' id='word_1_166' title='bbox 915 1319 965 1345; x_wconf 83' lang='lat' dir='ltr'>ex</span> <span class='ocrx_word' id='word_1_167' title='bbox 997 1307 1051 1358; x_wconf 86' lang='lat' dir='ltr'>te,</span> <span class='ocrx_word' id='word_1_168' title='bbox 1083 1304 1132 1344; x_wconf 89' lang='lat' dir='ltr'>de</span> <span class='ocrx_word' id='word_1_169' title='bbox 1159 1317 1242 1357; x_wconf 91' lang='lat' dir='ltr'>quo</span> <span class='ocrx_word' id='word_1_170' title='bbox 1269 1303 1396 1344; x_wconf 90' lang='lat' dir='ltr'>modo</span> <span class='ocrx_word' id='word_1_171' title='bbox 1423 1303 1507 1343; x_wconf 87' lang='lat' dir='ltr'>An-</span> <span class='ocrx_word' id='word_1_172' title='bbox 1527 1319 1560 1344; x_wconf 81' lang='lat'>20</span> 
     </span>
     <span class='ocr_line' id='line_1_22' title="bbox 171 1361 1507 1418; baseline -0.004 -12"><span class='ocrx_word' id='word_1_173' title='bbox 171 1366 316 1406; x_wconf 90' lang='lat' dir='ltr'>tonius</span> <span class='ocrx_word' id='word_1_174' title='bbox 349 1364 565 1418; x_wconf 78' lang='lat' dir='ltr'>exposuit,</span> <span class='ocrx_word' id='word_1_175' title='bbox 602 1363 703 1417; x_wconf 83' lang='lat' dir='ltr'>quid</span> <span class='ocrx_word' id='word_1_176' title='bbox 736 1363 894 1404; x_wconf 88' lang='lat' dir='ltr'>sentias</span> <span class='ocrx_word' id='word_1_177' title='bbox 934 1362 1199 1416; x_wconf 85' lang='lat' dir='ltr'>quaerimus,</span> <span class='ocrx_word' id='word_1_178' title='bbox 1236 1361 1507 1402; x_wconf 82' lang='lat' dir='ltr'>existimesne</span> 
     </span>
     <span class='ocr_line' id='line_1_23' title="bbox 172 1419 1509 1476; baseline -0.003 -12"><span class='ocrx_word' id='word_1_179' title='bbox 172 1427 309 1464; x_wconf 88' lang='lat' dir='ltr'>artem</span> <span class='ocrx_word' id='word_1_180' title='bbox 347 1423 534 1476; x_wconf 84' lang='lat' dir='ltr'>aliquam</span> <span class='ocrx_word' id='word_1_181' title='bbox 574 1436 665 1463; x_wconf 90' lang='lat' dir='ltr'>esse</span> <span class='ocrx_word' id='word_1_182' title='bbox 703 1421 898 1462; x_wconf 77' lang='lat' dir='ltr'>dicendi?</span> <span class='ocrx_word' id='word_1_183' title='bbox 954 1420 1093 1468; x_wconf 78' lang='lat' dir='ltr'>Quid?</span> <span class='ocrx_word' id='word_1_184' title='bbox 1131 1419 1236 1460; x_wconf 89' lang='lat' dir='ltr'>mihi</span> <span class='ocrx_word' id='word_1_185' title='bbox 1273 1433 1349 1460; x_wconf 79' lang='lat' dir='ltr'>vos</span> <span class='ocrx_word' id='word_1_186' title='bbox 1385 1434 1509 1473; x_wconf 89' lang='lat' dir='ltr'>nunc,</span> 
     </span>
     <span class='ocr_line' id='line_1_24' title="bbox 170 1477 1510 1535; baseline -0.004 -12"><span class='ocrx_word' id='word_1_187' title='bbox 170 1482 313 1535; x_wconf 87' lang='lat' dir='ltr'>inquit</span> <span class='ocrx_word' id='word_1_188' title='bbox 353 1480 550 1535; x_wconf 85' lang='lat' dir='ltr'>Crassus,</span> <span class='ocrx_word' id='word_1_189' title='bbox 590 1483 796 1533; x_wconf 82' lang='lat' dir='ltr'>tanquam</span> <span class='ocrx_word' id='word_1_190' title='bbox 834 1479 993 1533; x_wconf 83' lang='lat' dir='ltr'>aliquoi</span> <span class='ocrx_word' id='word_1_191' title='bbox 1033 1477 1240 1519; x_wconf 84' lang='lat' dir='ltr'>Graeculo</span> <span class='ocrx_word' id='word_1_192' title='bbox 1284 1477 1423 1518; x_wconf 92' lang='lat' dir='ltr'>otioso</span> <span class='ocrx_word' id='word_1_193' title='bbox 1466 1481 1510 1518; x_wconf 92' lang='lat' dir='ltr'>et</span> 
     </span>
     <span class='ocr_line' id='line_1_25' title="bbox 171 1535 1510 1594; baseline -0.004 -13"><span class='ocrx_word' id='word_1_194' title='bbox 171 1540 342 1594; x_wconf 90' lang='lat' dir='ltr'>loquaci</span> <span class='ocrx_word' id='word_1_195' title='bbox 367 1541 410 1580; x_wconf 89' lang='lat' dir='ltr'>et</span> <span class='ocrx_word' id='word_1_196' title='bbox 429 1539 611 1580; x_wconf 85' lang='lat' dir='ltr'>fortasse</span> <span class='ocrx_word' id='word_1_197' title='bbox 632 1539 758 1579; x_wconf 90' lang='lat' dir='ltr'>docto</span> <span class='ocrx_word' id='word_1_198' title='bbox 784 1540 913 1590; x_wconf 89' lang='lat' dir='ltr'>atque</span> <span class='ocrx_word' id='word_1_199' title='bbox 939 1536 1104 1577; x_wconf 88' lang='lat' dir='ltr'>erudito</span> <span class='ocrx_word' id='word_1_200' title='bbox 1132 1535 1510 1590; x_wconf 83' lang='lat' dir='ltr'>quaestiunculam,</span> 
     </span>
     <span class='ocr_line' id='line_1_26' title="bbox 174 1593 1561 1652; baseline -0.003 -13"><span class='ocrx_word' id='word_1_201' title='bbox 174 1599 223 1639; x_wconf 91' lang='lat' dir='ltr'>de</span> <span class='ocrx_word' id='word_1_202' title='bbox 256 1613 340 1652; x_wconf 89' lang='lat' dir='ltr'>qua</span> <span class='ocrx_word' id='word_1_203' title='bbox 370 1611 465 1638; x_wconf 91' lang='lat' dir='ltr'>meo</span> <span class='ocrx_word' id='word_1_204' title='bbox 498 1596 710 1638; x_wconf 87' lang='lat' dir='ltr'>arbitratu</span> <span class='ocrx_word' id='word_1_205' title='bbox 740 1595 909 1649; x_wconf 88' lang='lat' dir='ltr'>loquar,</span> <span class='ocrx_word' id='word_1_206' title='bbox 944 1594 1135 1648; x_wconf 77' lang='lat' dir='ltr'>ponitis?</span> <span class='ocrx_word' id='word_1_207' title='bbox 1186 1593 1363 1642; x_wconf 83' lang='lat' dir='ltr'>Quando</span> <span class='ocrx_word' id='word_1_208' title='bbox 1396 1593 1509 1634; x_wconf 90' lang='lat' dir='ltr'>enim</span> <span class='ocrx_word' id='word_1_209' title='bbox 1529 1609 1561 1635; x_wconf 80' lang='lat'>25</span> 
     </span>
     <span class='ocr_line' id='line_1_27' title="bbox 173 1651 1510 1708; baseline -0.004 -11"><span class='ocrx_word' id='word_1_210' title='bbox 173 1670 240 1697; x_wconf 91' lang='lat' dir='ltr'>me</span> <span class='ocrx_word' id='word_1_211' title='bbox 259 1656 345 1696; x_wconf 91' lang='lat' dir='ltr'>ista</span> <span class='ocrx_word' id='word_1_212' title='bbox 365 1669 534 1696; x_wconf 89' lang='lat' dir='ltr'>curasse</span> <span class='ocrx_word' id='word_1_213' title='bbox 556 1657 629 1695; x_wconf 90' lang='lat' dir='ltr'>aut</span> <span class='ocrx_word' id='word_1_214' title='bbox 649 1653 861 1708; x_wconf 78' lang='lat' dir='ltr'>cogitasse</span> <span class='ocrx_word' id='word_1_215' title='bbox 882 1651 1150 1693; x_wconf 83' lang='lat' dir='ltr'>arbitramini</span> <span class='ocrx_word' id='word_1_216' title='bbox 1176 1654 1218 1692; x_wconf 94' lang='lat' dir='ltr'>et</span> <span class='ocrx_word' id='word_1_217' title='bbox 1237 1665 1325 1692; x_wconf 90' lang='lat' dir='ltr'>non</span> <span class='ocrx_word' id='word_1_218' title='bbox 1344 1666 1510 1706; x_wconf 90' lang='lat' dir='ltr'>semper</span> 
     </span>
     <span class='ocr_line' id='line_1_28' title="bbox 170 1710 1509 1767; baseline -0.004 -12"><span class='ocrx_word' id='word_1_219' title='bbox 170 1714 364 1755; x_wconf 90' lang='lat' dir='ltr'>inrisisse</span> <span class='ocrx_word' id='word_1_220' title='bbox 407 1713 552 1767; x_wconf 86' lang='lat' dir='ltr'>potius</span> <span class='ocrx_word' id='word_1_221' title='bbox 597 1726 743 1753; x_wconf 89' lang='lat' dir='ltr'>eorum</span> <span class='ocrx_word' id='word_1_222' title='bbox 791 1711 1013 1752; x_wconf 89' lang='lat' dir='ltr'>hominum</span> <span class='ocrx_word' id='word_1_223' title='bbox 1061 1710 1386 1764; x_wconf 88' lang='lat' dir='ltr'>impudentiam,</span> <span class='ocrx_word' id='word_1_224' title='bbox 1436 1710 1509 1764; x_wconf 86' lang='lat' dir='ltr'>qui</span> 
     </span>
     <span class='ocr_line' id='line_1_29' title="bbox 174 1768 1510 1826; baseline -0.004 -13"><span class='ocrx_word' id='word_1_225' title='bbox 174 1786 304 1826; x_wconf 89' lang='lat' dir='ltr'>quom</span> <span class='ocrx_word' id='word_1_226' title='bbox 333 1772 380 1812; x_wconf 89' lang='lat' dir='ltr'>in</span> <span class='ocrx_word' id='word_1_227' title='bbox 411 1771 557 1812; x_wconf 89' lang='lat' dir='ltr'>schola</span> <span class='ocrx_word' id='word_1_228' title='bbox 589 1770 865 1823; x_wconf 90' lang='lat' dir='ltr'>assedissent,</span> <span class='ocrx_word' id='word_1_229' title='bbox 902 1783 952 1809; x_wconf 85' lang='lat' dir='ltr'>ex</span> <span class='ocrx_word' id='word_1_230' title='bbox 989 1782 1146 1823; x_wconf 88' lang='lat' dir='ltr'>magna</span> <span class='ocrx_word' id='word_1_231' title='bbox 1177 1768 1399 1809; x_wconf 89' lang='lat' dir='ltr'>hominum</span> <span class='ocrx_word' id='word_1_232' title='bbox 1431 1768 1510 1809; x_wconf 88' lang='lat' dir='ltr'>fre-</span> 
     </span>
     <span class='ocr_line' id='line_1_30' title="bbox 105 1825 1509 1884; baseline -0.004 -12"><span class='ocrx_word' id='word_1_233' title='bbox 105 1830 351 1884; x_wconf 86' lang='lat' dir='ltr'>103quentia</span> <span class='ocrx_word' id='word_1_234' title='bbox 382 1830 518 1871; x_wconf 91' lang='lat' dir='ltr'>dicere</span> <span class='ocrx_word' id='word_1_235' title='bbox 549 1829 745 1869; x_wconf 87' lang='lat' dir='ltr'>iuberent</span> <span class='ocrx_word' id='word_1_236' title='bbox 778 1827 814 1868; x_wconf 93' lang='lat' dir='ltr'>si</span> <span class='ocrx_word' id='word_1_237' title='bbox 846 1827 939 1881; x_wconf 91' lang='lat' dir='ltr'>quis</span> <span class='ocrx_word' id='word_1_238' title='bbox 967 1826 1067 1880; x_wconf 89' lang='lat' dir='ltr'>quid</span> <span class='ocrx_word' id='word_1_239' title='bbox 1094 1826 1342 1879; x_wconf 78' lang='lat' dir='ltr'>quaereret?</span> <span class='ocrx_word' id='word_1_240' title='bbox 1387 1825 1509 1874; x_wconf 84' lang='lat' dir='ltr'>Quod</span> 
     </span>
     <span class='ocr_line' id='line_1_31' title="bbox 172 1883 1562 1943; baseline -0.004 -14"><span class='ocrx_word' id='word_1_241' title='bbox 172 1889 359 1943; x_wconf 89' lang='lat' dir='ltr'>primum</span> <span class='ocrx_word' id='word_1_242' title='bbox 390 1888 534 1929; x_wconf 85' lang='lat' dir='ltr'>ferunt</span> <span class='ocrx_word' id='word_1_243' title='bbox 565 1886 823 1928; x_wconf 86' lang='lat' dir='ltr'>Leontinum</span> <span class='ocrx_word' id='word_1_244' title='bbox 858 1885 1009 1926; x_wconf 88' lang='lat' dir='ltr'>fecisse</span> <span class='ocrx_word' id='word_1_245' title='bbox 1048 1883 1271 1939; x_wconf 81' lang='lat' dir='ltr'>Gorgiam,</span> <span class='ocrx_word' id='word_1_246' title='bbox 1309 1884 1382 1938; x_wconf 90' lang='lat' dir='ltr'>qui</span> <span class='ocrx_word' id='word_1_247' title='bbox 1417 1898 1509 1938; x_wconf 83' lang='lat' dir='ltr'>per·</span> <span class='ocrx_word' id='word_1_248' title='bbox 1527 1900 1562 1925; x_wconf 86' lang='lat'>30</span> 
     </span>
     <span class='ocr_line' id='line_1_32' title="bbox 173 1942 1509 2001; baseline -0.004 -14"><span class='ocrx_word' id='word_1_249' title='bbox 173 1961 378 2001; x_wconf 88' lang='lat' dir='ltr'>magnum</span> <span class='ocrx_word' id='word_1_250' title='bbox 428 1945 628 1999; x_wconf 90' lang='lat' dir='ltr'>quiddam</span> <span class='ocrx_word' id='word_1_251' title='bbox 677 1943 891 1998; x_wconf 90' lang='lat' dir='ltr'>suscipere</span> <span class='ocrx_word' id='word_1_252' title='bbox 941 1957 989 1984; x_wconf 89' lang='lat' dir='ltr'>ac</span> <span class='ocrx_word' id='word_1_253' title='bbox 1037 1943 1229 1996; x_wconf 89' lang='lat' dir='ltr'>profiteri</span> <span class='ocrx_word' id='word_1_254' title='bbox 1272 1942 1509 1997; x_wconf 79' lang='lat' dir='ltr'>videbatur,</span> 
     </span>
     <span class='ocr_line' id='line_1_33' title="bbox 174 2000 1510 2058; baseline -0.003 -13"><span class='ocrx_word' id='word_1_255' title='bbox 174 2019 303 2058; x_wconf 91' lang='lat' dir='ltr'>quom</span> <span class='ocrx_word' id='word_1_256' title='bbox 342 2018 385 2045; x_wconf 94' lang='lat' dir='ltr'>se</span> <span class='ocrx_word' id='word_1_257' title='bbox 424 2004 476 2045; x_wconf 90' lang='lat' dir='ltr'>ad</span> <span class='ocrx_word' id='word_1_258' title='bbox 514 2003 674 2057; x_wconf 85' lang='lat' dir='ltr'>omnia,</span> <span class='ocrx_word' id='word_1_259' title='bbox 711 2002 760 2043; x_wconf 91' lang='lat' dir='ltr'>de</span> <span class='ocrx_word' id='word_1_260' title='bbox 793 2001 946 2055; x_wconf 82' lang='lat' dir='ltr'>quibus</span> <span class='ocrx_word' id='word_1_261' title='bbox 979 2000 1157 2054; x_wconf 87' lang='lat' dir='ltr'>quisque</span> <span class='ocrx_word' id='word_1_262' title='bbox 1194 2001 1338 2041; x_wconf 84' lang='lat' dir='ltr'>audire</span> <span class='ocrx_word' id='word_1_263' title='bbox 1369 2000 1510 2055; x_wconf 83' lang='lat' dir='ltr'>vellet,</span> 
     </span>
     <span class='ocr_line' id='line_1_34' title="bbox 174 2058 1507 2116; baseline -0.004 -13"><span class='ocrx_word' id='word_1_264' title='bbox 174 2077 265 2104; x_wconf 92' lang='lat' dir='ltr'>esse</span> <span class='ocrx_word' id='word_1_265' title='bbox 283 2065 482 2116; x_wconf 89' lang='lat' dir='ltr'>paratum</span> <span class='ocrx_word' id='word_1_266' title='bbox 502 2061 781 2102; x_wconf 88' lang='lat' dir='ltr'>denuntiaret.</span> <span class='ocrx_word' id='word_1_267' title='bbox 824 2059 982 2100; x_wconf 89' lang='lat' dir='ltr'>Postea</span> <span class='ocrx_word' id='word_1_268' title='bbox 999 2073 1099 2099; x_wconf 85' lang='lat' dir='ltr'>vero</span> <span class='ocrx_word' id='word_1_269' title='bbox 1119 2059 1248 2113; x_wconf 81' lang='lat' dir='ltr'>vulgo</span> <span class='ocrx_word' id='word_1_270' title='bbox 1268 2059 1350 2099; x_wconf 92' lang='lat' dir='ltr'>hoc</span> <span class='ocrx_word' id='word_1_271' title='bbox 1369 2058 1507 2099; x_wconf 86' lang='lat' dir='ltr'>facere</span> 
     </span>
     <span class='ocr_line' id='line_1_35' title="bbox 174 2116 1508 2174; baseline -0.004 -12"><span class='ocrx_word' id='word_1_272' title='bbox 174 2123 405 2174; x_wconf 88' lang='lat' dir='ltr'>coeperunt</span> <span class='ocrx_word' id='word_1_273' title='bbox 424 2120 632 2173; x_wconf 84' lang='lat' dir='ltr'>hodieque</span> <span class='ocrx_word' id='word_1_274' title='bbox 658 2118 833 2171; x_wconf 82' lang='lat' dir='ltr'>faciunt,</span> <span class='ocrx_word' id='word_1_275' title='bbox 858 2120 906 2158; x_wconf 92' lang='lat' dir='ltr'>ut</span> <span class='ocrx_word' id='word_1_276' title='bbox 925 2116 1043 2157; x_wconf 86' lang='lat' dir='ltr'>nulla</span> <span class='ocrx_word' id='word_1_277' title='bbox 1063 2117 1119 2157; x_wconf 91' lang='lat' dir='ltr'>sit</span> <span class='ocrx_word' id='word_1_278' title='bbox 1144 2131 1210 2158; x_wconf 87' lang='lat' dir='ltr'>res</span> <span class='ocrx_word' id='word_1_279' title='bbox 1230 2131 1366 2170; x_wconf 89' lang='lat' dir='ltr'>neque</span> <span class='ocrx_word' id='word_1_280' title='bbox 1386 2119 1508 2157; x_wconf 90' lang='lat' dir='ltr'>tanta</span> 
     </span>
     <span class='ocr_line' id='line_1_36' title="bbox 172 2175 1602 2232; baseline -0.004 -12"><span class='ocrx_word' id='word_1_281' title='bbox 172 2193 310 2232; x_wconf 90' lang='lat' dir='ltr'>neque</span> <span class='ocrx_word' id='word_1_282' title='bbox 341 2181 431 2219; x_wconf 87' lang='lat' dir='ltr'>tam</span> <span class='ocrx_word' id='word_1_283' title='bbox 461 2177 680 2231; x_wconf 84' lang='lat' dir='ltr'>inprovisa</span> <span class='ocrx_word' id='word_1_284' title='bbox 709 2190 846 2230; x_wconf 91' lang='lat' dir='ltr'>neque</span> <span class='ocrx_word' id='word_1_285' title='bbox 877 2178 967 2216; x_wconf 89' lang='lat' dir='ltr'>tam</span> <span class='ocrx_word' id='word_1_286' title='bbox 996 2188 1119 2229; x_wconf 84' lang='lat' dir='ltr'>nova,</span> <span class='ocrx_word' id='word_1_287' title='bbox 1150 2175 1199 2215; x_wconf 80' lang='lat' dir='ltr'>de</span> <span class='ocrx_word' id='word_1_288' title='bbox 1233 2189 1316 2228; x_wconf 89' lang='lat' dir='ltr'>qua</span> <span class='ocrx_word' id='word_1_289' title='bbox 1347 2188 1390 2215; x_wconf 90' lang='lat' dir='ltr'>se</span> <span class='ocrx_word' id='word_1_290' title='bbox 1421 2188 1508 2215; x_wconf 91' lang='lat' dir='ltr'>non</span> <span class='ocrx_word' id='word_1_291' title='bbox 1526 2189 1560 2215; x_wconf 87' lang='lat'>35</span> <span class='ocrx_word' id='word_1_292' title='bbox 1598 2177 1602 2181; x_wconf 82' lang='grc'><em>’</em></span> 
     </span>
     <span class='ocr_line' id='line_1_37' title="bbox 176 2231 1506 2290; baseline -0.005 -12"><span class='ocrx_word' id='word_1_293' title='bbox 176 2237 320 2278; x_wconf 89' lang='lat' dir='ltr'>omnia</span> <span class='ocrx_word' id='word_1_294' title='bbox 363 2250 470 2290; x_wconf 89' lang='lat' dir='ltr'>quae</span> <span class='ocrx_word' id='word_1_295' title='bbox 514 2235 596 2276; x_wconf 92' lang='lat' dir='ltr'>dici</span> <span class='ocrx_word' id='word_1_296' title='bbox 639 2235 807 2289; x_wconf 87' lang='lat' dir='ltr'>possint</span> <span class='ocrx_word' id='word_1_297' title='bbox 848 2233 1130 2288; x_wconf 89' lang='lat' dir='ltr'>profiteantur</span> <span class='ocrx_word' id='word_1_298' title='bbox 1173 2247 1264 2273; x_wconf 92' lang='lat' dir='ltr'>esse</span> <span class='ocrx_word' id='word_1_299' title='bbox 1308 2231 1506 2273; x_wconf 90' lang='lat' dir='ltr'>dicturos.</span> 
     </span>
     <span class='ocr_line' id='line_1_38' title="bbox 104 2289 1507 2349; baseline -0.005 -12"><span class='ocrx_word' id='word_1_300' title='bbox 104 2294 298 2344; x_wconf 80' lang='lat' dir='ltr'>104Quod</span> <span class='ocrx_word' id='word_1_301' title='bbox 329 2294 365 2335; x_wconf 91' lang='lat' dir='ltr'>si</span> <span class='ocrx_word' id='word_1_302' title='bbox 396 2297 457 2349; x_wconf 90' lang='lat' dir='ltr'>te,</span> <span class='ocrx_word' id='word_1_303' title='bbox 494 2291 640 2348; x_wconf 87' lang='lat' dir='ltr'>Cotta,</span> <span class='ocrx_word' id='word_1_304' title='bbox 677 2293 908 2334; x_wconf 86' lang='lat' dir='ltr'>arbitrarer</span> <span class='ocrx_word' id='word_1_305' title='bbox 939 2293 1013 2332; x_wconf 87' lang='lat' dir='ltr'>aut</span> <span class='ocrx_word' id='word_1_306' title='bbox 1049 2293 1110 2345; x_wconf 90' lang='lat' dir='ltr'>te,</span> <span class='ocrx_word' id='word_1_307' title='bbox 1149 2289 1328 2345; x_wconf 81' lang='lat' dir='ltr'>Sulpici,</span> <span class='ocrx_word' id='word_1_308' title='bbox 1366 2290 1416 2330; x_wconf 92' lang='lat' dir='ltr'>de</span> <span class='ocrx_word' id='word_1_309' title='bbox 1452 2289 1507 2330; x_wconf 88' lang='lat' dir='ltr'>iis</span> 
     </span>
    </p>
   </div>
  </div>
 </body>
</html>
