1643 2526
62 729 95 754 10

63 1019 95 1045 15

63 1312 95 1336 20

62 1603 94 1628 25

61 1894 94 1920 30

60 2186 92 2211 35

410 91 554 126 LIBER
578 91 622 126 Π.
675 91 774 127 CAP.
802 95 857 127 67.
908 95 927 134 ἓ
954 95 1067 125 265-
1097 96 1150 127 72.
1370 92 1450 133 137

114 201 158 228 se
191 186 356 239 [homo]
388 186 588 228 inimicus
615 186 833 228 consulem
864 186 1037 228 fecisset
1062 187 1174 228 bello
1201 188 1453 242 praesertim

113 260 270 300 magno
316 248 358 286 et
401 245 538 300 gravi:
582 245 727 287 Nihil
777 248 854 286 est
903 246 1034 299 quod
1062 246 1205 287 ·mihi
1257 246 1452 301 gratias

115 318 256 359 agas,
292 303 452 358 inquit,
490 304 532 345 si
570 303 726 345 malui
765 304 1035 358 compilari
1078 319 1221 358 quam
1263 304 1453 359 venire,

114 365 162 403 ut
204 362 351 403 Asello
396 362 624 403 Africanus
671 362 874 403 obicienti
918 362 1101 403 lustrum
1144 363 1249 404 illud
1292 363 1454 418 infelix,

114 420 253 475 Noli,
283 420 436 475 inquit,
467 421 664 476 mirari3
695 420 738 461 is
771 421 918 475 enim,
952 421 1035 475 qui
1068 424 1115 462 te
1149 436 1203 462 ex
1237 422 1452 463 aerariis

114 479 318 533 exemit,
348 479 568 520 lustrum
601 479 829 520 condidit
856 482 904 520 et
929 480 1452 522 taurumimmolavit.

115 537 272 590 [Tanta
298 538 485 591 suspicio
513 540 589 592 est,
620 541 668 578 ut
694 537 900 592 religione
928 538 1145 579 civitatem
1173 539 1453 580 obstrinxisse

114 596 307 637 videatur
338 595 589 650 Mummius,
621 596 734 650 quod
765 596 959 637 Asellum
995 596 1234 651 ignominia
1269 597 1452 650 levarit]

232 653 408 695 Urbana
434 654 565 695 etiam
592 654 876 695 dissimulatio
904 658 981 709 est,
1001 669 1131 708 quom
1151 655 1235 696 alia
1255 656 1454 697 dicuntur

115 728 163 754 ac
196 712 374 766 sentias,
410 726 498 753 11011
527 713 602 753 1110
637 727 807 767 genere,
845 713 895 754 de
928 728 1011 768 quo
1045 717 1142 754 ante
1181 714 1285 768 dixi,
1324 729 1454 768 quom

115 771 330 813 contraria
370 771 503 825 dicas,
543 774 592 811 ut
629 771 803 812 Lamiae
843 769 1040 826 Crassus,
1082 772 1154 813 sed
1192 787 1322 826 quom
1359 776 1453 814 toto

115 844 268 885 genere
301 829 508 870 orationis
542 844 684 870 severe
715 829 856 883 ludas,
894 844 1023 883 quom
1056 831 1180 871 aliter
1213 831 1372 872 sentias
1406 846 1454 873 ac

114 889 306 941 loquare3
331 891 380 928 ut
404 891 551 928 noster
578 886 781 928 Scaevola
808 887 1100 942 Septumuleio
1126 889 1190 929 illi
1211 889 1455 944 Anagnino,

115 947 183 988 cui
202 960 279 1000 pro
301 944 344 987 C.
368 945 549 987 Gracchi
577 946 715 1000 capite
736 949 826 987 erat
846 961 997 987 aurum
1018 961 1257 1001 repensum,
1281 948 1454 1003 roganti

115 1008 164 1045 ut
196 1019 240 1045 se
271 1004 317 1044 in
348 1004 498 1045 Asiam
528 1005 793 1058 praefectum
832 1005 1020 1046 duceret:
1059 1005 1186 1053 Quid
1224 1006 1323 1047 tibi
1362 1006 1454 1061 vis,

114 1063 267 1116 inquit,
297 1062 503 1103 insane?
535 1063 696 1104 Tanta
727 1063 973 1104 malorum
1006 1064 1191 1105 civium
1223 1067 1300 1105 est
1332 1065 1454 1105 mul-

115 1121 303 1175 titudo,
340 1124 393 1161 ut
430 1121 529 1162 tibi
568 1135 659 1176 ego
697 1121 790 1162 hoc
829 1121 1145 1176 confirmem,
1186 1122 1227 1163 31
1268 1122 1491 1164 Romae.

115 1179 383 1233 manseris,
408 1180 584 1233 paucis
612 1179 756 1220 annis
783 1182 830 1220 te
857 1180 916 1220 ad
941 1180 1183 1222 maximas
1209 1181 1453 1235 pecunias

116 1252 224 1279 esse
250 1241 527 1279 venturum.
571 1238 665 1279 Hoc
690 1238 737 1278 in
763 1252 915 1292 genere
941 1238 1130 1280 Fannius
1156 1239 1201 1279 in
1228 1240 1524 1281 annalibus270

116 1296 203 1337 suis
224 1295 475 1336 Africanum
500 1296 614 1336 hunc
634 1295 924 1337 Aemilianum
944 1297 1048 1338 dicit
1074 1297 1103 1350 ’ξ-
1129 1297 1261 1338 fuisse
1289 1301 1331 1339 et
1357 1313 1454 1339 eum

116 1353 279 1395 Graeco
311 1355 441 1395 verbo
475 1354 662 1408 appellat
693 1359 870 1407 &sonum
904 1355 996 1409 sed,
1026 1355 1091 1396 uti
1123 1356 1161 1396 ei
1193 1356 1350 1410 feumt,
1382 1357 1453 1410 qui

115 1412 266 1453 melius
303 1412 407 1453 haec
445 1415 624 1466 norunt,
663 1387 883 1453 Socratem
923 1389 1074 1467 opinor
1110 1413 1156 1454 in
1195 1414 1275 1455 hac
1315 1415 1455 1455 ironia

116 1470 514 1524 dissimulantiaque
545 1470 672 1525 longe
704 1471 848 1525 lepore
881 1474 923 1512 et
954 1471 1221 1512 humanitate
1255 1473 1453 1513 omnibus

113 1529 392 1583 praestitisse.
457 1528 600 1569 Genus
621 1506 704 1569 C>est
741 1529 991 1584 perelegans
1031 1533 1073 1570 et
1112 1545 1209 1571 cum
1243 1531 1454 1585 gravitate

115 1588 276 1628 salsum
308 1601 519 1641 quomque
552 1587 752 1628 oratoriis
785 1587 1026 1629 actionibus
1053 1591 1146 1629 tum
1171 1589 1345 1630 urbanis
1373 1604 1455 1630 ser-

115 1645 313 1687 monibus
341 1646 719 1687 accommodatum.
759 1646 818 1686 Et
844 1646 1015 1687 hercule
1042 1647 1184 1688 omnia
1203 1647 1320 1701 haec,
1347 1658 1523 1701 quae271

115 1719 139 1745 a
170 1719 236 1745 me
269 1704 318 1744 de
357 1704 524 1745 facetiis
563 1704 854 1759 disputantur,
890 1719 977 1745 non
1017 1705 1181 1746 maiora
1218 1705 1455 1747 forensium

115 1762 333 1803 actionum
366 1777 494 1815 quam
533 1764 724 1803 omnium
756 1777 1001 1804 sermonum
1039 1764 1312 1805 condimenta
1344 1767 1454 1805 sunt.

114 1819 227 1861 Nam
261 1820 371 1861 sicut
397 1821 510 1874 quod
537 1821 647 1875 apud
673 1820 881 1862 Catonem
907 1825 984 1875 est,
1016 1822 1088 1875 qui
1114 1823 1251 1863 multa
1275 1823 1444 1864 rettulit

115 1893 165 1919 ex
204 1879 358 1932 quibus
402 1893 426 1919 a
466 1894 532 1919 me
574 1879 755 1933 exempli
797 1894 926 1921 causa
966 1879 1186 1934 complura
1225 1883 1457 1935 ponuntur,

113 1951 189 1990 per
220 1936 326 1977 mihi
359 1936 514 1977 scitum
553 1937 740 1992 videtur,
780 1936 823 1978 C.
863 1937 1107 1979 Publicium
1148 1938 1323 1979 solitum
1363 1954 1454 1980 esse

115 1995 272 2049 dicere,
320 1994 365 2035 P.
409 1994 703 2036 Mummium
753 1996 1023 2050 quoiusvis
1072 1997 1321 2050 temporis
1370 1997 1455 2038 ho-

114 2053 296 2094 minem
328 2067 454 2094 esse:
488 2053 548 2094 310
573 2054 768 2108 profecto
796 2069 839 2095 se
866 2069 932 2095 res
958 2054 1101 2109 habet,
1131 2055 1297 2096 nullum
1324 2058 1371 2096 ut
1398 2056 1455 2096 sit

112 2111 225 2152 vitae
251 2114 432 2165 tempus,
457 2111 503 2151 in
529 2126 612 2165 quo
632 2127 720 2153 non
739 2113 886 2153 deceat
911 2113 1100 2167 leporem
1125 2113 1455 2154 humanitatem-

1446 1857 1457 1877 7

114 2183 194 2222 que
220 2169 392 2210 versari.
445 2168 526 2210 Sed
551 2171 676 2211 redeo
704 2171 756 2212 ad
783 2174 933 2212 cetera.
977 2171 1059 2212 Est
1082 2171 1182 2212 huic
1208 2172 1524 2212 finitumum272

113 2227 458 2281 dissimulationi,
491 2242 620 2281 quom
650 2228 833 2270 honesto
865 2229 995 2270 verbo
1027 2229 1184 2271 vitiosa
1214 2244 1282 2270 res
1315 2229 1455 2283 appel-

112 2285 244 2341 latur,
281 2289 329 2327 ut
362 2300 491 2339 quom
522 2286 750 2328 Africanus
791 2301 940 2328 censor
971 2288 1087 2329 tribu
1125 2288 1326 2329 movebat
1359 2302 1456 2328 eum

1468 632 1522 673 67

1457 701 1523 732 269
