1643 2526
113 332 155 362 14

112 1500 153 1529 16

113 2021 152 2053 17

180 110 266 151 392
540 110 858 146 PARTITIONES
886 111 1159 146 ORATOR-IAE

180 206 509 259 praeteritarum
548 220 690 246 rerum
731 208 805 246 aut
843 205 1148 260 praesentium3
1194 206 1335 247 suasio
1375 210 1515 248 autem

180 264 435 304 futurarum.
498 262 636 311 Quare
675 264 727 304 ad
764 265 890 305 fidem
922 267 965 305 et
998 264 1050 305 ad
1081 267 1245 304 motum
1279 264 1517 306 adhibenda

181 325 246 363 est
279 322 416 362 omnis
451 322 600 363 oratio.
663 320 706 363 O.
739 321 862 377 Quid,
892 323 937 363 in
967 322 1136 363 iudiciis
1169 336 1274 375 quae
1301 326 1366 364 est
1392 323 1517 364 collo-

181 380 323 421 catio?
373 379 418 420 P.
450 379 550 421 Non
582 380 728 422 eadem
767 380 1027 422 accusatoris
1061 384 1103 421 et
1134 381 1212 435 rei,
1249 382 1361 434 quod
1400 396 1518 423 accu-

181 441 298 480 sator
323 453 465 479 rerum
492 438 683 480 ordinem
707 439 979 493 persequitur
1005 442 1047 480 et
1073 439 1241 494 singula
1266 442 1518 494 argumenta
1555 455 1571 480 5

180 496 302 551 quasi
334 497 480 538 hastas
517 497 563 537 in
593 512 722 538 manu
760 497 960 551 collocat,
996 497 1267 538 vehementer
1303 498 1519 552 proponit,

181 555 396 597 concludit
422 555 588 610 acriter,
617 556 841 597 confirmat
868 556 1026 596 tabulis
1054 556 1231 597 decretis
1259 555 1517 597 testimoniis

181 613 506 667 accuratiusque
549 614 595 654 in
638 614 818 669 singulis
863 617 1168 668 commoratur,
1214 613 1266 654 iis
1301 614 1518 655 'orationis

180 672 438 726 praeceptis,
481 687 587 726 quae
626 673 677 713 ad
714 672 955 713 incitandos
994 672 1156 713 animos
1194 673 1355 726 valent,
1395 675 1438 713 et
1474 673 1520 713 in

179 730 344 783 reliqua
382 730 574 771 oratione
614 731 790 784 paulum
829 731 1068 785 digrediens
1108 731 1156 771 de
1190 745 1316 772 cursu
1353 730 1520 772 dicendi
1539 748 1573 772 ιο

180 788 318 829 utitur
355 792 398 829 et
435 788 729 829 vehementius
767 789 811 828 in
849 789 1096 842 perorando.
1158 789 1239 829 Est
1276 788 1389 829 enim
1425 803 1520 843 pro-

178 847 382 901 positum,
407 850 454 887 ut
478 847 637 887 iratum
658 846 816 887 efficiat
835 847 1029 888 iudicem.
1080 845 1123 887 C.
1151 846 1261 895 Quid
1279 847 1520 888 faciendum

181 908 245 946 est
279 908 428 946 contra
459 905 561 946 reo?
606 905 650 945 P.
684 904 837 946 Omnia
862 905 988 960 longe
1016 902 1148 946 secus.
1209 905 1426 959 Principia
1455 920 1521 946 su-

180 963 332 1004 menda
381 964 434 1004 ad
482 963 815 1004 benivolentiam
866 964 1192 1018 conciliandam3
1253 964 1520 1004 narrationes

180 1025 254 1062 aut
293 1023 594 1076 amputandae,
635 1037 741 1076 quae
779 1022 971 1076 laedunt,
1015 1025 1088 1063 aut
1128 1022 1448 1076 relinquendae,
1485 1022 1520 1063 si
1544 1039 1573 1063 15

180 1083 297 1121 totae
330 1083 430 1121 sunt
461 1080 684 1135 molestae3
728 1081 996 1121 firmamenta
1035 1081 1087 1121 ad
1117 1081 1244 1121 fidem
1274 1080 1416 1134 posita
1448 1083 1522 1121 aut

180 1153 254 1192 per
299 1152 342 1179 se
388 1138 585 1179 diluenda
629 1142 702 1179 aut
751 1139 1016 1180 obscuranda
1060 1142 1133 1179 aut
1183 1138 1519 1193 digressionibus

181 1196 415 1251 obruenda,
458 1196 750 1250 perorationes
792 1200 934 1238 autem
975 1197 1026 1237 ad
1057 1196 1393 1238 misericordiam
1426 1211 1521 1237 con-

180 1254 388 1295 ferendae.
434 1253 478 1295 C.
507 1253 736 1308 Semperne
756 1255 890 1309 igitur
911 1255 1101 1295 ordinem
1122 1255 1369 1309 collocandi,
1395 1269 1521 1308 quem

180 1313 394 1367 volumus,
425 1315 570 1354 tenere
601 1313 858 1367 possumus?
907 1312 952 1353 P.
985 1312 1085 1353 Non
1117 1327 1236 1368 sane3
1275 1328 1374 1354 nam
1407 1313 1521 1353 audi·
1540 1330 1574 1354 20

180 1371 287 1412 toris
330 1386 452 1412 aures
494 1371 768 1412 moderantur
810 1371 970 1412 oratori
1010 1371 1210 1425 prudenti
1248 1374 1289 1412 et
1326 1371 1521 1425 provido:

182 1444 254 1470 eae
287 1430 400 1482 quod
432 1433 638 1484 respuunt
670 1429 984 1470 immutandum
1016 1432 1091 1470 est.

301 1486 343 1528 C.
375 1488 554 1542 Expone
586 1488 796 1542 deinceps,
831 1502 938 1542 quae
970 1488 1104 1542 ipsius
1138 1487 1344 1528 orationis
1376 1487 1522 1528 verbo-

180 1561 358 1600 rumque
384 1549 611 1600 praecepta
637 1546 734 1587 sint.
796 1545 840 1586 P.
873 1546 1015 1587 Unum
1043 1560 1176 1600 genus
1206 1549 1271 1587 est
1296 1545 1521 1598 eloquendi

182 1619 258 1644 sua
298 1607 449 1658 sponte
490 1604 649 1657 fusum3
695 1604 876 1645 alterum
913 1619 1081 1645 versum
1126 1607 1253 1658 atque
1297 1606 1520 1644 mutatum.
1541 1620 1574 1645 25

180 1662 324 1702 Prima
357 1662 419 1703 vis
453 1665 518 1703 est
548 1663 593 1702 in
625 1662 890 1716 simplicibus
923 1662 1077 1716 verbis,
1112 1663 1158 1702 in
1190 1661 1427 1703 coniunctis
1461 1676 1522 1702 se-

181 1720 328 1762 cunda.
369 1719 589 1774 Simplicia
607 1720 860 1760 invenienda
880 1723 991 1773 sunt,
1011 1720 1254 1760 coniunctio
1275 1719 1522 1761 collocanda

181 1781 256 1819 est.
319 1778 377 1819 Et
419 1778 630 1832 simplicia
671 1778 800 1819 verba
840 1778 998 1832 partim
1038 1778 1182 1819 nativa
1224 1781 1323 1819 sunt
1362 1778 1521 1832 partim

181 1839 359 1890 reperta.
422 1835 580 1877 Nativa
613 1851 679 1891 ea,
717 1850 823 1889 quae
862 1836 1104 1890 significata
1143 1839 1242 1877 sunt
1274 1851 1418 1891 sensu,
1460 1850 1521 1877 re-

179 1898 313 1949 perta,
340 1909 446 1948 quae
474 1909 524 1935 ex
548 1894 601 1935 iis
628 1894 743 1936 facta
769 1891 867 1934 sunt
894 1897 935 1934 et
960 1897 1117 1935 novata
1143 1897 1217 1935 aut
1243 1894 1521 1935 similitudine
1539 1911 1572 1936 30

183 1956 257 1993 aut
282 1953 525 1993 imitatione
546 1956 620 1993 aut
639 1952 865 1993 inflexione
893 1955 966 1992 aut
992 1952 1263 1993 adiunctione
1282 1953 1520 1993 verborum.

180 2010 323 2064 Atque
357 2011 487 2051 etiam
518 2014 583 2051 est
613 2010 717 2052 haec
757 2010 976 2051 distinctio
1008 2010 1052 2050 in
1085 2011 1243 2065 verbis,
1287 2011 1421 2051 altera
1450 2025 1522 2051 na-

181 2071 296 2122 tura,
333 2069 591 2109 tractatione
630 2069 773 2110 altera.
835 2067 1020 2122 Natura,
1058 2072 1107 2109 ut
1139 2069 1225 2109 sint
1257 2069 1340 2109 alia
1372 2082 1522 2109 sonan-

181 2127 293 2168 tiora
325 2127 552 2182 grandiora
577 2127 737 2167 leviora
764 2129 806 2167 et
832 2127 1014 2180 quodam
1041 2127 1167 2168 modo
1192 2126 1407 2180 nitidiora,
1438 2126 1522 2167 alia

182 2188 349 2240 contra3
380 2184 636 2226 tractatione
670 2187 825 2238 autem,
857 2199 953 2224 cum
986 2188 1059 2225 aut
1089 2185 1263 2239 propria
1296 2187 1521 2225 sumuntur
1539 2201 1572 2226 35
1621 2200 1624 2203 ·

181 2258 323 2284 rerum
361 2243 570 2284 vocabula
608 2246 681 2283 aut
719 2242 862 2283 addita
900 2243 951 2282 ad
991 2257 1147 2284 nomen
1188 2246 1262 2284 aut
1300 2256 1412 2283 nova
1448 2245 1522 2283 aut

179 2301 321 2355 prisca
366 2304 440 2342 aut
485 2301 537 2342 ab
581 2304 748 2342 oratore
787 2300 1030 2341 modificata
1067 2304 1110 2341 et
1147 2300 1302 2341 inflexa
1337 2300 1521 2354 quodam
