1643 2526
501 100 601 137 CAP.
630 103 779 136 89-90,
831 104 850 143 5
877 103 1074 136 304—311.
1375 101 1461 142 305

118 196 303 238 varietas
342 199 385 238 et
427 197 680 252 magnitudo
720 211 886 237 summa
928 210 995 237 me
1040 195 1322 237 delectatione
1365 196 1463 237 reti-

118 256 248 296 nebat
278 280 344 308 —,
375 256 488 309 quod
519 259 663 296 tamen
696 254 868 296 sublata
898 254 984 295 iam
1011 269 1102 296 esse
1132 254 1179 295 in
1208 258 1462 309 perpetuum

119 313 229 354 ratio
269 313 526 355 iudiciorum
563 313 799 355 videbatur.
862 311 1086 354 Occiderat
1127 311 1341 367 Sulpicius
1384 313 1531 354 illo307

121 386 231 413 anno
270 375 441 426 tresque
478 385 688 426 proxumo
726 371 857 412 trium
892 374 1082 412 aetatum
1115 374 1306 412 oratores
1339 374 1462 412 erant

83 448 99 472 5
119 430 422 472 crudelissume
442 430 670 484 interfecti,
690 429 736 478 Q.
751 429 928 471 Catulus
949 429 1003 470 M.
1018 429 1234 470 Antonius
1255 429 1298 472 C.
1313 429 1461 471 Iulius.

122 489 303 541 [Eodem
344 503 455 529 anno
494 488 623 530 etiam
660 488 824 529 Moloni
861 487 1030 528 Rhodio
1068 487 1231 529 Romae
1270 488 1461 529 dedimus

121 561 293 601 operam
320 550 362 588 et
389 547 524 588 actori
551 561 717 588 summo
745 561 969 588 causarum
996 549 1038 587 et
1059 546 1299 601 magistro]
1344 546 1462 588 Haec
1477 546 1533 587 90

121 605 202 646 etsi
233 605 431 646 videntur
464 620 554 646 esse
587 621 611 646 a
641 605 863 660 proposito
896 604 1061 645 ratione
1094 604 1278 659 diversa,
1318 608 1464 646 tamen

119 664 277 705 idcirco
311 679 335 704 a
366 678 432 705 me
464 664 756 718 proferuntur,
792 666 841 704 ut
871 666 1069 704 nostrum
1102 677 1273 704 cursum
1303 663 1464 718 perspi-

68 740 100 763 10
121 737 232 775 cere,
268 722 470 776 quoniam
501 722 694 776 voluisti,
730 722 885 776 Brute,
921 721 1061 776 possis
1094 746 1146 750 —
1180 736 1282 762 nam
1313 722 1462 763 Attico

119 780 225 822 haec
250 784 354 821 nota
381 784 480 821 sunt
507 805 560 809 ——-
589 783 631 821 et
656 780 798 821 videre
826 794 951 834 quem
977 780 1030 821 ad
1055 779 1229 820 modum
1257 780 1390 821 simus
1416 780 1461 821 in

120 839 260 893 spatio
295 839 341 888 Q.
368 839 649 880 Hortensium
686 838 821 892 ipsius
854 838 1048 893 vestigiis
1086 838 1312 892 persecuti.
1374 838 1534 879 Tri-308

120 897 293 938 emiium
330 897 417 938 fere
455 897 538 938 fuit
575 897 678 938 urbs
712 897 801 937 sine
834 896 982 951 armis,
1023 896 1096 937 sed
1134 899 1352 937 oratorum
1390 900 1464 938 aut

118 955 299 996 interitu
331 958 405 996 aut
437 956 626 997 discessu
658 958 732 996 aut
762 955 867 1010 fuga
897 979 955 986 -—
985 969 1086 995 nam
1124 955 1302 996 aberant
1334 955 1464 996 etiam

70 1030 101 1055 15
123 1014 414 1055 adulescentes
445 1013 500 1054 M.
529 1014 706 1055 Crassus
748 1016 790 1054 et
821 1012 993 1054 Lentuli
1025 1013 1108 1053 duo
1144 1037 1192 1041 —
1228 1013 1387 1067 primas
1419 1013 1465 1053 in

121 1072 260 1114 causis
287 1072 443 1127 agebat
468 1071 739 1126 Hortensius,
769 1071 907 1126 magis
940 1071 1163 1125 magisque
1190 1071 1344 1112 cotidie
1369 1085 1465 1125 pro-

120 1131 304 1171 babatur
340 1130 577 1184 Antistius,
619 1129 720 1171 Piso
762 1144 887 1184 saepe
929 1129 1116 1183 dicebat,
1159 1129 1300 1170 minus
1340 1144 1463 1183 saepe

119 1188 402 1243 Pomponius,
438 1203 535 1229 raro
570 1188 727 1242 Carbo,
766 1188 896 1229 semel
934 1191 1008 1228 aut
1038 1188 1195 1228 iterum
1226 1187 1463 1242 Philippus.
1501 1203 1508 1206 ’

120 1246 181 1288 At
209 1261 309 1288 vero
342 1261 421 1302 ego
454 1247 535 1288 hoc
567 1250 758 1301 tempore
793 1246 909 1287 omni
940 1245 1080 1287 noctis
1113 1248 1154 1286 et
1187 1246 1275 1287 dies
1307 1246 1353 1286 in
1379 1260 1464 1287 om-

69 1322 103 1347 20
121 1305 241 1346 nium
279 1305 568 1346 doctrinarum
607 1304 885 1346 meditatione
923 1304 1135 1345 versabar.
1197 1304 1329 1345 Eram
1368 1314 1533 1345 cum309

123 1362 270 1405 Stoico
296 1363 497 1417 Diodoto,
524 1362 596 1416 qui
622 1378 719 1404 cum
743 1362 1027 1403 habitavisset
1054 1363 1165 1416 apud
1190 1377 1257 1403 me
1284 1377 1466 1404 mecum-

123 1436 203 1475 que
234 1421 429 1475 vixisset,
464 1435 600 1475 nuper
638 1424 703 1462 est
743 1421 857 1462 domi
888 1435 1006 1461 meae
1038 1423 1246 1461 mortuus.
1308 1420 1347 1461 A
1381 1434 1464 1474 quo

123 1495 219 1521 cum
262 1480 308 1520 in
352 1480 446 1520 aliis
489 1480 617 1520 rebus
661 1482 754 1520 tum
800 1478 1112 1519 studiosissime
1155 1478 1201 1519 in
1244 1478 1466 1520 dialectica

123 1538 360 1592 exercebar,
392 1552 498 1591 quae
531 1537 653 1591 quasi
686 1540 907 1579 contracta
938 1539 980 1577 et
1013 1536 1190 1577 astricta
1221 1536 1467 1590 eloquentia

68 1613 101 1639 25
121 1597 312 1651 putanda
343 1599 426 1651 est3
471 1596 561 1637 sine
594 1610 677 1649 qua
709 1595 839 1637 etiam
870 1598 930 1649 tu,
966 1594 1112 1648 Brute,
1147 1594 1391 1635 iudicavisti
1423 1598 1465 1636 te

122 1655 240 1696 illa-m
271 1655 431 1695 iustam
462 1654 763 1708 eloquentiam,
795 1668 922 1708 quam
948 1653 1216 1694 dialecticam
1243 1667 1334 1693 esse
1361 1652 1465 1693 dila-

122 1715 259 1754 tatam
289 1715 456 1767 putant,
494 1712 697 1765 consequi
727 1726 813 1753 non
844 1726 981 1766 posse.
1042 1711 1155 1752 Huic
1188 1725 1267 1765 ego
1301 1711 1466 1752 doctori

124 1774 166 1812 et
203 1771 293 1812 eius
333 1771 498 1812 artibus
536 1770 665 1811 variis
705 1773 832 1824 atque
876 1770 1022 1811 multis
1063 1769 1126 1810 ita
1166 1783 1282 1810 eram
1322 1772 1467 1810 tamen

125 1829 311 1883 deditus,
353 1832 401 1869 ut
439 1829 491 1869 ab
524 1828 903 1869 exercitationibus
949 1827 1148 1868 oratoriis
1188 1827 1331 1868 nullus
1376 1827 1464 1867 dies

70 1904 104 1929 30
124 1901 283 1928 vacuus
315 1889 438 1927 esset.
501 1885 831 1928 Commentabar
863 1885 1141 1927 declamitans
1173 1910 1229 1914 -—
1263 1885 1323 1926 sic
1352 1885 1536 1925 enim310

121 1959 235 1986 nunc
259 1945 494 1998 loquuntur
518 1969 566 1974 —-
591 1959 714 1999 saepe
740 1959 837 1986 cum
855 1944 911 1984 M.
926 1943 1082 1984 Pisone
1103 1946 1146 1984 et
1166 1958 1263 1984 cum
1282 1942 1328 1991 Q.
1342 1942 1466 1983 Pom-

122 2003 219 2058 peio
252 2005 326 2044 aut
359 2017 454 2044 cum
487 2002 629 2056 aliquo
663 2002 851 2056 cottidie,
881 2002 1007 2055 idque
1040 2001 1250 2042 faciebam
1281 2001 1466 2041 multum
1519 2024 1522 2027 -

124 2061 255 2102 etiam
291 2060 463 2115 Latine,
507 2061 580 2102 sed
618 2060 776 2102 Graece
816 2060 1003 2114 saepius,
1046 2059 1112 2101 vel
1152 2059 1266 2113 quod
1305 2058 1467 2100 Graeca

125 2119 263 2160 oratio
313 2119 437 2172 plura
487 2121 736 2159 ornamenta
788 2118 1064 2172 suppeditans
1115 2117 1467 2158 consuetudinem

71 2195 105 2220 35
126 2177 322 2218 similiter
352 2176 506 2217 Latine
539 2176 702 2218 dicendi
735 2176 951 2229 afferebat,
990 2175 1058 2216 vel
1090 2175 1202 2230 quod
1235 2190 1260 2216 a
1292 2174 1465 2215 Graecis

125 2235 302 2277 summis
335 2234 595 2288 doctoribus,
624 2234 708 2275 nisi
736 2234 894 2275 Graece
921 2234 1115 2288 dicerem,
1145 2247 1282 2286 neque
1309 2230 1466 2285 corrigi

124 2307 296 2348 possem
319 2307 456 2346 neque
477 2292 628 2334 doceri.
673 2291 900 2333 Tumultus
920 2291 1094 2333 interim
1113 2291 1159 2331 in
1177 2289 1536 2344 recuperanda311

195 2366 264 2393 010.
284 2368 307 2393 1.
328 2367 350 2393 2.
1132 2362 1176 2392 20
