1643 2526
167 85 253 126 258
746 84 933 119 BRUTUS

166 184 215 222 ut
252 180 411 221 dudum
449 179 501 221 ad
540 179 861 220 Demosthenen
906 182 948 220 et
985 178 1251 233 Hyperiden,
1294 178 1355 220 sic
1397 193 1509 221 nunc

169 239 220 280 ad
252 238 491 280 Antonium
523 235 807 291 Crassumque
839 237 1127 291 pervenimus!
1178 236 1291 277 Nam
1329 251 1408 292 ego
1448 237 1508 278 sic

169 297 385 350 existimo,
438 296 518 337 hos
569 298 759 336 oratores
808 295 939 336 fuisse
991 295 1199 335 maximos
1258 298 1300 336 et
1347 295 1393 335 in
1441 295 1507 336 his

168 355 355 410 primum
388 369 484 395 cum
512 352 772 395 Graecorum
798 353 937 408 gloria
962 352 1116 394 Latine
1144 353 1310 394 dicendi
1342 353 1509 408 copiam

169 416 406 467 aequatam.

287 470 441 511 Omnia
472 469 701 511 veniebant
730 469 918 510 Antonio
951 469 997 509 in
1028 471 1234 523 mentem3
1266 483 1398 523 eaque
1431 482 1508 510 suo

170 543 361 583 quaeque
382 529 490 582 loco,
515 528 588 568 ubi
614 528 845 582 plurimum
866 528 1071 581 proficere
1093 530 1134 568 et
1154 527 1294 568 valere
1320 530 1509 582 possent,

167 590 216 628 ut
249 587 301 628 ab
334 587 592 640 imperatore
625 586 788 639 equites
826 586 990 640 pedites
1029 586 1133 626 levis
1174 588 1412 640 armatura,
1448 585 1508 627 sic

168 646 221 686 ab
254 645 329 686 illo
361 645 407 685 in
438 659 634 685 maxume
668 644 891 698 oportunis
932 643 1140 684 orationis
1178 644 1373 698 partibus
1413 658 1508 685 con-

166 703 431 744 locabantur.
480 703 588 743 Erat
619 702 824 743 memoria
856 717 1035 755 summa,
1064 702 1184 742 nulla
1215 701 1506 743 meditationis

168 761 374 815 suspici03
404 761 640 814 imparatus
669 774 835 814 semper
861 760 1038 815 aggredi
1070 761 1119 800 ad
1149 760 1372 801 dicendum
1401 760 1509 801 vide-

168 819 307 874 batur,
340 819 413 859 sed
443 819 506 858 ita
532 821 623 859 erat
648 821 837 873 paratus,
869 822 917 859 ut
940 819 1102 859 iudices
1128 818 1203 858 illo
1231 818 1395 859 dicente
1421 832 1509 859 non

166 892 402 931 numquam
442 876 686 917 viderentur
725 890 813 917 non
854 876 959 917 satis
1000 876 1141 930 parati
1182 876 1235 917 ad
1275 876 1508 917 cavendum

100 935 310 976 140fuisse.
384 934 528 976 Verba
570 934 665 989 ipsa
713 948 801 975 non
848 934 924 975 illa
967 934 1137 988 quidem
1187 934 1506 989 elegantissimo

97 449 152 490 37

100 517 165 547 139

169 1008 362 1034 sermone
405 1017 454 1023 —
500 993 644 1046 itaque
690 992 916 1047 diligenter
958 992 1159 1046 loquendi
1202 993 1325 1033 laude
1370 993 1507 1034 caruit

166 1066 303 1106 neque
334 1055 480 1092 tamen
511 1054 576 1091 est
608 1051 836 1091 admodum
873 1050 1093 1104 inquinate
1125 1051 1294 1091 locutus
1326 1075 1401 1105 ——,
1433 1051 1506 1092 sed

167 1110 254 1163 illa,
286 1124 392 1163 quae
418 1109 588 1163 proprie
619 1109 712 1149 laus
747 1109 929 1149 oratoris
962 1112 1026 1149 est
1057 1108 1103 1149 in
1133 1109 1286 1163 verbis,
1322 1133 1371 1138 —
1405 1123 1506 1150 nam

167 1168 309 1221 ipsum
341 1167 492 1208 Latine
530 1167 648 1219 loqui
687 1169 752 1207 est
788 1167 894 1207 illud
927 1167 1115 1221 quidem,
1153 1170 1200 1207 ut
1238 1167 1367 1221 paulo
1407 1171 1504 1208 ante

169 1226 273 1280 dixi,
315 1226 361 1266 in
403 1239 560 1280 magna
596 1225 720 1265 laude
757 1225 1019 1279 ponendum,
1062 1225 1134 1266 sed
1176 1239 1263 1265 non
1303 1228 1393 1266 tam
1430 1240 1507 1267 sua

169 1286 320 1338 sponte
342 1298 469 1337 quam
490 1283 602 1337 quod
623 1286 688 1323 est
707 1298 731 1323 a
750 1283 962 1336 plerisque
989 1283 1252 1337 neglectum:
1278 1297 1366 1324 non
1392 1283 1505 1325 enim

168 1345 258 1383 tam
289 1342 555 1396 praeclarum
587 1344 652 1381 est
684 1341 791 1382 scire
823 1340 975 1382 Latine
1008 1355 1136 1394 quam
1174 1344 1298 1395 turpe
1329 1342 1506 1396 nescire,

167 1414 303 1454 neque
335 1402 425 1440 tam
455 1399 499 1440 id
531 1398 636 1440 mihi
669 1399 851 1440 oratoris
883 1399 986 1440 boni
1025 1414 1151 1453 quam
1184 1399 1288 1441 civis
1322 1400 1506 1441 Romani

168 1458 389 1512 proprium
425 1457 610 1511 videtur3
647 1481 702 1487 —-
735 1457 808 1498 sed
845 1460 988 1498 tamen
1029 1457 1241 1499 Antonius
1280 1457 1326 1498 in
1362 1458 1504 1499 verbis

169 1519 211 1557 et
244 1516 463 1571 eligendis,
493 1530 628 1569 neque
659 1515 703 1556 id
734 1515 876 1569 ipsum
908 1518 997 1556 tam
1027 1515 1185 1569 leporis
1218 1530 1346 1557 causa
1377 1531 1504 1569 quam

168 1574 380 1628 ponderis,
411 1577 453 1614 et
486 1573 755 1615 conlocandis
790 1577 832 1614 et
863 1574 1185 1627 comprensione
1219 1574 1503 1616 devinciendis

167 1632 275 1672 nihil
295 1646 382 1672 non
407 1632 459 1672 ad
484 1631 694 1672 rationem
722 1634 763 1672 et
790 1634 1009 1685 tamquam
1036 1632 1087 1672 ad
1115 1635 1249 1672 artem
1275 1632 1504 1688 dirigebat3

168 1704 315 1730 verum
346 1689 482 1729 multo
514 1689 652 1743 magis
690 1689 771 1730 hoc
806 1690 919 1730 idem
955 1689 1000 1730 in
1038 1690 1346 1730 sententiarum
1385 1705 1505 1731 orna-

100 1747 322 1788 141mentis
350 1751 393 1788 et
420 1746 842 1788 conformationibus.
890 1746 982 1795 Quo
1010 1761 1161 1801 genere
1189 1748 1288 1801 quia
1313 1751 1505 1802 praestat

169 1805 366 1846 omnibus
399 1804 729 1859 Demosthenes,
764 1805 923 1847 idcirco
961 1805 1153 1846 a-doctis
1188 1809 1406 1846 oratorum
1439 1810 1505 1848 est

166 1863 362 1918 princeps
388 1863 611 1904 iudicatus.
661 1863 868 1917 Σχήματα
893 1862 1006 1904 enim
1033 1878 1138 1917 quae
1165 1867 1320 1905 vocant
1341 1863 1504 1920 Graeci,

168 1936 217 1962 ea
248 1936 444 1962 maxume
472 1924 625 1962 ornant
651 1924 864 1962 oratorem
896 1935 1026 1975 eaque
1058 1936 1145 1962 non
1176 1925 1264 1963 tam
1290 1922 1334 1963 in
1359 1923 1501 1964 verbis

166 1980 392 2034 pingendis
431 1979 592 2020 habent
627 1979 792 2034 pondus
831 1994 957 2033 quam
994 1979 1039 2020 in
1075 1980 1379 2022 inluminandis
1413 1995 1503 2022 sen-

95 2037 152 2079 38
168 2037 328 2078 tentiis.
391 2036 472 2078 Sed
503 2052 600 2079 cum
630 2038 734 2079 haec
766 2052 922 2093 magna
958 2038 1003 2078 in
1033 2038 1224 2079 Antonio
1261 2042 1355 2079 tum
1388 2039 1501 2080 actio

168 2095 415 2150 singularis3
466 2110 572 2149 quae
617 2096 653 2137 si
696 2096 919 2150 partienda
962 2099 1028 2136 est
1070 2096 1116 2137 in
1160 2099 1328 2152 gestum
1372 2100 1500 2151 atque

1545 427 1560 452 5

1528 719 1560 744 10

1528 1010 1560 1035 15

1525 1301 1558 1325 20

1524 1591 1557 1615 25

1523 1882 1557 1906 30

164 2168 330 2207 vocem,
371 2156 517 2208 gestus
559 2157 650 2195 erat
688 2168 775 2195 non
814 2154 943 2195 verba
987 2155 1244 2210 exprimens,
1288 2155 1361 2196 sed
1404 2170 1501 2196 cum
1521 2170 1554 2196 35

167 2211 389 2253 sententiis
423 2226 678 2267 congruens:
716 2227 867 2253 manus
904 2212 1071 2254 humeri
1108 2214 1243 2254 latera
1281 2213 1499 2267 supplosio

162 2270 283 2324 pedis
328 2272 465 2311 status
509 2270 699 2312 incessus
745 2270 966 2325 omnisque
1011 2274 1153 2313 motus
1200 2274 1315 2324 [cum
1358 2271 1499 2313 verbis
