1643 2526
453 110 647 146 ORATOR
673 110 772 146 CAP.
801 114 902 146 1-2.
942 113 961 152 g
989 113 1090 145 1—8.
1354 110 1439 151 315

101 206 268 247 deficiet
306 208 379 247 aut
418 206 558 247 minus
596 206 833 247 instructus
872 205 952 246 erit
990 220 1244 261 magnarum
1282 205 1439 247 artium

102 264 355 319 disciplinis,
392 267 537 305 teneat
574 267 719 305 tamen
756 279 852 305 eum
890 278 1061 305 cursum
1100 278 1225 317 quem
1261 264 1439 318 poterit,

100 323 240 378 prima
259 323 371 364 enim
393 326 639 378 sequentem
658 323 887 364 honestum
908 325 972 363 est
997 322 1042 362 in
1062 322 1256 363 secundis
1283 322 1439 363 tertiis-

102 396 182 435 que
210 381 453 423 consistere.
497 381 611 422 Nam
635 381 681 422 in
705 381 844 436 poetis
876 395 963 422 non
988 380 1177 422 Homero
1211 380 1291 422 soli
1317 381 1437 422 locus

68 457 84 482 5
105 442 182 494 est,
208 443 257 481 ut
284 440 333 480 de
362 439 535 481 Graecis
560 440 722 494 loquar,
748 442 821 481 aut
847 438 1106 480 Archilocho
1135 442 1208 480 aut
1235 438 1438 494 Sophocli

101 502 176 540 aut
206 498 403 553 Pindaro,
436 499 509 539 sed
539 498 693 539 horum
724 498 791 539 vel
829 498 1023 539 secundis
1055 498 1122 538 vel
1159 498 1289 539 etiam
1326 498 1439 538 infra

101 557 327 611 secundos3
352 571 429 598 nec
455 571 555 597 vero
575 556 839 598 Aristotelen
863 556 909 597 in
932 556 1207 611 philosophia
1233 556 1437 597 deterruit
1465 566 1484 596 5

102 630 126 656 a
164 615 387 656 scribendo
427 615 663 669 amplitudo
694 615 906 669 Platonis,
942 629 1019 656 nec
1058 615 1148 669 ipse
1180 614 1437 656 Aristoteles

102 673 342 715 admirabili
375 674 558 727 quadam
590 673 768 715 scientia
799 676 841 714 et
873 674 996 728 copia
1027 676 1265 714 ceterorum
1297 673 1439 714 studia

49 750 82 775 10
101 732 312 773 restinxit.
373 731 464 773 Nec
503 732 641 773 solum
680 732 732 773 ab
773 732 947 786 optimis
989 732 1141 773 studiis
1183 732 1437 773 excellentes
1459 731 1484 772 2

101 790 182 832 viri
226 790 418 832 deterriti
461 805 547 831 non
592 793 710 845 sunt,
755 791 827 831 sed
863 805 915 831 ne
962 790 1134 844 opifices
1179 790 1350 844 quidem
1395 804 1438 831 se

103 849 267 890 artibus
300 849 387 890 suis
420 852 711 903 removerunt,
749 849 821 902 qui
854 851 927 889 aut
958 848 1108 903 Ialysi,
1141 863 1265 902 quem
1297 848 1440 889 Rhodi

101 907 298 962 vidimus,
322 921 409 948 non
429 910 661 961 potuerunt
682 910 755 948 aut
777 906 888 948 Coae
908 906 1088 948 Veneris
1107 907 1440 961 pulcritudinem

100 966 281 1020 imitari,
322 980 399 1007 nec
441 966 668 1007 simulacro
709 965 823 1007 Iovis
863 965 1051 1020 Olympii
1092 968 1166 1006 aut
1207 965 1439 1019 doryphori

50 1041 82 1067 15
104 1027 248 1065 statua
268 1024 459 1065 deterriti
479 1024 632 1078 reliqui
658 1024 798 1065 minus
826 1024 991 1078 experti
1018 1026 1118 1065 sunt
1145 1023 1246 1077 quid
1272 1024 1439 1065 efficere

103 1086 176 1124 aut
218 1097 301 1136 quo
342 1082 542 1137 progredi
584 1085 778 1137 possent,
826 1096 1007 1136 quorum
1048 1085 1169 1123 tanta
1209 1082 1440 1123 multitudo

102 1141 197 1196 fuit,
222 1144 343 1182 tanta
368 1141 413 1181 in
433 1155 510 1182 suo
531 1141 734 1194 cuiusque
755 1154 907 1195 genere
933 1141 1039 1195 laus,
1064 1143 1124 1194 ut,
1151 1155 1247 1181 cum
1274 1155 1439 1181 summa

102 1199 373 1254 miraremur,
415 1199 618 1240 inferiora
661 1203 805 1240 tamen
853 1199 1143 1254 probaremus.
1210 1198 1262 1240 In
1304 1202 1441 1239 orato-
1468 1207 1506 1240 θ’

102 1258 220 1299 ribus
253 1272 372 1312 vero,
411 1257 583 1299 Graecis
617 1258 805 1312 quidem,
843 1257 1091 1298 admirabile
1130 1260 1195 1298 est
1233 1260 1442 1310 quantum

50 1333 84 1358 20
102 1316 215 1357 inter
247 1316 385 1357 omnis
417 1329 526 1357 unus
559 1316 754 1371 excellat,
794 1330 841 1357 ac
879 1318 1040 1370 tamen,
1077 1331 1174 1357 cum
1212 1318 1324 1356 esset
1362 1315 1443 1356 De-

104 1374 367 1428 mosthenes,
404 1374 530 1415 multi
568 1377 759 1415 oratores
797 1374 942 1429 magni
975 1377 1017 1415 et
1055 1374 1158 1415 clari
1195 1373 1367 1415 fuerimt
1400 1376 1442 1414 et

105 1436 231 1474 antea
261 1432 431 1473 fuerant
463 1447 540 1474 nec
570 1435 722 1486 postea
760 1432 1014 1474 defecerunt.
1077 1431 1215 1480 Quare
1252 1446 1340 1473 non
1377 1435 1442 1473 est

105 1506 179 1532 cur
211 1505 357 1532 eorum
391 1490 463 1545 qui
502 1506 544 1531 se
578 1491 718 1531 studio
758 1491 1025 1544 eloquentiae
1058 1490 1308 1531 dediderunt
1346 1505 1441 1544 spes

106 1549 366 1604 infringatur
398 1552 472 1589 aut
502 1549 753 1603 languescat
783 1549 1012 1604 industria,
1042 1563 1143 1589 nam
1168 1563 1304 1602 neque
1337 1548 1443 1589 illud

53 1626 86 1652 25
105 1608 247 1662 ipsum
279 1608 391 1661 quod
424 1610 489 1648 est
522 1607 732 1661 optimum
757 1607 1066 1662 desperandum
1092 1610 1157 1648 est
1183 1610 1224 1648 et
1255 1607 1301 1647 in
1325 1622 1443 1661 prae-

105 1666 320 1707 stantibus
364 1666 490 1706 rebus
535 1680 690 1721 magna
735 1669 834 1707 sunt
878 1681 926 1707 ea
971 1680 1077 1720 quae
1123 1668 1222 1706 sunt
1267 1665 1441 1719 optimis

104 1724 310 1778 proxima.
354 1723 497 1778 Atque
525 1738 604 1779 ego
629 1724 675 1764 in
701 1738 868 1765 summo
897 1727 1065 1765 oratore
1084 1724 1284 1779 fingendo
1312 1724 1442 1764 talem
1470 1734 1487 1764 7

103 1782 359 1836 informabo,
379 1783 515 1836 qualis
536 1783 718 1824 fortasse
738 1797 863 1823 nemo
883 1783 976 1824 fuit.
1019 1782 1120 1824 Non
1146 1782 1259 1823 enim
1285 1796 1442 1836 quaero

106 1841 200 1894 quis
232 1841 384 1894 fuerit,
422 1841 494 1882 sed
533 1841 634 1894 quid
666 1841 722 1882 sit
753 1841 876 1894 illud,
916 1856 998 1895 quo
1036 1841 1144 1881 nihil
1182 1855 1272 1881 esse
1305 1840 1443 1894 possit

52 1916 87 1942 30
104 1899 412 1953 praestantius,
449 1900 562 1952 quod
597 1899 644 1940 in
679 1899 965 1954 perpetuitate
998 1899 1163 1940 dicendi
1200 1913 1286 1939 non
1318 1913 1442 1953 saepe

107 1960 233 2011 atque
264 1957 378 1997 haud
410 1957 498 1998 scio
531 1972 585 1998 an
614 1972 851 2012 nunquam,
886 1957 933 1998 in
972 1957 1114 2011 aliqua
1146 1960 1289 1998 autem
1321 1960 1442 2011 parte

107 2016 270 2056 eluceat
297 2015 537 2068 aliquando,
567 2015 680 2057 idem
706 2016 818 2070 apud
844 2016 950 2056 alios
977 2016 1161 2070 densius,
1192 2016 1304 2070 apud
1336 2015 1443 2056 alios

106 2073 290 2114 fortasse
321 2073 470 2114 rarius.
516 2072 597 2114 Sed
629 2088 709 2129 ego
742 2074 802 2115 sic
835 2077 991 2127 statuo,
1022 2074 1130 2114 nihil
1162 2088 1254 2115 esse
1284 2074 1329 2114 in
1354 2074 1442 2114 ullo
1470 2083 1489 2113 S

107 2145 260 2186 genere
299 2135 389 2172 tam
425 2131 638 2186 pulcrum,
676 2146 759 2186 quo
797 2147 885 2173 non
920 2132 1109 2186 pulcrius
1150 2132 1194 2172 id
1237 2132 1294 2173 sit
1332 2132 1443 2172 unde

54 2207 88 2233 35
106 2190 214 2231 illud
245 2192 293 2230 ut
327 2204 377 2231 ex
409 2204 480 2230 ore
513 2189 654 2243 aliquo
688 2191 810 2244 quasi
841 2191 985 2245 imago
1019 2190 1297 2244 exprimatur,
1332 2189 1443 2242 quod

105 2263 242 2302 neque
276 2247 410 2289 oculis
442 2262 578 2302 neque
611 2248 784 2290 auribus
816 2263 953 2302 neque
991 2248 1079 2289 ullo
1119 2263 1246 2290 sensu
1282 2246 1443 2301 percipi

105 2309 261 2361 potest,
305 2306 567 2362 cogitat-ione
611 2309 782 2348 tantum
831 2309 873 2348 et
923 2310 1064 2348 mente
1109 2305 1443 2360 complectimur.
