1643 2526
149 141 236 182 286
726 139 914 175 BRUTUS

149 236 334 290 quodam
365 238 408 276 et
437 234 650 290 petulanti
687 238 729 277 et
766 235 930 277 furioso
963 249 1116 290 genere
1155 234 1338 290 dicendi3
1376 235 1490 290 quod

150 294 249 348 quia
292 293 440 335 multis
481 296 653 349 gratum
694 297 785 335 erat
825 297 868 335 et
906 294 1189 349 probabatur,
1229 293 1490 335 ascendisset

80 378 134 419 69
150 353 203 393 ad
244 352 447 406 honores,
489 352 573 393 nisi
614 352 661 392 in
702 351 891 393 facinore
936 352 1164 393 manifesto
1203 352 1488 406 deprehensus

79 425 308 477 2,mpoenas
345 410 513 465 legibus
551 413 594 451 et
633 410 791 451 iudicio
833 410 1030 451 dedisset.
1091 410 1256 451 Eodem
1296 413 1488 464 tempore

151 469 193 511 C.
214 469 262 510 L.
284 467 479 523 Caepasii
510 468 663 510 fratres
689 468 876 523 fuerunt,
907 469 980 522 qui
1011 469 1147 510 multa
1178 483 1319 523 opera,
1348 468 1489 524 ignoti

150 527 345 568 homines
378 530 421 568 et
451 527 681 581 repentini,
719 531 966 581 quaestores
1005 527 1199 569 celeriter
1236 526 1342 568 facti
1379 529 1489 577 sunt,

152 586 365 640 oppidano
387 586 571 639 quodam
591 588 633 626 et
652 585 872 627 incondito
894 600 1047 641 genere
1062 585 1238 627 dicendi.
1270 585 1490 626 Addamus

150 645 234 686 huc
272 644 424 698 etiam,
466 658 518 684 ne
563 658 689 697 quem
732 644 923 685 vocalem
967 644 1223 698 praeterisse
1261 643 1492 698 videamur,

153 701 196 744 C.
242 701 500 744 Cosconium
545 700 829 752 Cah'dianum‚
881 702 952 756 qui
995 703 1113 743 nullo
1159 702 1352 744 acumine
1397 717 1491 743 eam

151 764 296 802 tamen
326 761 554 802 verborum
586 761 765 815 copiam,
797 761 832 801 si
866 775 992 814 quam
1023 761 1224 815 habebat,
1258 761 1491 815 praebebat

150 819 310 874 populo
344 834 440 860 cum
477 819 613 859 multa
651 819 976 860 concursatione
1015 833 1255 874 magnoque
1295 819 1490 860 clamore.

153 876 274 926 Quod
299 877 412 918 idem
437 877 623 918 faciebat
649 876 693 925 Q.
720 877 887 931 Arrius,
912 877 984 931 qui
1009 877 1092 918 fuit
1118 877 1172 918 M.
1200 876 1343 918 Crassi
1370 877 1491 932 quasi

153 936 444 977 secundarum.
487 935 530 976 Is
559 935 756 976 omnibus
783 936 976 990 exemplo
1010 936 1134 977 debet
1166 950 1258 977 esse
1285 938 1492 990 quantum

152 994 198 1035 in
229 994 309 1035 hac
340 994 444 1035 urbe
475 994 636 1048 polleat
667 994 900 1035 multorum
933 994 1131 1036 oboedire
1170 994 1355 1048 tempori
1387 994 1493 1035 mul-

84 1056 380 1106 243torumque
411 1052 478 1093 vel
509 1052 663 1093 honori
700 1053 767 1093 vel
803 1053 992 1106 periculo
1032 1053 1199 1094 servire.
1260 1052 1341 1094 His
1379 1052 1492 1094 enim

154 1111 280 1152 rebus
318 1111 466 1151 infimo
504 1110 599 1152 loco
636 1114 763 1152 natus
801 1114 844 1152 et
879 1111 1062 1152 honores
1104 1115 1146 1152 et
1185 1110 1409 1165 pecuniam
1450 1113 1492 1152 et

156 1169 341 1224 gratiam
391 1172 644 1210 consecutus
689 1169 819 1210 etiam
875 1169 920 1210 in
968 1172 1247 1223 patronorum
1296 1193 1353 1198 --
1401 1169 1492 1210 sine

91 1278 93 1280 Ι
156 1228 361 1280 doctrina,
381 1227 472 1268 sine
496 1227 670 1282 ingenio
695 1252 744 1255 —
768 1227 951 1281 aliquem
976 1242 1201 1268 numerum
1226 1230 1491 1282 pervenerat.

157 1285 239 1327 Sed
270 1289 318 1326 ut
349 1285 516 1340 pugiles
548 1285 828 1340 inexercitati,
860 1286 990 1327 etiam
1016 1285 1051 1327 si
1075 1300 1243 1341 pugnos
1276 1289 1318 1327 et
1342 1286 1493 1340 plagas

156 1343 453 1399 Olympiorum
484 1344 626 1398 cupidi
656 1344 766 1385 ferre
797 1347 996 1399 possunt,
1028 1345 1161 1385 solem
1192 1347 1338 1385 tamen
1369 1358 1493 1398 saepe

155 1403 265 1443 ferre
305 1417 393 1444 non
431 1406 632 1456 possunt,
676 1402 735 1444 sic
777 1402 850 1443 ille
892 1417 988 1444 cum
1030 1402 1146 1444 omni
1188 1402 1275 1443 iam
1320 1402 1494 1444 fortuna

155 1475 357 1515 prospere
401 1460 573 1502 functus
622 1461 791 1502 labores
837 1461 966 1502 etiam
1016 1475 1195 1516 magnos
1246 1462 1494 1515 excepisset,

155 1519 271 1560 illius
296 1519 508 1560 iudicialis
535 1519 634 1560 anni
661 1519 932 1561 severitatem
959 1519 1080 1573 quasi
1107 1519 1241 1560 solem
1266 1533 1354 1560 non
1379 1519 1493 1560 tulit.

87 1585 155 1616 244
275 1577 381 1618 Tam
406 1577 596 1618 Atticus:
628 1577 692 1618 Tu
719 1578 890 1632 quidem
922 1578 971 1618 de
1003 1578 1132 1632 faece,
1162 1577 1316 1632 inquit,
1346 1577 1492 1618 hauris

156 1636 283 1689 idque
302 1635 389 1676 iam
409 1636 578 1689 dudum,
599 1636 671 1676 sed
690 1636 904 1690 tacebam,
929 1636 1011 1677 hoc
1036 1651 1135 1677 vero
1160 1649 1248 1676 non
1273 1636 1492 1690 putabam,

157 1697 199 1734 te
242 1708 376 1747 usque
420 1693 473 1733 ad
518 1692 714 1734 Staienos
759 1696 801 1734 et
839 1694 1075 1746 Autronios
1121 1708 1212 1734 esse
1254 1696 1493 1735 venturum.

157 1751 257 1792 Non
288 1754 410 1805 puto,
441 1751 635 1806 inquam,
672 1751 915 1792 existimare
947 1755 989 1793 te
1022 1752 1256 1793 ambitione
1295 1766 1362 1793 me
1394 1752 1495 1807 labi,

158 1809 313 1864 quippe
346 1809 396 1850 de
422 1810 621 1864 mortuis3
654 1810 726 1851 sed
753 1810 943 1851 ordinem
969 1824 1148 1864 sequens
1173 1810 1219 1850 in
1244 1811 1495 1851 memoriam

156 1871 305 1910 notam
343 1870 385 1909 et
422 1868 642 1922 aequalem
677 1868 916 1909 necessario
954 1868 1134 1910 incurro.
1202 1867 1314 1910 Volo
1354 1871 1496 1910 autem

156 1926 239 1967 hoc
269 1925 472 1981 perspici,
509 1925 705 1967 omnibus
739 1926 1010 1981 conquisitis,
1041 1927 1113 1980 qui
1145 1926 1190 1967 in
1220 1926 1494 1968 multitudine

158 1984 296 2026 dicere
335 1984 426 2025 ausi
465 1984 568 2036 sint,
606 1985 812 2026 memoria
849 1984 1018 2038 quidem
1055 1985 1206 2040 dignos
1247 1999 1496 2040 perpaucos,

157 2057 304 2083 verum
337 2042 409 2096 qui
443 2043 614 2084 omnino
646 2057 802 2084 nomen
832 2043 1079 2098 habuerint,
1114 2058 1202 2085 non
1237 2044 1300 2085 ita
1336 2044 1495 2084 multos

90 2123 144 2165 70
157 2101 300 2142 fuisse.
383 2100 465 2141 Sed
521 2101 573 2142 ad
629 2116 867 2143 sermonem
920 2101 1171 2143 institutum
1219 2105 1493 2144 revertamur.

87 2159 204 2223 245Τ.
231 2158 473 2213 Torquatus
498 2158 543 2199 T.
569 2158 616 2200 F.
649 2162 691 2200 et
723 2160 873 2202 doctus
898 2159 964 2201 vir
996 2175 1045 2201 ex
1071 2160 1240 2202 Rhodia
1272 2159 1496 2214 disciplina

158 2217 343 2258 Molonis
376 2220 418 2258 et
450 2232 475 2258 a
504 2220 659 2258 natura
690 2218 743 2259 ad
775 2218 997 2259 dicendum
1030 2219 1134 2260 satis
1168 2219 1334 2260 solutus
1367 2221 1494 2272 atque

159 2276 399 2330 expeditus,
431 2275 498 2317 cui
530 2275 566 2316 si
597 2276 687 2317 vita
718 2277 1094 2331 suppeditavisset,
1126 2277 1295 2319 sublato
1328 2277 1494 2318 ambitu

159 2334 306 2376 consul
332 2333 471 2375 factus
497 2336 622 2383 esset,
648 2334 744 2388 plus
770 2335 988 2377 facultatis
1014 2335 1167 2377 habuit
1193 2336 1245 2377 ad
1270 2335 1494 2377 dicendum

1512 779 1545 804 10

1513 1069 1547 1095 15

1513 1361 1547 1386 20

1512 1651 1546 1677 25

1514 1944 1548 1969 30

1513 2234 1548 2261 35
