1600 2522
525 77 799 114 ADNOTATIO
826 78 1028 114 CRITICA.
1379 79 1444 114 VII

108 196 191 220 ann.
218 186 388 220 ΑΘΗΝΑ
422 188 510 220 1889
542 196 577 229 p.
604 188 671 219 433
705 185 774 218 etc.
809 183 944 228 edidit,
983 184 1221 228 vidissemus,
1260 195 1304 219 ex
1341 184 1442 219 illius

109 232 254 267 schedis
287 231 434 276 saepius
460 231 664 275 quidquam
694 230 915 266 notavimus.
972 231 1070 266 Satis
1103 233 1200 275 erat,
1233 231 1443 275 ubicunque

108 278 249 323 aliquid
275 279 320 313 ab
347 280 384 313 M
411 290 581 313 aversum
608 278 722 321 idque
753 278 1102 313 commemoratione
1135 279 1288 323 dignum
1319 277 1443 313 nescio

108 326 204 360 unde
223 337 289 370 per
308 325 429 360 saecla
449 328 681 370 exceperunt,
702 325 768 359 hos
784 325 945 369 quinque
965 325 1173 360 nominare:
1193 325 1242 369 lg.
1258 329 1315 368 32,
1335 335 1445 368 quem

108 372 240 407 melius
265 383 362 407 nunc
387 372 572 416 novimus,
606 371 619 405 l
644 374 682 406 et
707 382 745 414 0,
778 383 869 415 quos
894 371 967 416 ipsi
994 372 1235 416 excussimus,
1271 386 1302 416 γ,
1335 382 1444 415 quem

108 419 294 455 Gustavns
322 419 431 454 Sorof
453 419 574 462 dedit,
602 429 638 461 e,
672 418 774 453 cuius
801 418 953 453 collatio
979 419 1098 453 altera
1122 419 1284 453 Thomae
1311 418 1444 462 Stangl

109 466 227 501 altera.
245 466 419 501 Eduardo
441 465 609 500 Stroebel
629 465 794 500 debetur.
844 465 892 500 Hi
917 465 1016 500 idem
1036 466 1274 510 Erlangensis
1297 465 1443 510 prioris,

108 513 286 548 Ernestus
318 512 362 547 de
394 512 553 547 Leutsch
592 513 630 547 et
659 512 915 546 Ferdinandus
946 512 1164 557 Heerdegen
1193 512 1443 554 Abrincensis,

108 560 298 605 Augustus
323 559 444 594 Luchs
471 561 508 594 et
527 559 745 593 Franciscus
764 559 885 594 Ruehl
904 559 1098 594 Harleiani
1123 559 1334 594 collationis
1356 569 1443 593 suae

110 607 265 651 quisque
286 606 553 651 benignissime
573 608 800 651 potestatem
819 606 996 649 fecerunt,
1024 618 1114 650 quos
1141 606 1302 651 optimos
1328 605 1444 640 libros

109 653 279 698 inprimis
305 664 448 697 sequor.
475 674 521 679 -
546 654 776 698 Integrorum
809 653 973 687 omnium
1004 653 1086 688 fons
1118 656 1155 688 et
1181 653 1284 698 origo
1312 653 1445 687 dicitur

109 700 223 735 fuisse
261 700 377 735 codex
414 700 479 735 ille
514 699 722 743 fabulosus,
761 711 869 744 quem
901 700 1026 734 Laude
1057 700 1235 744 Pompeia
1260 699 1444 734 Gerardus

109 747 338 782 Landrianus
365 747 559 792 episcopus
587 758 682 781 anno
711 728 798 781 1422
831 747 1024 782 invenerat
1057 749 1094 781 et
1120 747 1372 782 Mediolanum
1398 746 1445 781 ad

110 794 355 839 Gasparinum
384 793 575 828 Barzizam
605 793 774 837 miserat,
812 796 853 828 ut
887 794 1023 828 librum
1054 794 1315 828 difficillimum
1346 794 1445 828 lectu

110 843 307 876 excuteret.
357 840 426 875 Hic
452 840 531 885 ipse
556 840 618 875 vix
635 843 786 875 renatus
805 841 918 884 paulo
937 843 1034 885 post,
1059 842 1244 876 nescimus
1264 851 1336 885 quo
1357 851 1445 874 casu

111 889 177 923 aut
196 899 270 932 qua
289 887 410 932 culpa,
436 887 558 931 periit.
596 888 651 921 Ex
670 887 1003 922 Mediolanensium
1027 889 1151 922 autem
1178 887 1305 922 schola
1328 898 1444 931 usque

111 935 157 969 ab
194 935 260 969 illo
299 937 466 978 tempore
503 933 708 969 Laudensis
747 934 974 978 exemplaria
1010 945 1076 978 per
1114 945 1260 969 omnem
1296 934 1446 968 ltaliam

110 981 303 1025 fluxerunt,
339 992 495 1025 quorum
521 992 614 1024 quae
642 980 814 1015 adfinitas
839 981 992 1015 huiusce
1018 981 1133 1026 ipsius
1159 981 1247 1015 libri
1271 980 1445 1015 vetustis—

112 1028 196 1062 simi
217 1029 265 1062 sit
286 1028 395 1062 hodie
414 1027 454 1062 in
473 1027 636 1063 tenebris
656 1028 751 1062 latet
777 1029 814 1062 et
839 1027 970 1072 opinor
995 1039 1140 1072 semper
1164 1027 1309 1062 latebit.
1350 1027 1446 1061 Nam

112 1077 150 1110 et
175 1075 220 1109 de
245 1075 320 1109 ista
350 1074 534 1108 industria
559 1074 892 1109 Mediolanensium
918 1076 1073 1109 Ioannes
1099 1074 1253 1109 Lamola
1277 1074 1445 1118 aequalis

111 1121 213 1156 illius
245 1121 380 1156 aetatis
413 1121 643 1156 severissime
674 1120 859 1155 iudicavit
891 1132 1025 1165 eosque
1057 1121 1158 1165 ipsos
1185 1121 1447 1156 condemnavit

111 1168 295 1214 (Remigio
322 1167 529 1203 Sabbadini
557 1167 690 1203 Rivist.
717 1167 755 1202 di
780 1167 887 1202 Filol.
914 1168 997 1202 XIV
1018 1172 1103 1210 4253
1130 1168 1394 1204 Wochenschr.
1420 1167 1445 1201 f.
1494 1211 1501 1214 ³

110 1216 223 1250 klass
250 1214 346 1250 Phil.
374 1219 480 1258 1886,
509 1216 589 1260 749)
622 1226 740 1258 neque
775 1226 840 1250 nos
872 1215 966 1248 hanc
997 1215 1146 1249 turbam
1176 1215 1446 1259 perlustrantes

113 1262 242 1296 eodem
278 1261 360 1307 pari
398 1263 551 1306 aspectu
588 1261 844 1296 similitudinis
880 1261 1051 1305 fruimur,
1096 1262 1195 1306 quod
1232 1261 1448 1296 mutilorum

113 1309 256 1353 signum
285 1319 477 1342 commune
503 1310 571 1351 est,
597 1310 640 1342 ut
663 1320 757 1342 unus
782 1309 842 1343 hic
865 1308 1081 1352 Laudensis,
1108 1319 1271 1343 summae
1298 1308 1446 1352 quidem

112 1355 363 1390 venerationis
391 1357 428 1389 et
454 1354 707 1398 antiquitatis,
740 1357 782 1389 ut
808 1355 861 1389 ait
886 1355 1055 1399 Lamola,
1081 1367 1155 1390 non
1180 1355 1344 1400 volgaris
1371 1355 1447 1389 effi-

113 1402 209 1446 gies,
244 1412 377 1446 parens
409 1401 601 1446 legitimus
632 1402 787 1436 istorum
814 1412 893 1436 esse
919 1402 980 1436 vix
1005 1402 1132 1446 possit.
1185 1402 1329 1446 Viginti
1356 1401 1447 1435 duos

114 1460 159 1483 ex
183 1448 373 1483 Ellendtio
398 1448 569 1482 novimus
594 1448 825 1492 totidemque
851 1448 924 1492 ipsi
949 1448 988 1482 in
1008 1448 1239 1483 bibliotheca
1265 1448 1448 1482 Vaticana

113 1495 358 1540 inspeximus,
394 1506 549 1539 quorum
585 1496 711 1529 tamen
750 1498 787 1529 et
820 1495 1032 1529 Palatinum
1065 1498 1154 1530 1469
1187 1495 1244 1540 (Ρ)
1275 1496 1312 1529 et
1345 1494 1449 1529 Otto-

113 1542 316 1577 bonianum
341 1546 432 1577 2057
461 1542 535 1587 (O),
571 1553 654 1576 cum
685 1541 924 1576 vehementer
954 1542 1208 1584 laudarentur,
1243 1543 1362 1576 denuo
1390 1552 1448 1575 ex-

114 1591 290 1624 cussimus
317 1590 428 1632 atque
454 1588 657 1623 lectionum
682 1588 881 1623 maximam
906 1594 1050 1633 partem
1076 1588 1136 1622 hic
1158 1589 1186 1622 L
1205 1588 1279 1623 litt.
1305 1588 1449 1623 notavi-

114 1648 206 1678 mus,
231 1647 305 1670 non
325 1635 423 1679 quod
444 1635 492 1669 ad
510 1635 742 1670 Laudensem
761 1636 882 1680 ipsum
901 1646 1027 1669 veram
1047 1635 1209 1680 effigiem
1230 1635 1448 1680 exprimant,

116 1682 180 1717 sed
198 1693 244 1716 ne
258 1682 367 1716 nimis
387 1693 561 1726 magnam
581 1684 719 1716 struem
734 1693 957 1725 acervemus,
980 1682 1011 1716 si
1030 1682 1259 1726 integrorum
1274 1681 1448 1725 omnium,

115 1730 178 1773 qui
197 1729 279 1763 noti
298 1728 382 1772 sint,
403 1728 563 1763 varietas
583 1730 743 1771 notetur,
764 1729 897 1763 deinde
912 1731 953 1763 ut
973 1729 1141 1763 omnibus
1155 1729 1307 1763 tandem
1321 1729 1449 1772 quales

115 1775 173 1810 illi
204 1775 280 1810 sint
310 1775 519 1820 perspicere
549 1775 672 1810 liceat.
722 1775 858 1818 Quanti
882 1776 963 1820 ipse
996 1775 1190 1810 aestimem
1215 1775 1338 1809 Fleck.
1367 1786 1448 1809 ann.

117 1826 184 1858 135
208 1834 243 1867 p.
267 1826 310 1857 75
337 1824 406 1857 etc.
434 1822 597 1867 exposui.
646 1822 881 1866 Aliquotiens
908 1823 936 1857 O
958 1821 1042 1866 vet',
1068 1822 1186 1856 rarius
1214 1823 1241 1857 O
1263 1823 1308 1856 al'
1335 1822 1450 1856 nomi-

115 1871 263 1905 nantur.
313 1869 532 1913 Significant
555 1868 753 1911 lectiones,
786 1880 941 1913 quarum
974 1880 1218 1913 permagnum
1248 1880 1450 1910 numerum,

118 1915 186 1950 sub
211 1916 279 1950 illo
300 1916 404 1960 signo
430 1916 601 1950 meliores
628 1916 704 1950 fere
731 1927 856 1950 omnes
877 1927 896 1950 e
916 1916 1058 1950 mutilis
1077 1918 1151 1950 tres
1177 1915 1356 1957 homines,
1385 1915 1450 1949 sub

116 1964 187 1997 hoc
212 1962 318 2007 signo
345 1962 411 1996 alii
434 1965 510 1997 tres
541 1963 713 2007 pluresve
739 1973 758 1996 e
784 1962 889 1996 libris
916 1962 1145 2006 quibuslibet
1171 1962 1256 1997 aliis
1281 1962 1321 1996 in
1348 1962 1452 1996 Otto-

116 2008 270 2044 boniani
302 2009 534 2053 marginibus
569 2009 855 2053 adscripserunt.
910 2009 1099 2044 Leidensis
1132 2009 1391 2054 supplementa
1423 2011 1452 2051 λ,

119 2056 150 2090 si
175 2066 248 2099 qua
272 2055 427 2100 vulgata
451 2055 562 2090 lectio
589 2056 733 2100 placuit
758 2069 784 2090 ω
810 2055 882 2090 litt.
911 2057 1042 2090 notata
1066 2058 1162 2090 sunt.
1190 2077 1232 2081 —
1259 2055 1452 2090 Editiones

119 2101 352 2137 adhibuimus
388 2102 591 2137 Audomari
627 2102 756 2136 Talaei
793 2103 920 2147 (Paris.
953 2105 1056 2147 1553)
1095 2104 1133 2136 et
1163 2102 1455 2137 Richardianam

118 2148 245 2193 (Paris.
267 2150 380 2193 1558),
402 2149 535 2183 deinde
555 2160 649 2193 quas
669 2149 796 2183 Thom.
818 2148 1005 2184 Cockman
1025 2148 1153 2194 (Oxon.
1177 2151 1292 2193 1706),
1318 2149 1454 2183 Pearce

118 2195 246 2240 (Lond.
274 2197 388 2240 1746),
414 2161 579 2230 Harlessq
587 2196 753 2241 (Erlang.
781 2197 897 2240 1816),
925 2195 1178 2230 ΟΜΜ1101101·
1203 2195 1315 2240 (Lips.
1339 2197 1454 2238 1819),

118 2241 347 2276 Henrichsen
373 2242 555 2286 (Hauniae
585 2244 687 2287 1830)
718 2244 954 2286 paraverunt
1005 2242 1097 2277 Tum
1123 2241 1289 2276 Ellendti
1315 2240 1455 2285 grande

120 2299 211 2333 opus
232 2299 251 2322 e
270 2289 439 2324 manibus
458 2300 648 2333 nunquam
668 2288 885 2324 dimisimus.
927 2289 1045 2323 Huius
1073 2289 1208 2323 aetatis
1234 2288 1456 2332 interpretes
