1643 2526
119 94 188 129 XII
534 92 735 127 ADNOTA
741 91 819 127 ΤΙΟ
850 91 1050 128 CRITICA.

120 200 180 233 sed
205 210 279 234 non
303 199 336 232 R
361 200 456 234 enim
480 198 647 240 faciendo
672 198 734 232 sed
756 208 831 232 non
854 208 892 230 m
923 198 1018 232 enim
1040 197 1206 240 faciendo
1230 197 1345 232 solum
1367 197 1463 242 quod

121 247 217 280 decet
245 247 306 280 sed
339 257 413 280 non
442 245 493 278 Η2
530 246 623 279 enim
654 245 828 289 pudendo
864 245 925 279 sed
955 255 1030 278 non
1062 244 1089 277 L
1127 245 1313 288 (pudendo
1336 246 1464 278 tamen

122 294 340 326 cunctanter
366 294 403 326 et
430 292 547 325 scrius
572 290 799 336 interposuit
825 290 880 335 O).
931 290 1001 325 Cfr.
1023 293 1099 333 144,
1117 291 1235 332 113de
1262 291 1321 325 off.
1345 291 1362 324 I
1384 294 1461 325 147.

122 359 166 364 -—
186 342 241 374 26.
262 341 395 373 crimen
414 337 657 372 Ruhnkenius
679 358 721 363 —-
743 340 797 372 29.
820 339 984 372 animum
1003 338 1088 372 adu.
1102 336 1141 370 M
1159 339 1346 372 animadu.
1361 337 1374 372 l
1388 348 1408 372 o
1421 337 1460 372 L.

121 385 219 419 Illud
244 385 454 429 ubicunque
480 384 517 418 M
542 386 704 418 testatur
728 383 862 428 recepi.
888 405 930 409 ——
958 388 1001 419 ut
1019 388 1051 418 et
1075 383 1198 417 ΗΕΒ,
1221 389 1263 419 ut
1284 383 1310 419 C
1335 405 1378 409 —
1405 388 1461 419 32.

122 443 213 467 oum.
240 437 308 467 art.
336 433 362 465 L
396 452 440 457 —
472 433 689 466 contremisc.
716 431 794 465 H²l
813 434 856 465 32
872 432 899 466 L
934 451 977 456 —
1011 435 1066 466 37.
1092 432 1348 476 siqniftcarunt
1371 441 1392 465 0
1417 450 1462 456 —

120 489 156 513 se
180 480 207 513 L
236 499 279 504 —-
306 478 343 514 P.
371 482 425 513 29.
453 481 484 513 3.
510 479 613 513 modo
637 489 711 513 non
737 488 806 512 om.
832 478 869 511 M
895 479 965 522 (55,
986 479 1021 522 3)
1055 498 1102 503 —
1133 481 1165 512 5.
1192 482 1350 513 oratores
1372 489 1461 513 sum.

121 538 142 569 γ
158 526 273 559 32aL
301 546 343 550 —
371 529 402 560 8.
429 536 494 560 cur
514 526 550 559 M
576 536 738 560 curcum
758 524 809 558 ΗΞ
833 536 898 559 cur
916 529 958 559 ut
982 524 1010 557 L
1036 545 1077 549 ——
1105 535 1244 569 quoquo
1269 525 1352 569 loy
1377 535 1462 570 quo-

122 583 261 617 cunque
285 572 313 605 P
346 592 388 597 -—
422 576 453 607 9.
487 583 625 606 causas.
652 572 679 606 E
701 570 837 606 deficit.
870 592 912 597 —
947 575 999 605 14.
1027 573 1144 616 possit
1168 571 1236 606 Me
1261 592 1305 596 -—
1329 582 1375 606 ne
1398 572 1463 606 illo

121 620 200 663 ipso
226 619 263 652 Μ
287 630 331 654 ne
356 623 432 654 turn
456 618 483 652 L
509 624 584 653 tum
608 630 652 654 ne
678 631 694 653 ε
722 640 762 644 -
790 623 942 663 tempore
969 618 1052 652 add.
1079 618 1134 663 7²,
1161 617 1226 654 cfr.
1253 621 1331 661 288,
1352 622 1390 664 93
1417 618 1462 652 de

123 666 180 699 off.
207 665 240 698 Π
261 670 279 699 7
307 687 349 690 —
379 670 433 700 16.
459 667 501 700 de
527 670 641 700 cetera
666 666 703 699 M
726 672 747 710 q·
777 667 882 700 ceteri
908 665 957 699 H2
982 669 1179 700 ceterarum
1203 664 1231 698 L
1257 666 1352 710 quod
1376 669 1462 700 cete-

122 724 246 747 rarum
273 725 288 747 ε
314 714 407 757 (199,
430 715 488 755 21)
516 733 559 737 —
589 716 641 746 17.
673 712 834 755 fecerant
860 713 891 746 H
917 713 1066 755 fecerint
1091 711 1216 756 loyO
1243 732 1288 737 —
1316 716 1369 746 19.
1390 723 1462 757 pu-

122 763 243 793 tentur
268 760 295 793 L
333 780 379 799 -‚-
417 763 471 793 23.
505 760 590 803 quia
624 764 706 793 ante
732 760 764 793 H
796 762 869 804 qud
894 763 926 794 te
949 770 986 792 m
1018 770 1128 803 quare
1151 759 1195 793 12
1232 779 1279 784 ——
1313 763 1368 793 27.
1401 760 1464 804 qui

123 810 241 840 autem
261 806 294 840 M
322 807 427 840 cuius
446 811 564 841 autem
585 818 600 840 ε
620 807 723 840 cuius
742 805 769 839 L
797 826 839 830 —
866 809 921 840 28.
943 806 1084 850 cdiquid
1104 806 1129 839 L
1151 827 1192 830 —
1213 806 1463 850 reprehensum

123 851 181 886 Le
214 873 256 876 —
289 856 344 886 31.
372 857 437 887 aut
460 857 598 887 natura
623 853 666 894 H,
694 863 756 887 an:
791 853 835 887 ab
860 856 1024 887 natura?
1055 873 1100 877 —
1131 854 1205 887 nisi
1229 853 1310 887 hab.
1335 865 1359 887 a
1382 864 1418 887 n.
1446 865 1462 887 ε

121 899 195 933 nisi
220 911 243 933 α
267 910 302 933 n.
328 900 408 933 hab.
436 900 463 932 L
491 919 533 924 ——
564 899 603 933 P.
632 904 686 934 30.
717 905 744 934 1.
772 900 810 934 ec
839 901 934 934 enim
958 900 1020 942 Hy
1046 901 1078 934 ei
1102 910 1173 934 esse
1199 909 1217 933 e
1250 919 1291 924 —-
1325 903 1358 934 2.
1378 910 1462 944 per-

122 946 300 989 cipiendis
324 947 351 980 L
378 945 461 980 incl.
482 946 553 980 En.
575 966 618 971 —
640 951 671 980 3.
699 948 762 990 qui
782 959 808 980 ω
835 967 879 971 -
907 950 937 981 8.
963 947 1140 981 sententia
1159 946 1184 980 C
1203 946 1399 981 sententiae
1417 945 1463 980 Ρκ

121 994 273 1027 scientia
292 1003 323 1035 e,
351 992 429 1027 cod.
450 992 617 1028 Lincoln.
637 993 669 1026 U
692 993 770 1037 (cfr.
792 997 847 1036 15,
870 996 930 1034 15;
957 996 1013 1035 40,
1034 994 1079 1037 5).
1116 992 1196 1027 Hoc
1214 992 1463 1027 necessarium

123 1049 203 1072 esse
224 1039 359 1073 docent
384 1043 424 1081 ἐξ
444 1042 476 1081 9,
498 1042 552 1082 20,
574 1043 628 1082 54,
650 1042 705 1083 93,
731 1040 765 1073 Π
786 1044 816 1082 6,
842 1039 895 1073 ΙΠ
916 1042 993 1083 109,
1016 1043 1092 1074 143.
1115 1059 1156 1063 -
1173 1040 1414 1084 prudentium
1426 1041 1462 1073 M

119 1096 231 1130 prope
249 1086 276 1119 L
304 1106 347 1110 —
370 1089 422 1119 10.
449 1087 707 1130 εαυιηιο(νιιηι).
732 1087 770 1120 Μ
790 1085 917 1120 deficit
935 1106 978 1111 —
1004 1090 1057 1120 14.
1083 1090 1169 1121 sunt
1193 1087 1234 1120 in
1259 1097 1309 1121 or.
1335 1097 1423 1121 sum.
1446 1099 1462 1121 ε

123 1152 167 1156 -
197 1136 250 1166 15.
278 1136 432 1176 possunt
457 1132 502 1165 Ρ2
533 1132 586 1177 (in
610 1135 696 1175 ras)
723 1132 752 1167 Ο
775 1133 849 1167 vet'
877 1135 926 1167 ελ
956 1153 1000 1158 —
1029 1137 1081 1167 16.
1115 1144 1223 1177 opera
1248 1145 1355 1177 quam
1381 1133 1406 1168 C
1431 1139 1463 1169 et

123 1189 231 1222 opera
257 1191 363 1223 quam
388 1178 422 1212 N
443 1178 525 1213 Ald.
547 1191 722 1224 perquam
747 1179 873 1214 Lamb.
900 1179 1015 1214 tacite
1041 1200 1084 1205 —
1112 1183 1166 1214 27.
1188 1181 1388 1224 perfectum.
1414 1183 1462 1215 ελ

123 1245 167 1250 --
193 1229 249 1260 30.
282 1227 323 1260 in
347 1236 384 1260 eo
416 1225 542 1260 Lamb.
577 1246 618 1251 —
651 1226 689 1261 P.
718 1230 772 1260 31.
801 1230 856 1261 15.
887 1227 932 1261 ab
958 1227 985 1260 L
1017 1247 1061 1252 -
1093 1230 1212 1261 tamen
1236 1228 1298 1271 qui
1330 1227 1392 1260 La
1417 1247 1461 1252 -—

123 1275 179 1306 36.
205 1273 396 1316 quicquain
422 1271 447 1306 C
474 1273 663 1317 quisquam
688 1272 886 1307 Huldricus
914 1272 993 1316 (cfr.
1015 1273 1137 1306 Madv.
1159 1273 1242 1308 adV.
1264 1284 1312 1307 cr.
1331 1273 1384 1307 III
1403 1275 1461 1318 86)

122 1339 168 1343 -
192 1318 232 1352 P.
259 1323 314 1352 32.
343 1323 373 1353 1.
405 1320 542 1354 adhort.
570 1319 630 1353 Li
661 1320 737 1354 cah.
765 1332 781 1354 ε
814 1341 856 1345 -
892 1324 944 1355 17.
981 1321 1162 1364 expiscari
1194 1319 1391 1364 Siesbyeus
1417 1340 1462 1345 —

123 1369 178 1399 24.
211 1366 304 1400 illud
330 1364 354 1399 C
386 1367 426 1400 id
458 1377 501 1400 ex
527 1379 554 1399 ω
580 1365 650 1400 ΕΠ.
684 1387 727 1391 -
761 1370 816 1400 30.
849 1371 914 1401 aut
938 1371 1041 1411 temp.
1070 1367 1129 1400 L).
1160 1368 1195 1401 a'
1218 1371 1322 1411 temp.
1348 1379 1364 1402 ε
1397 1378 1460 1402 ωε

123 1423 165 1446 ac
190 1416 411 1456 temporum?
441 1433 488 1438 —
512 1412 550 1447 P.
578 1417 633 1447 33.
662 1417 692 1447 1.
724 1415 898 1458 scriptum
923 1413 950 1446 L
983 1415 1165 1458 scriptura
1191 1412 1220 1447 Ο
1241 1415 1315 1448 vet'
1342 1416 1391 1448 λε
1418 1435 1461 1439 -—

122 1459 295 1493 dissideat
317 1458 400 1494 Ald.
435 1459 507 1503 (ad.
534 1459 619 1493 Her.
645 1460 757 1504 1113)
787 1481 834 1485 -
865 1463 897 1494 8.
929 1461 992 1504 qui
1018 1459 1043 1494 C
1075 1471 1165 1505 quae
1197 1470 1241 1493 ex
1266 1473 1293 1494 ω
1318 1459 1391 1494 Ell.
1418 1481 1461 1485 —

126 1510 178 1540 17.
205 1510 238 1540 et
257 1517 332 1541 ven.
354 1505 380 1540 C
401 1517 443 1541 ac
461 1517 541 1541 uen.
562 1507 658 1549 Em.,
685 1507 783 1540 unde
803 1506 873 1540 ΕΠ.
895 1507 1036 1550 opinor,
1058 1517 1131 1540 non
1151 1517 1170 1541 e
1191 1506 1271 1540 cod.
1292 1506 1460 1550 sumpsit.

124 1573 165 1576 -—
198 1556 253 1586 26.
285 1553 327 1586 in
358 1557 434 1587 arte
464 1553 556 1588 trad.
589 1552 738 1587 Muther
775 1573 818 1578 —
857 1565 928 1598 qua
955 1553 980 1587 C
1013 1564 1081 1597 quo
1115 1552 1155 1586 in
1179 1552 1278 1587 notis
1306 1553 1462 1588 Schuetz

123 1599 193 1641 (60,
214 1603 274 1639 31;
302 1603 357 1640 87,
379 1603 439 1641 31;
467 1603 546 1640 128,
567 1603 626 1641 33;
656 1602 733 1642 152,
755 1600 789 1643 8)
822 1620 865 1624 -
897 1599 935 1634 P.
963 1604 1018 1634 34.
1045 1603 1077 1635 5.
1109 1601 1149 1634 id
1174 1601 1282 1645 egisse
1308 1600 1333 1635 C
1359 1601 1461 1636 colle-

121 1646 212 1690 9isse
236 1644 414 1680 Nizolius.
459 1645 530 1680 Cfr.
551 1645 736 1679 Fraenkel
754 1657 877 1690 progr.
897 1645 1051 1690 Dorpat.
1075 1650 1176 1690 1855,
1197 1651 1242 1681 25
1269 1667 1311 1672 -
1339 1651 1394 1682 11.
1414 1648 1463 1682 ad

121 1692 282 1726 studium
308 1691 333 1725 C
359 1693 400 1726 in
419 1693 577 1726 stadium
604 1703 648 1726 ex
673 1692 751 1728 cod.
778 1693 889 1737 longe
915 1692 1066 1737 optimo,
1092 1695 1135 1727 ut
1159 1692 1223 1736 ait,
1250 1693 1461 1729 Lambinus.

124 1737 208 1781 Ipse
235 1738 357 1772 delere
383 1738 512 1772 malini
537 1741 630 1783 (333,
651 1741 721 1783 21).
749 1760 791 1764 —
822 1745 874 1774 13.
895 1741 1054 1784 prodisc.
1081 1741 1108 1774 L
1125 1743 1143 1773 λ
1162 1741 1265 1785 perd.
1293 1753 1309 1775 ε
1335 1761 1380 1766 -
1405 1745 1461 1775 34.

122 1784 238 1819 Stilus
263 1789 324 1828 est,
348 1786 453 1819 stilus
474 1785 611 1819 Victor.
639 1785 721 1825 (Rh.
742 1786 780 1821 L.
802 1790 881 1830 444,
903 1788 938 1831 2)
965 1807 1008 1812 ——
1034 1786 1072 1821 P.
1101 1791 1156 1821 35.
1183 1791 1214 1821 2.
1241 1791 1346 1832 atque
1364 1786 1393 1821 L
1418 1808 1461 1813 —

123 1835 155 1865 3.
179 1832 314 1876 inquir.
343 1831 480 1866 Victor.
509 1853 552 1857 —
580 1837 610 1868 6.
637 1834 859 1878 maximeque
884 1834 911 1867 L
937 1854 982 1859 —
1004 1837 1064 1868 ’11.
1089 1835 1164 1868 nisi
1189 1835 1251 1879 qui
1277 1834 1305 1868 O
1331 1834 1460 1869 Lamb.

122 1897 166 1903 —
193 1882 248 1912 23.
281 1880 584 1914 concitationibus
613 1879 673 1913 Li
704 1881 977 1915 condicionibus
1003 1893 1018 1914 ε
1051 1891 1133 1914 cum
1164 1882 1323 1924 corrupt.
1356 1880 1462 1925 signo

123 1945 167 1949 —
193 1928 249 1958 28.
276 1926 324 1959 ad
349 1937 449 1969 quem
475 1925 625 1960 Muther
661 1947 704 1952 —
735 1931 790 1962 35.
812 1938 957 1972 propos
985 1940 1012 1961 ω
1038 1947 1083 1953 —-
1108 1927 1146 1961 P.
1174 1931 1228 1962 36.
1257 1930 1310 1962 15.
1337 1928 1461 1972 (exer)-

122 1972 292 2006 citatione
317 1971 354 2007 M
382 1974 469 2016 (non
494 1973 537 2017 Ε)
561 1972 660 2006 redit
697 1993 741 1998 —
772 1975 879 2009 etiam
905 1985 974 2008 om.
1003 1986 1019 2008 ε
1044 1995 1089 1999 -
1116 1978 1170 2008 21.
1196 1985 1285 2009 usus
1309 1972 1335 2008 C
1359 1975 1464 2009 uisus

122 2017 261 2052 Victor.
290 2028 361 2052 om.
387 2019 421 2052 H
453 2039 496 2044 —-
527 2020 712 2054 hominum
736 2019 785 2064 lg.
807 2025 839 2063 2,
861 2025 903 2055 86
931 2021 1051 2055 Madv.
1083 2041 1128 2046 —
1160 2025 1216 2055 24.
1248 2021 1404 2066 eligendi
1427 2020 1462 2054 H

122 2065 262 2110 legendi
286 2075 323 2098 m
348 2069 381 2099 et
406 2066 513 2111 leyen.
541 2067 568 2099 L
584 2069 602 2100 λ
628 2071 661 2102 et
679 2068 856 2113 perleyen.
884 2081 900 2102 ε
926 2069 1018 2111 (194,
1042 2069 1098 2112 14)
1127 2087 1170 2093 -
1197 2071 1253 2102 26.
1277 2068 1462 2110 refellendi

123 2123 193 2145 om.
219 2110 273 2153 Μ,
301 2122 345 2145 ex
371 2115 425 2155 64,
448 2116 490 2146 12
516 2112 632 2147 fiuxit.
659 2133 703 2138 —
729 2118 783 2148 28.
811 2115 1026 2149 eliciendum
1051 2115 1078 2148 L
1113 2134 1156 2140 —
1191 2117 1246 2148 29.
1272 2114 1463 2149 dicendum

123 2168 194 2192 om.
220 2158 247 2191 L
280 2178 323 2183 -—
356 2159 564 2193 discendum
591 2161 616 2193 L
651 2180 693 2185 —
726 2163 781 2195 31.
813 2172 851 2195 re
877 2161 927 2194 H¹
958 2181 1003 2186 --
1035 2164 1090 2196 32.
1117 2165 1215 2205 pact.
1247 2171 1344 2195 caus.
1376 2161 1459 2205 imp.

123 2215 193 2238 om.
220 2203 258 2237 M
290 2225 333 2229 —
366 2209 422 2240 33.
449 2210 499 2240 est
525 2217 594 2240 om.
621 2206 658 2239 M
687 2227 730 2232 —
757 2208 864 2242 etiam
891 2218 960 2242 om.
988 2220 1024 2242 m
1050 2209 1245 2253 (suprascr.
1271 2208 1306 2251 γ)
1332 2207 1391 2241 Le
1416 2227 1462 2232 -—

123 2252 221 2286 omni
240 2253 347 2286 etiam
373 2252 400 2285 L
429 2273 470 2277 —
497 2251 535 2286 P.
557 2257 613 2287 37.
635 2257 665 2287 6.
691 2255 793 2288 uenit
818 2255 905 2297 quid
933 2254 961 2288 H
977 2255 1074 2298 oyL
1097 2255 1191 2289 Non.
1219 2274 1262 2279 —
1290 2257 1345 2288 10.
1369 2255 1463 2288 uesti

122 2299 278 2334 uiderim
304 2298 338 2332 H
363 2309 436 2333 non
454 2300 531 2334 uid.
554 2299 581 2332 L
602 2319 646 2324 -—
670 2303 723 2334 12.
750 2302 980 2345 explicauisti
1003 2312 1114 2346 neque
1132 2300 1171 2335 M
1196 2302 1288 2346 (sup.
1308 2301 1356 2335 sti
1372 2309 1397 2334 0
1414 2300 1461 2345 H)
