<?xml version="1.0" encoding="UTF-8"?>
<!DOCTYPE html PUBLIC "-//W3C//DTD XHTML 1.0 Transitional//EN"
    "http://www.w3.org/TR/xhtml1/DTD/xhtml1-transitional.dtd">
<html xmlns="http://www.w3.org/1999/xhtml" xml:lang="en" lang="en">
 <head>
  <title>
</title>
<meta http-equiv="Content-Type" content="text/html;charset=utf-8" />
  <meta name='ocr-system' content='tesseract 3.04.00' />
  <meta name='ocr-capabilities' content='ocr_page ocr_carea ocr_par ocr_line ocrx_word'/>
</head>
<body>
  <div class='ocr_page' id='page_1' title='image "./p2scriptaquaemanse01ciceuoft_0227.png"; bbox 0 0 1643 2526; ppageno 0'>
   <div class='ocr_carea' id='block_1_1' title="bbox 394 107 1432 151">
    <p class='ocr_par' dir='ltr' id='par_1_1' title="bbox 394 107 1432 151">
     <span class='ocr_line' id='line_1_1' title="bbox 394 107 1432 151; baseline 0.005 -10"><span class='ocrx_word' id='word_1_1' title='bbox 394 107 535 142; x_wconf 84' lang='lat' dir='ltr'>LIBER</span> <span class='ocrx_word' id='word_1_2' title='bbox 560 108 604 143; x_wconf 90' lang='grc' dir='ltr'>ΙΙ.</span> <span class='ocrx_word' id='word_1_3' title='bbox 649 107 749 143; x_wconf 92' lang='lat' dir='ltr'>CAP.</span> <span class='ocrx_word' id='word_1_4' title='bbox 775 111 830 143; x_wconf 85' lang='lat'>56.</span> <span class='ocrx_word' id='word_1_5' title='bbox 875 112 894 150; x_wconf 65' lang='grc' dir='ltr'>ἓ</span> <span class='ocrx_word' id='word_1_6' title='bbox 921 112 1118 144; x_wconf 78' lang='lat'><strong>223—229.</strong></span> <span class='ocrx_word' id='word_1_7' title='bbox 1348 109 1432 151; x_wconf 76' lang='grc'>125</span> 
     </span>
    </p>
   </div>
   <div class='ocr_carea' id='block_1_2' title="bbox 39 201 1502 2359">
    <p class='ocr_par' dir='ltr' id='par_1_2' title="bbox 90 201 1434 434">
     <span class='ocr_line' id='line_1_2' title="bbox 90 201 1434 258; baseline 0.002 -16"><span class='ocrx_word' id='word_1_8' title='bbox 90 201 260 257; x_wconf 90' lang='lat' dir='ltr'>nibus,</span> <span class='ocrx_word' id='word_1_9' title='bbox 292 216 505 256; x_wconf 88' lang='lat' dir='ltr'>quorum</span> <span class='ocrx_word' id='word_1_10' title='bbox 536 202 789 258; x_wconf 84' lang='lat' dir='ltr'>imagines</span> <span class='ocrx_word' id='word_1_11' title='bbox 827 203 942 245; x_wconf 86' lang='lat' dir='ltr'>duci</span> <span class='ocrx_word' id='word_1_12' title='bbox 979 203 1149 245; x_wconf 76' lang='lat' dir='ltr'>vides?</span> <span class='ocrx_word' id='word_1_13' title='bbox 1188 203 1305 258; x_wconf 90' lang='lat' dir='ltr'>quid</span> <span class='ocrx_word' id='word_1_14' title='bbox 1337 219 1434 245; x_wconf 90' lang='lat' dir='ltr'>ma-</span> 
     </span>
     <span class='ocr_line' id='line_1_3' title="bbox 90 260 1431 317; baseline 0.003 -17"><span class='ocrx_word' id='word_1_15' title='bbox 90 260 295 301; x_wconf 86' lang='lat' dir='ltr'>ioribus</span> <span class='ocrx_word' id='word_1_16' title='bbox 327 261 462 302; x_wconf 75' lang='lat' dir='ltr'>tuis?</span> <span class='ocrx_word' id='word_1_17' title='bbox 494 261 612 315; x_wconf 88' lang='lat' dir='ltr'>quid</span> <span class='ocrx_word' id='word_1_18' title='bbox 637 261 684 302; x_wconf 91' lang='lat' dir='ltr'>L.</span> <span class='ocrx_word' id='word_1_19' title='bbox 709 261 887 317; x_wconf 89' lang='lat' dir='ltr'>Bruto,</span> <span class='ocrx_word' id='word_1_20' title='bbox 919 262 1003 315; x_wconf 93' lang='lat' dir='ltr'>qui</span> <span class='ocrx_word' id='word_1_21' title='bbox 1034 262 1166 304; x_wconf 88' lang='lat' dir='ltr'>hunc</span> <span class='ocrx_word' id='word_1_22' title='bbox 1190 263 1431 317; x_wconf 91' lang='lat' dir='ltr'>populum</span> 
     </span>
     <span class='ocr_line' id='line_1_4' title="bbox 92 318 1432 376; baseline 0.002 -17"><span class='ocrx_word' id='word_1_23' title='bbox 92 318 357 360; x_wconf 87' lang='lat' dir='ltr'>dominatu</span> <span class='ocrx_word' id='word_1_24' title='bbox 395 319 537 374; x_wconf 88' lang='lat' dir='ltr'>regio</span> <span class='ocrx_word' id='word_1_25' title='bbox 575 320 848 361; x_wconf 75' lang='lat' dir='ltr'>liberavit?</span> <span class='ocrx_word' id='word_1_26' title='bbox 891 320 1009 373; x_wconf 89' lang='lat' dir='ltr'>quid</span> <span class='ocrx_word' id='word_1_27' title='bbox 1049 324 1097 362; x_wconf 90' lang='lat' dir='ltr'>te</span> <span class='ocrx_word' id='word_1_28' title='bbox 1136 321 1314 376; x_wconf 79' lang='lat' dir='ltr'>agere?</span> <span class='ocrx_word' id='word_1_29' title='bbox 1352 321 1432 363; x_wconf 91' lang='lat' dir='ltr'>cui</span> 
     </span>
     <span class='ocr_line' id='line_1_5' title="bbox 92 377 1433 434; baseline 0.002 -17"><span class='ocrx_word' id='word_1_30' title='bbox 92 377 185 431; x_wconf 91' lang='lat' dir='ltr'>rei,</span> <span class='ocrx_word' id='word_1_31' title='bbox 235 377 314 418; x_wconf 89' lang='lat' dir='ltr'>cui</span> <span class='ocrx_word' id='word_1_32' title='bbox 365 377 580 433; x_wconf 83' lang='lat' dir='ltr'>gloriae,</span> <span class='ocrx_word' id='word_1_33' title='bbox 629 379 708 419; x_wconf 91' lang='lat' dir='ltr'>cui</span> <span class='ocrx_word' id='word_1_34' title='bbox 752 379 936 420; x_wconf 88' lang='lat' dir='ltr'>virtuti</span> <span class='ocrx_word' id='word_1_35' title='bbox 987 379 1220 420; x_wconf 82' lang='lat' dir='ltr'>studere?</span> <span class='ocrx_word' id='word_1_36' title='bbox 1272 379 1433 434; x_wconf 86' lang='lat' dir='ltr'>patri-</span> 
     </span>
    </p>

    <p class='ocr_par' dir='ltr' id='par_1_3' title="bbox 55 435 1502 725">
     <span class='ocr_line' id='line_1_6' title="bbox 55 435 1432 491; baseline 0.001 -15"><span class='ocrx_word' id='word_1_37' title='bbox 55 452 70 477; x_wconf 86' lang='lat'>5</span> <span class='ocrx_word' id='word_1_38' title='bbox 94 435 328 477; x_wconf 89' lang='lat' dir='ltr'>monione</span> <span class='ocrx_word' id='word_1_39' title='bbox 368 436 628 491; x_wconf 77' lang='lat' dir='ltr'>augendo?</span> <span class='ocrx_word' id='word_1_40' title='bbox 688 437 753 477; x_wconf 91' lang='lat' dir='ltr'>At</span> <span class='ocrx_word' id='word_1_41' title='bbox 789 437 839 478; x_wconf 89' lang='lat' dir='ltr'>id</span> <span class='ocrx_word' id='word_1_42' title='bbox 874 451 973 478; x_wconf 92' lang='lat' dir='ltr'>non</span> <span class='ocrx_word' id='word_1_43' title='bbox 1011 441 1087 478; x_wconf 88' lang='lat' dir='ltr'>est</span> <span class='ocrx_word' id='word_1_44' title='bbox 1122 438 1432 479; x_wconf 86' lang='lat' dir='ltr'>nobilitatis.</span> 
     </span>
     <span class='ocr_line' id='line_1_7' title="bbox 94 492 1502 550; baseline 0.002 -15"><span class='ocrx_word' id='word_1_45' title='bbox 94 492 189 535; x_wconf 83' lang='lat' dir='ltr'>Sed</span> <span class='ocrx_word' id='word_1_46' title='bbox 225 494 304 535; x_wconf 87' lang='lat' dir='ltr'>fac</span> <span class='ocrx_word' id='word_1_47' title='bbox 342 509 469 549; x_wconf 91' lang='lat' dir='ltr'>esse,</span> <span class='ocrx_word' id='word_1_48' title='bbox 504 495 636 536; x_wconf 86' lang='lat' dir='ltr'>nihil</span> <span class='ocrx_word' id='word_1_49' title='bbox 673 499 927 550; x_wconf 83' lang='lat' dir='ltr'>superest3</span> <span class='ocrx_word' id='word_1_50' title='bbox 964 496 1226 537; x_wconf 88' lang='lat' dir='ltr'>lubidines</span> <span class='ocrx_word' id='word_1_51' title='bbox 1265 499 1502 539; x_wconf 76' lang='lat' dir='ltr'>totum226</span> 
     </span>
     <span class='ocr_line' id='line_1_8' title="bbox 93 552 1432 609; baseline 0.003 -17"><span class='ocrx_word' id='word_1_52' title='bbox 93 552 500 606; x_wconf 84' lang='lat' dir='ltr'>dissupaverunt.</span> <span class='ocrx_word' id='word_1_53' title='bbox 561 553 638 594; x_wconf 91' lang='lat' dir='ltr'>An</span> <span class='ocrx_word' id='word_1_54' title='bbox 667 554 768 594; x_wconf 88' lang='lat' dir='ltr'>iuri</span> <span class='ocrx_word' id='word_1_55' title='bbox 801 554 974 595; x_wconf 76' lang='lat' dir='ltr'>civili?</span> <span class='ocrx_word' id='word_1_56' title='bbox 1029 555 1121 595; x_wconf 90' lang='lat' dir='ltr'>Est</span> <span class='ocrx_word' id='word_1_57' title='bbox 1152 558 1432 609; x_wconf 87' lang='lat' dir='ltr'>paternum.</span> 
     </span>
     <span class='ocr_line' id='line_1_9' title="bbox 95 609 1432 667; baseline 0.002 -16"><span class='ocrx_word' id='word_1_58' title='bbox 95 609 188 651; x_wconf 80' lang='lat' dir='ltr'>Sed</span> <span class='ocrx_word' id='word_1_59' title='bbox 220 611 355 652; x_wconf 89' lang='lat' dir='ltr'>dicet</span> <span class='ocrx_word' id='word_1_60' title='bbox 388 614 454 666; x_wconf 93' lang='lat' dir='ltr'>te,</span> <span class='ocrx_word' id='word_1_61' title='bbox 491 626 600 653; x_wconf 92' lang='lat' dir='ltr'>cum</span> <span class='ocrx_word' id='word_1_62' title='bbox 640 613 785 653; x_wconf 89' lang='lat' dir='ltr'>aedes</span> <span class='ocrx_word' id='word_1_63' title='bbox 817 613 1079 667; x_wconf 88' lang='lat' dir='ltr'>venderes,</span> <span class='ocrx_word' id='word_1_64' title='bbox 1115 627 1174 654; x_wconf 92' lang='lat' dir='ltr'>ne</span> <span class='ocrx_word' id='word_1_65' title='bbox 1211 613 1263 654; x_wconf 90' lang='lat' dir='ltr'>in</span> <span class='ocrx_word' id='word_1_66' title='bbox 1299 613 1432 654; x_wconf 87' lang='lat' dir='ltr'>rutis</span> 
     </span>
     <span class='ocr_line' id='line_1_10' title="bbox 94 669 1434 725; baseline 0.003 -16"><span class='ocrx_word' id='word_1_67' title='bbox 94 669 294 722; x_wconf 89' lang='lat' dir='ltr'>quidem</span> <span class='ocrx_word' id='word_1_68' title='bbox 338 673 386 710; x_wconf 91' lang='lat' dir='ltr'>et</span> <span class='ocrx_word' id='word_1_69' title='bbox 431 670 594 711; x_wconf 84' lang='lat' dir='ltr'>caesis</span> <span class='ocrx_word' id='word_1_70' title='bbox 640 670 824 712; x_wconf 89' lang='lat' dir='ltr'>solium</span> <span class='ocrx_word' id='word_1_71' title='bbox 868 671 966 712; x_wconf 90' lang='lat' dir='ltr'>tibi</span> <span class='ocrx_word' id='word_1_72' title='bbox 1009 674 1276 725; x_wconf 86' lang='lat' dir='ltr'>paternum</span> <span class='ocrx_word' id='word_1_73' title='bbox 1316 672 1434 713; x_wconf 88' lang='lat' dir='ltr'>reli-</span> 
     </span>
    </p>

    <p class='ocr_par' dir='ltr' id='par_1_4' title="bbox 41 727 1433 1017">
     <span class='ocr_line' id='line_1_11' title="bbox 41 727 1433 783; baseline 0.001 -13"><span class='ocrx_word' id='word_1_74' title='bbox 41 746 73 770; x_wconf 84' lang='lat'>10</span> <span class='ocrx_word' id='word_1_75' title='bbox 95 727 276 781; x_wconf 89' lang='lat' dir='ltr'>quisse.</span> <span class='ocrx_word' id='word_1_76' title='bbox 314 728 391 769; x_wconf 88' lang='lat' dir='ltr'>An</span> <span class='ocrx_word' id='word_1_77' title='bbox 409 728 483 769; x_wconf 89' lang='lat' dir='ltr'>rei</span> <span class='ocrx_word' id='word_1_78' title='bbox 502 728 750 770; x_wconf 80' lang='lat' dir='ltr'>militari?</span> <span class='ocrx_word' id='word_1_79' title='bbox 782 729 830 770; x_wconf 92' lang='lat' dir='ltr'>Is</span> <span class='ocrx_word' id='word_1_80' title='bbox 858 730 943 783; x_wconf 92' lang='lat' dir='ltr'>qui</span> <span class='ocrx_word' id='word_1_81' title='bbox 968 745 1238 783; x_wconf 81' lang='lat' dir='ltr'>numquam</span> <span class='ocrx_word' id='word_1_82' title='bbox 1264 733 1433 771; x_wconf 86' lang='lat' dir='ltr'>castra</span> 
     </span>
     <span class='ocr_line' id='line_1_12' title="bbox 92 785 1432 842; baseline 0.002 -16"><span class='ocrx_word' id='word_1_83' title='bbox 92 785 300 827; x_wconf 79' lang='lat' dir='ltr'>videris!</span> <span class='ocrx_word' id='word_1_84' title='bbox 339 787 415 827; x_wconf 91' lang='lat' dir='ltr'>An</span> <span class='ocrx_word' id='word_1_85' title='bbox 446 787 801 840; x_wconf 73' lang='lat' dir='ltr'>eloquentiae?</span> <span class='ocrx_word' id='word_1_86' title='bbox 839 787 972 836; x_wconf 79' lang='lat' dir='ltr'>Quae</span> <span class='ocrx_word' id='word_1_87' title='bbox 1003 803 1162 842; x_wconf 89' lang='lat' dir='ltr'>neque</span> <span class='ocrx_word' id='word_1_88' title='bbox 1195 792 1273 829; x_wconf 90' lang='lat' dir='ltr'>est</span> <span class='ocrx_word' id='word_1_89' title='bbox 1303 788 1353 829; x_wconf 86' lang='lat' dir='ltr'>in</span> <span class='ocrx_word' id='word_1_90' title='bbox 1384 792 1432 830; x_wconf 91' lang='lat' dir='ltr'>te</span> 
     </span>
     <span class='ocr_line' id='line_1_13' title="bbox 94 844 1433 901; baseline 0.001 -16"><span class='ocrx_word' id='word_1_91' title='bbox 94 847 158 898; x_wconf 89' lang='lat' dir='ltr'>et,</span> <span class='ocrx_word' id='word_1_92' title='bbox 208 844 451 898; x_wconf 90' lang='lat' dir='ltr'>quicquid</span> <span class='ocrx_word' id='word_1_93' title='bbox 501 848 578 886; x_wconf 93' lang='lat' dir='ltr'>est</span> <span class='ocrx_word' id='word_1_94' title='bbox 626 846 766 887; x_wconf 84' lang='lat' dir='ltr'>vocis</span> <span class='ocrx_word' id='word_1_95' title='bbox 817 861 870 887; x_wconf 91' lang='lat' dir='ltr'>ac</span> <span class='ocrx_word' id='word_1_96' title='bbox 913 846 1139 901; x_wconf 75' lang='lat' dir='ltr'>linguae,</span> <span class='ocrx_word' id='word_1_97' title='bbox 1189 861 1330 888; x_wconf 89' lang='lat' dir='ltr'>omne</span> <span class='ocrx_word' id='word_1_98' title='bbox 1379 847 1433 887; x_wconf 88' lang='lat' dir='ltr'>in</span> 
     </span>
     <span class='ocr_line' id='line_1_14' title="bbox 92 903 1433 958; baseline 0.002 -15"><span class='ocrx_word' id='word_1_99' title='bbox 92 903 249 943; x_wconf 90' lang='lat' dir='ltr'>istum</span> <span class='ocrx_word' id='word_1_100' title='bbox 292 903 647 957; x_wconf 88' lang='lat' dir='ltr'>turpissimum</span> <span class='ocrx_word' id='word_1_101' title='bbox 692 905 974 946; x_wconf 87' lang='lat' dir='ltr'>calumniae</span> <span class='ocrx_word' id='word_1_102' title='bbox 1016 907 1281 958; x_wconf 89' lang='lat' dir='ltr'>quaestum</span> <span class='ocrx_word' id='word_1_103' title='bbox 1319 919 1433 946; x_wconf 88' lang='lat' dir='ltr'>con-</span> 
     </span>
     <span class='ocr_line' id='line_1_15' title="bbox 93 961 1433 1017; baseline 0.001 -15"><span class='ocrx_word' id='word_1_104' title='bbox 93 961 286 1002; x_wconf 81' lang='lat' dir='ltr'>tulisti!</span> <span class='ocrx_word' id='word_1_105' title='bbox 343 961 412 1003; x_wconf 83' lang='lat' dir='ltr'>Tu</span> <span class='ocrx_word' id='word_1_106' title='bbox 450 961 611 1003; x_wconf 87' lang='lat' dir='ltr'>lucem</span> <span class='ocrx_word' id='word_1_107' title='bbox 651 963 878 1017; x_wconf 76' lang='lat' dir='ltr'>aspicere</span> <span class='ocrx_word' id='word_1_108' title='bbox 917 963 1098 1004; x_wconf 78' lang='lat' dir='ltr'>audes?</span> <span class='ocrx_word' id='word_1_109' title='bbox 1142 966 1195 1004; x_wconf 90' lang='lat' dir='ltr'>tu</span> <span class='ocrx_word' id='word_1_110' title='bbox 1231 964 1323 1004; x_wconf 89' lang='lat' dir='ltr'>hos</span> <span class='ocrx_word' id='word_1_111' title='bbox 1361 964 1433 1004; x_wconf 90' lang='lat' dir='ltr'>in-</span> 
     </span>
    </p>

    <p class='ocr_par' dir='ltr' id='par_1_5' title="bbox 43 1019 1502 1310">
     <span class='ocr_line' id='line_1_16' title="bbox 43 1019 1433 1075; baseline 0.001 -13"><span class='ocrx_word' id='word_1_112' title='bbox 43 1019 258 1062; x_wconf 83' lang='lat' dir='ltr'>15tueri‘?</span> <span class='ocrx_word' id='word_1_113' title='bbox 304 1021 380 1072; x_wconf 91' lang='lat' dir='ltr'>[tu</span> <span class='ocrx_word' id='word_1_114' title='bbox 429 1019 480 1060; x_wconf 91' lang='lat' dir='ltr'>in</span> <span class='ocrx_word' id='word_1_115' title='bbox 527 1020 680 1075; x_wconf 84' lang='lat' dir='ltr'>for0,]</span> <span class='ocrx_word' id='word_1_116' title='bbox 731 1024 785 1061; x_wconf 89' lang='lat' dir='ltr'>tu</span> <span class='ocrx_word' id='word_1_117' title='bbox 835 1021 886 1062; x_wconf 85' lang='lat' dir='ltr'>in</span> <span class='ocrx_word' id='word_1_118' title='bbox 936 1021 1121 1063; x_wconf 82' lang='lat' dir='ltr'>civium</span> <span class='ocrx_word' id='word_1_119' title='bbox 1165 1036 1274 1063; x_wconf 89' lang='lat' dir='ltr'>esse</span> <span class='ocrx_word' id='word_1_120' title='bbox 1319 1036 1433 1063; x_wconf 91' lang='lat' dir='ltr'>con-</span> 
     </span>
     <span class='ocr_line' id='line_1_17' title="bbox 95 1078 1431 1135; baseline 0.001 -16"><span class='ocrx_word' id='word_1_121' title='bbox 95 1078 302 1131; x_wconf 80' lang='lat' dir='ltr'>spectu?</span> <span class='ocrx_word' id='word_1_122' title='bbox 346 1081 399 1119; x_wconf 92' lang='lat' dir='ltr'>tu</span> <span class='ocrx_word' id='word_1_123' title='bbox 436 1078 579 1119; x_wconf 88' lang='lat' dir='ltr'>illam</span> <span class='ocrx_word' id='word_1_124' title='bbox 610 1083 879 1134; x_wconf 89' lang='lat' dir='ltr'>mortuam,</span> <span class='ocrx_word' id='word_1_125' title='bbox 915 1083 969 1121; x_wconf 90' lang='lat' dir='ltr'>tu</span> <span class='ocrx_word' id='word_1_126' title='bbox 1006 1080 1254 1135; x_wconf 79' lang='lat' dir='ltr'>imagines</span> <span class='ocrx_word' id='word_1_127' title='bbox 1292 1080 1431 1134; x_wconf 92' lang='lat' dir='ltr'>ipsas</span> 
     </span>
     <span class='ocr_line' id='line_1_18' title="bbox 92 1136 1494 1191; baseline 0.001 -14"><span class='ocrx_word' id='word_1_128' title='bbox 92 1150 191 1177; x_wconf 89' lang='lat' dir='ltr'>non</span> <span class='ocrx_word' id='word_1_129' title='bbox 221 1136 603 1190; x_wconf 76' lang='lat' dir='ltr'>perhorrescis?</span> <span class='ocrx_word' id='word_1_130' title='bbox 643 1138 827 1191; x_wconf 90' lang='lat' dir='ltr'>quibus</span> <span class='ocrx_word' id='word_1_131' title='bbox 858 1152 957 1179; x_wconf 90' lang='lat' dir='ltr'>non</span> <span class='ocrx_word' id='word_1_132' title='bbox 989 1139 1133 1179; x_wconf 89' lang='lat' dir='ltr'>modo</span> <span class='ocrx_word' id='word_1_133' title='bbox 1165 1138 1432 1179; x_wconf 74' lang='lat' dir='ltr'>imitandis</span> <span class='ocrx_word' id='word_1_134' title='bbox 1486 1157 1494 1159; x_wconf 82' lang='grc'>-</span> 
     </span>
     <span class='ocr_line' id='line_1_19' title="bbox 93 1195 1502 1262; baseline 0.001 -27"><span class='ocrx_word' id='word_1_135' title='bbox 93 1195 178 1235; x_wconf 89' lang='lat' dir='ltr'>sed</span> <span class='ocrx_word' id='word_1_136' title='bbox 218 1209 275 1235; x_wconf 89' lang='lat' dir='ltr'>ne</span> <span class='ocrx_word' id='word_1_137' title='bbox 317 1195 650 1236; x_wconf 81' lang='lat' dir='ltr'>conlocandis</span> <span class='ocrx_word' id='word_1_138' title='bbox 692 1196 892 1250; x_wconf 88' lang='lat' dir='ltr'>quidem</span> <span class='ocrx_word' id='word_1_139' title='bbox 932 1196 1031 1237; x_wconf 91' lang='lat' dir='ltr'>tibi</span> <span class='ocrx_word' id='word_1_140' title='bbox 1068 1197 1234 1238; x_wconf 82' lang='lat' dir='ltr'>locum</span> <span class='ocrx_word' id='word_1_141' title='bbox 1274 1197 1502 1262; x_wconf 69' lang='lat' dir='ltr'>ullum56</span> 
     </span>
     <span class='ocr_line' id='line_1_20' title="bbox 92 1252 1433 1310; baseline 0.002 -17"><span class='ocrx_word' id='word_1_142' title='bbox 92 1253 367 1306; x_wconf 73' lang='lat' dir='ltr'>reliquisti.</span> <span class='ocrx_word' id='word_1_143' title='bbox 444 1252 526 1294; x_wconf 77' lang='lat' dir='ltr'>Sed</span> <span class='ocrx_word' id='word_1_144' title='bbox 565 1254 670 1295; x_wconf 86' lang='lat' dir='ltr'>haec</span> <span class='ocrx_word' id='word_1_145' title='bbox 710 1255 876 1308; x_wconf 85' lang='lat' dir='ltr'>tragica</span> <span class='ocrx_word' id='word_1_146' title='bbox 920 1258 1046 1309; x_wconf 89' lang='lat' dir='ltr'>atque</span> <span class='ocrx_word' id='word_1_147' title='bbox 1090 1255 1250 1310; x_wconf 81' lang='lat' dir='ltr'>divina3</span> <span class='ocrx_word' id='word_1_148' title='bbox 1293 1255 1433 1296; x_wconf 79' lang='lat' dir='ltr'>faceta</span> 
     </span>
    </p>

    <p class='ocr_par' dir='ltr' id='par_1_6' title="bbox 40 1311 1433 1585">
     <span class='ocr_line' id='line_1_21' title="bbox 40 1311 1432 1355; baseline 0 -1"><span class='ocrx_word' id='word_1_149' title='bbox 40 1329 74 1354; x_wconf 84' lang='lat'>20</span> <span class='ocrx_word' id='word_1_150' title='bbox 94 1314 237 1352; x_wconf 88' lang='lat' dir='ltr'>autem</span> <span class='ocrx_word' id='word_1_151' title='bbox 276 1315 318 1352; x_wconf 92' lang='lat' dir='ltr'>et</span> <span class='ocrx_word' id='word_1_152' title='bbox 355 1312 519 1353; x_wconf 90' lang='lat' dir='ltr'>urbana</span> <span class='ocrx_word' id='word_1_153' title='bbox 556 1311 884 1354; x_wconf 85' lang='lat' dir='ltr'>innumerabilia</span> <span class='ocrx_word' id='word_1_154' title='bbox 920 1313 987 1354; x_wconf 83' lang='lat' dir='ltr'>vel</span> <span class='ocrx_word' id='word_1_155' title='bbox 1025 1328 1076 1354; x_wconf 85' lang='lat' dir='ltr'>ex</span> <span class='ocrx_word' id='word_1_156' title='bbox 1115 1328 1201 1354; x_wconf 87' lang='lat' dir='ltr'>una</span> <span class='ocrx_word' id='word_1_157' title='bbox 1232 1313 1432 1355; x_wconf 86' lang='lat' dir='ltr'>contione</span> 
     </span>
     <span class='ocr_line' id='line_1_22' title="bbox 92 1369 1433 1425; baseline 0.001 -15"><span class='ocrx_word' id='word_1_158' title='bbox 92 1369 360 1410; x_wconf 85' lang='lat' dir='ltr'>meministis.</span> <span class='ocrx_word' id='word_1_159' title='bbox 422 1369 512 1411; x_wconf 91' lang='lat' dir='ltr'>Nec</span> <span class='ocrx_word' id='word_1_160' title='bbox 545 1370 658 1411; x_wconf 86' lang='lat' dir='ltr'>enim</span> <span class='ocrx_word' id='word_1_161' title='bbox 690 1371 825 1412; x_wconf 89' lang='lat' dir='ltr'>maior</span> <span class='ocrx_word' id='word_1_162' title='bbox 857 1372 1076 1413; x_wconf 89' lang='lat' dir='ltr'>contentio</span> <span class='ocrx_word' id='word_1_163' title='bbox 1114 1386 1318 1425; x_wconf 86' lang='lat' dir='ltr'>umquam</span> <span class='ocrx_word' id='word_1_164' title='bbox 1350 1372 1433 1412; x_wconf 89' lang='lat' dir='ltr'>fuit</span> 
     </span>
     <span class='ocr_line' id='line_1_23' title="bbox 90 1428 1433 1483; baseline 0.002 -15"><span class='ocrx_word' id='word_1_165' title='bbox 90 1442 168 1469; x_wconf 90' lang='lat' dir='ltr'>nec</span> <span class='ocrx_word' id='word_1_166' title='bbox 202 1428 313 1481; x_wconf 91' lang='lat' dir='ltr'>apud</span> <span class='ocrx_word' id='word_1_167' title='bbox 343 1428 550 1482; x_wconf 86' lang='lat' dir='ltr'>populum</span> <span class='ocrx_word' id='word_1_168' title='bbox 584 1429 754 1483; x_wconf 86' lang='lat' dir='ltr'>gravior</span> <span class='ocrx_word' id='word_1_169' title='bbox 787 1430 924 1470; x_wconf 89' lang='lat' dir='ltr'>oratio</span> <span class='ocrx_word' id='word_1_170' title='bbox 958 1444 1085 1483; x_wconf 88' lang='lat' dir='ltr'>quam</span> <span class='ocrx_word' id='word_1_171' title='bbox 1124 1430 1251 1471; x_wconf 88' lang='lat' dir='ltr'>huius</span> <span class='ocrx_word' id='word_1_172' title='bbox 1284 1433 1433 1472; x_wconf 86' lang='lat' dir='ltr'>contra</span> 
     </span>
     <span class='ocr_line' id='line_1_24' title="bbox 92 1486 1433 1542; baseline 0.002 -16"><span class='ocrx_word' id='word_1_173' title='bbox 92 1486 300 1540; x_wconf 88' lang='lat' dir='ltr'>collegam</span> <span class='ocrx_word' id='word_1_174' title='bbox 333 1486 377 1527; x_wconf 88' lang='lat' dir='ltr'>in</span> <span class='ocrx_word' id='word_1_175' title='bbox 409 1501 588 1528; x_wconf 86' lang='lat' dir='ltr'>censura</span> <span class='ocrx_word' id='word_1_176' title='bbox 619 1501 755 1542; x_wconf 87' lang='lat' dir='ltr'>nuper</span> <span class='ocrx_word' id='word_1_177' title='bbox 784 1502 922 1541; x_wconf 90' lang='lat' dir='ltr'>neque</span> <span class='ocrx_word' id='word_1_178' title='bbox 953 1488 1097 1542; x_wconf 85' lang='lat' dir='ltr'>lepore</span> <span class='ocrx_word' id='word_1_179' title='bbox 1130 1491 1173 1529; x_wconf 92' lang='lat' dir='ltr'>et</span> <span class='ocrx_word' id='word_1_180' title='bbox 1197 1488 1433 1529; x_wconf 84' lang='lat' dir='ltr'>festivitate</span> 
     </span>
     <span class='ocr_line' id='line_1_25' title="bbox 91 1544 314 1585; baseline 0 0"><span class='ocrx_word' id='word_1_181' title='bbox 91 1544 314 1585; x_wconf 86' lang='lat' dir='ltr'>conditior.</span> 
     </span>
    </p>

    <p class='ocr_par' dir='ltr' id='par_1_7' title="bbox 40 1602 1501 1889">
     <span class='ocr_line' id='line_1_26' title="bbox 40 1602 1433 1658; baseline 0.002 -15"><span class='ocrx_word' id='word_1_182' title='bbox 40 1620 73 1644; x_wconf 82' lang='lat'>25</span> <span class='ocrx_word' id='word_1_183' title='bbox 211 1602 348 1651; x_wconf 78' lang='lat' dir='ltr'>Quare</span> <span class='ocrx_word' id='word_1_184' title='bbox 375 1603 469 1657; x_wconf 88' lang='lat' dir='ltr'>tibi,</span> <span class='ocrx_word' id='word_1_185' title='bbox 493 1602 670 1658; x_wconf 82' lang='lat' dir='ltr'>Antoni,</span> <span class='ocrx_word' id='word_1_186' title='bbox 695 1606 924 1658; x_wconf 88' lang='lat' dir='ltr'>utrumque</span> <span class='ocrx_word' id='word_1_187' title='bbox 945 1605 1162 1646; x_wconf 89' lang='lat' dir='ltr'>adsentior</span> <span class='ocrx_word' id='word_1_188' title='bbox 1181 1608 1224 1645; x_wconf 92' lang='lat' dir='ltr'>et</span> <span class='ocrx_word' id='word_1_189' title='bbox 1249 1605 1433 1646; x_wconf 87' lang='lat' dir='ltr'>multum</span> 
     </span>
     <span class='ocr_line' id='line_1_27' title="bbox 93 1661 1431 1717; baseline 0.002 -16"><span class='ocrx_word' id='word_1_190' title='bbox 93 1661 271 1702; x_wconf 85' lang='lat' dir='ltr'>facetias</span> <span class='ocrx_word' id='word_1_191' title='bbox 308 1661 354 1701; x_wconf 91' lang='lat' dir='ltr'>in</span> <span class='ocrx_word' id='word_1_192' title='bbox 391 1661 567 1702; x_wconf 90' lang='lat' dir='ltr'>dicendo</span> <span class='ocrx_word' id='word_1_193' title='bbox 605 1662 806 1716; x_wconf 86' lang='lat' dir='ltr'>prodesse</span> <span class='ocrx_word' id='word_1_194' title='bbox 845 1677 970 1717; x_wconf 87' lang='lat' dir='ltr'>saepe</span> <span class='ocrx_word' id='word_1_195' title='bbox 1009 1666 1051 1704; x_wconf 91' lang='lat' dir='ltr'>et</span> <span class='ocrx_word' id='word_1_196' title='bbox 1088 1678 1158 1704; x_wconf 90' lang='lat' dir='ltr'>eas</span> <span class='ocrx_word' id='word_1_197' title='bbox 1191 1666 1281 1704; x_wconf 85' lang='lat' dir='ltr'>arte</span> <span class='ocrx_word' id='word_1_198' title='bbox 1312 1663 1431 1704; x_wconf 88' lang='lat' dir='ltr'>nullo</span> 
     </span>
     <span class='ocr_line' id='line_1_28' title="bbox 92 1720 1432 1776; baseline 0.002 -16"><span class='ocrx_word' id='word_1_199' title='bbox 92 1720 219 1760; x_wconf 87' lang='lat' dir='ltr'>modo</span> <span class='ocrx_word' id='word_1_200' title='bbox 250 1733 377 1773; x_wconf 90' lang='lat' dir='ltr'>posse</span> <span class='ocrx_word' id='word_1_201' title='bbox 408 1720 532 1760; x_wconf 85' lang='lat' dir='ltr'>tradi.</span> <span class='ocrx_word' id='word_1_202' title='bbox 593 1720 705 1761; x_wconf 87' lang='lat' dir='ltr'>lllud</span> <span class='ocrx_word' id='word_1_203' title='bbox 737 1721 907 1775; x_wconf 85' lang='lat' dir='ltr'>quidem</span> <span class='ocrx_word' id='word_1_204' title='bbox 939 1721 1136 1776; x_wconf 88' lang='lat' dir='ltr'>admiror,</span> <span class='ocrx_word' id='word_1_205' title='bbox 1168 1724 1210 1762; x_wconf 89' lang='lat' dir='ltr'>te</span> <span class='ocrx_word' id='word_1_206' title='bbox 1236 1722 1361 1763; x_wconf 89' lang='lat' dir='ltr'>nobis</span> <span class='ocrx_word' id='word_1_207' title='bbox 1387 1722 1432 1762; x_wconf 91' lang='lat' dir='ltr'>in</span> 
     </span>
     <span class='ocr_line' id='line_1_29' title="bbox 94 1778 1431 1834; baseline 0.003 -17"><span class='ocrx_word' id='word_1_208' title='bbox 94 1792 144 1818; x_wconf 92' lang='lat' dir='ltr'>eo</span> <span class='ocrx_word' id='word_1_209' title='bbox 177 1792 330 1833; x_wconf 88' lang='lat' dir='ltr'>genere</span> <span class='ocrx_word' id='word_1_210' title='bbox 362 1778 566 1819; x_wconf 87' lang='lat' dir='ltr'>tribuisse</span> <span class='ocrx_word' id='word_1_211' title='bbox 598 1781 768 1819; x_wconf 89' lang='lat' dir='ltr'>tantum</span> <span class='ocrx_word' id='word_1_212' title='bbox 805 1782 848 1820; x_wconf 91' lang='lat' dir='ltr'>et</span> <span class='ocrx_word' id='word_1_213' title='bbox 884 1794 970 1820; x_wconf 91' lang='lat' dir='ltr'>non</span> <span class='ocrx_word' id='word_1_214' title='bbox 1001 1780 1129 1820; x_wconf 87' lang='lat' dir='ltr'>huius</span> <span class='ocrx_word' id='word_1_215' title='bbox 1170 1779 1231 1821; x_wconf 89' lang='lat' dir='ltr'>rei</span> <span class='ocrx_word' id='word_1_216' title='bbox 1264 1795 1431 1834; x_wconf 89' lang='lat' dir='ltr'>quoque</span> 
     </span>
     <span class='ocr_line' id='line_1_30' title="bbox 91 1835 1501 1889; baseline 0.003 -13"><span class='ocrx_word' id='word_1_217' title='bbox 91 1835 280 1889; x_wconf 88' lang='lat' dir='ltr'>palmam</span> <span class='ocrx_word' id='word_1_218' title='bbox 303 1838 368 1886; x_wconf 71' lang='lat' dir='ltr'>[ut</span> <span class='ocrx_word' id='word_1_219' title='bbox 382 1838 635 1888; x_wconf 88' lang='lat' dir='ltr'>ceterarum]</span> <span class='ocrx_word' id='word_1_220' title='bbox 653 1835 808 1878; x_wconf 82' lang='lat' dir='ltr'>Crasso</span> <span class='ocrx_word' id='word_1_221' title='bbox 829 1838 1042 1879; x_wconf 87' lang='lat' dir='ltr'>detulisse.</span> <span class='ocrx_word' id='word_1_222' title='bbox 1075 1838 1183 1879; x_wconf 86' lang='lat' dir='ltr'>Tum</span> <span class='ocrx_word' id='word_1_223' title='bbox 1198 1838 1501 1880; x_wconf 79' lang='lat' dir='ltr'>Antoniusz228</span> 
     </span>
    </p>

    <p class='ocr_par' dir='ltr' id='par_1_8' title="bbox 40 1893 1433 2183">
     <span class='ocr_line' id='line_1_31' title="bbox 40 1893 1432 1949; baseline 0.001 -14"><span class='ocrx_word' id='word_1_224' title='bbox 40 1911 74 1936; x_wconf 87' lang='lat'>30</span> <span class='ocrx_word' id='word_1_225' title='bbox 93 1894 189 1949; x_wconf 87' lang='lat' dir='ltr'>Ego</span> <span class='ocrx_word' id='word_1_226' title='bbox 222 1908 321 1935; x_wconf 84' lang='lat' dir='ltr'>vero</span> <span class='ocrx_word' id='word_1_227' title='bbox 353 1893 416 1934; x_wconf 88' lang='lat' dir='ltr'>ita</span> <span class='ocrx_word' id='word_1_228' title='bbox 447 1894 661 1949; x_wconf 85' lang='lat' dir='ltr'>fecissem,</span> <span class='ocrx_word' id='word_1_229' title='bbox 697 1895 855 1949; x_wconf 89' lang='lat' dir='ltr'>inquit,</span> <span class='ocrx_word' id='word_1_230' title='bbox 892 1896 977 1937; x_wconf 88' lang='lat' dir='ltr'>nisi</span> <span class='ocrx_word' id='word_1_231' title='bbox 1014 1897 1229 1937; x_wconf 87' lang='lat' dir='ltr'>interdum</span> <span class='ocrx_word' id='word_1_232' title='bbox 1265 1896 1311 1937; x_wconf 88' lang='lat' dir='ltr'>in</span> <span class='ocrx_word' id='word_1_233' title='bbox 1351 1897 1432 1938; x_wconf 88' lang='lat' dir='ltr'>hoc</span> 
     </span>
     <span class='ocr_line' id='line_1_32' title="bbox 94 1951 1433 2008; baseline 0.003 -16"><span class='ocrx_word' id='word_1_234' title='bbox 94 1951 250 1993; x_wconf 82' lang='lat' dir='ltr'>Crasso</span> <span class='ocrx_word' id='word_1_235' title='bbox 282 1952 456 2006; x_wconf 87' lang='lat' dir='ltr'>paulum</span> <span class='ocrx_word' id='word_1_236' title='bbox 481 1952 726 1994; x_wconf 88' lang='lat' dir='ltr'>inviderem.</span> <span class='ocrx_word' id='word_1_237' title='bbox 769 1953 882 1995; x_wconf 86' lang='lat' dir='ltr'>Nam</span> <span class='ocrx_word' id='word_1_238' title='bbox 909 1969 1000 1995; x_wconf 91' lang='lat' dir='ltr'>esse</span> <span class='ocrx_word' id='word_1_239' title='bbox 1028 1955 1221 2008; x_wconf 84' lang='lat' dir='ltr'>quamvis</span> <span class='ocrx_word' id='word_1_240' title='bbox 1245 1954 1433 1996; x_wconf 89' lang='lat' dir='ltr'>facetum</span> 
     </span>
     <span class='ocr_line' id='line_1_33' title="bbox 92 2010 1433 2068; baseline 0.003 -18"><span class='ocrx_word' id='word_1_241' title='bbox 92 2013 221 2064; x_wconf 86' lang='lat' dir='ltr'>atque</span> <span class='ocrx_word' id='word_1_242' title='bbox 254 2010 415 2051; x_wconf 87' lang='lat' dir='ltr'>salsum</span> <span class='ocrx_word' id='word_1_243' title='bbox 445 2025 533 2051; x_wconf 93' lang='lat' dir='ltr'>non</span> <span class='ocrx_word' id='word_1_244' title='bbox 556 2011 685 2053; x_wconf 88' lang='lat' dir='ltr'>nimis</span> <span class='ocrx_word' id='word_1_245' title='bbox 713 2014 777 2053; x_wconf 91' lang='lat' dir='ltr'>est</span> <span class='ocrx_word' id='word_1_246' title='bbox 802 2027 877 2066; x_wconf 90' lang='lat' dir='ltr'>per</span> <span class='ocrx_word' id='word_1_247' title='bbox 904 2027 948 2053; x_wconf 94' lang='lat' dir='ltr'>se</span> <span class='ocrx_word' id='word_1_248' title='bbox 974 2012 1116 2067; x_wconf 89' lang='lat' dir='ltr'>ipsum</span> <span class='ocrx_word' id='word_1_249' title='bbox 1140 2013 1433 2068; x_wconf 69' lang='lat' dir='ltr'>invidendum,</span> 
     </span>
     <span class='ocr_line' id='line_1_34' title="bbox 93 2069 1432 2125; baseline 0.003 -17"><span class='ocrx_word' id='word_1_250' title='bbox 93 2069 179 2123; x_wconf 90' lang='lat' dir='ltr'>sed,</span> <span class='ocrx_word' id='word_1_251' title='bbox 210 2082 339 2122; x_wconf 89' lang='lat' dir='ltr'>quom</span> <span class='ocrx_word' id='word_1_252' title='bbox 372 2069 562 2110; x_wconf 86' lang='lat' dir='ltr'>omnium</span> <span class='ocrx_word' id='word_1_253' title='bbox 594 2069 650 2110; x_wconf 87' lang='lat' dir='ltr'>sit</span> <span class='ocrx_word' id='word_1_254' title='bbox 681 2070 1008 2111; x_wconf 77' lang='lat' dir='ltr'>venustissimus</span> <span class='ocrx_word' id='word_1_255' title='bbox 1035 2074 1077 2112; x_wconf 92' lang='lat' dir='ltr'>et</span> <span class='ocrx_word' id='word_1_256' title='bbox 1108 2071 1432 2125; x_wconf 76' lang='lat' dir='ltr'>urbanissimus,</span> 
     </span>
     <span class='ocr_line' id='line_1_35' title="bbox 94 2127 1433 2183; baseline 0.003 -16"><span class='ocrx_word' id='word_1_257' title='bbox 94 2127 284 2168; x_wconf 86' lang='lat' dir='ltr'>omnium</span> <span class='ocrx_word' id='word_1_258' title='bbox 312 2127 611 2181; x_wconf 79' lang='lat' dir='ltr'>gravissimum</span> <span class='ocrx_word' id='word_1_259' title='bbox 637 2131 680 2169; x_wconf 87' lang='lat' dir='ltr'>et</span> <span class='ocrx_word' id='word_1_260' title='bbox 706 2129 1025 2170; x_wconf 78' lang='lat' dir='ltr'>severissimum</span> <span class='ocrx_word' id='word_1_261' title='bbox 1050 2132 1093 2170; x_wconf 93' lang='lat' dir='ltr'>et</span> <span class='ocrx_word' id='word_1_262' title='bbox 1113 2144 1204 2171; x_wconf 89' lang='lat' dir='ltr'>esse</span> <span class='ocrx_word' id='word_1_263' title='bbox 1225 2133 1268 2171; x_wconf 91' lang='lat' dir='ltr'>et</span> <span class='ocrx_word' id='word_1_264' title='bbox 1287 2130 1433 2183; x_wconf 85' lang='lat' dir='ltr'>videri,</span> 
     </span>
    </p>

    <p class='ocr_par' dir='ltr' id='par_1_9' title="bbox 39 2184 1500 2359">
     <span class='ocr_line' id='line_1_36' title="bbox 39 2184 1431 2241; baseline 0.002 -15"><span class='ocrx_word' id='word_1_265' title='bbox 39 2200 75 2227; x_wconf 82' lang='lat'>35</span> <span class='ocrx_word' id='word_1_266' title='bbox 95 2185 210 2238; x_wconf 90' lang='lat' dir='ltr'>quod</span> <span class='ocrx_word' id='word_1_267' title='bbox 229 2184 303 2226; x_wconf 90' lang='lat' dir='ltr'>isti</span> <span class='ocrx_word' id='word_1_268' title='bbox 324 2185 508 2239; x_wconf 88' lang='lat' dir='ltr'>contigit</span> <span class='ocrx_word' id='word_1_269' title='bbox 533 2186 619 2241; x_wconf 87' lang='lat' dir='ltr'>uni,</span> <span class='ocrx_word' id='word_1_270' title='bbox 641 2186 717 2239; x_wconf 92' lang='lat' dir='ltr'>[id]</span> <span class='ocrx_word' id='word_1_271' title='bbox 741 2187 847 2228; x_wconf 84' lang='lat' dir='ltr'>mihi</span> <span class='ocrx_word' id='word_1_272' title='bbox 865 2187 936 2228; x_wconf 82' lang='lat' dir='ltr'>vix</span> <span class='ocrx_word' id='word_1_273' title='bbox 956 2187 1177 2229; x_wconf 89' lang='lat' dir='ltr'>ferendum</span> <span class='ocrx_word' id='word_1_274' title='bbox 1196 2188 1431 2229; x_wconf 80' lang='lat' dir='ltr'>videbatur.</span> 
     </span>
     <span class='ocr_line' id='line_1_37' title="bbox 93 2242 1500 2300; baseline 0.003 -17"><span class='ocrx_word' id='word_1_275' title='bbox 93 2242 176 2284; x_wconf 89' lang='lat' dir='ltr'>Hic</span> <span class='ocrx_word' id='word_1_276' title='bbox 209 2257 338 2297; x_wconf 90' lang='lat' dir='ltr'>quom</span> <span class='ocrx_word' id='word_1_277' title='bbox 371 2243 590 2285; x_wconf 88' lang='lat' dir='ltr'>adrisisset</span> <span class='ocrx_word' id='word_1_278' title='bbox 628 2244 719 2299; x_wconf 89' lang='lat' dir='ltr'>ipse</span> <span class='ocrx_word' id='word_1_279' title='bbox 758 2244 954 2286; x_wconf 85' lang='lat' dir='ltr'>Crassus:</span> <span class='ocrx_word' id='word_1_280' title='bbox 992 2245 1056 2287; x_wconf 90' lang='lat' dir='ltr'>Ac</span> <span class='ocrx_word' id='word_1_281' title='bbox 1093 2249 1255 2300; x_wconf 88' lang='lat' dir='ltr'>tamen,</span> <span class='ocrx_word' id='word_1_282' title='bbox 1290 2246 1500 2299; x_wconf 71' lang='lat' dir='ltr'>inquit229</span> 
     </span>
     <span class='ocr_line' id='line_1_38' title="bbox 93 2300 1432 2359; baseline 0.002 -18"><span class='ocrx_word' id='word_1_283' title='bbox 93 2300 321 2356; x_wconf 88' lang='lat' dir='ltr'>Antonius,</span> <span class='ocrx_word' id='word_1_284' title='bbox 354 2315 483 2355; x_wconf 89' lang='lat' dir='ltr'>quom</span> <span class='ocrx_word' id='word_1_285' title='bbox 515 2305 652 2343; x_wconf 84' lang='lat' dir='ltr'>artem</span> <span class='ocrx_word' id='word_1_286' title='bbox 685 2317 777 2344; x_wconf 89' lang='lat' dir='ltr'>esse</span> <span class='ocrx_word' id='word_1_287' title='bbox 808 2303 1078 2359; x_wconf 75' lang='lat' dir='ltr'>facetiarum,</span> <span class='ocrx_word' id='word_1_288' title='bbox 1107 2304 1210 2359; x_wconf 80' lang='lat' dir='ltr'>Iuli,</span> <span class='ocrx_word' id='word_1_289' title='bbox 1240 2318 1432 2358; x_wconf 88' lang='lat' dir='ltr'>negares,</span> 
     </span>
    </p>
   </div>
   <div class='ocr_carea' id='block_1_3' title="bbox 1436 1290 1501 1321">
    <p class='ocr_par' dir='ltr' id='par_1_10' title="bbox 1436 1290 1501 1321">
     <span class='ocr_line' id='line_1_39' title="bbox 1436 1290 1501 1321; baseline 0.015 -1"><span class='ocrx_word' id='word_1_290' title='bbox 1436 1290 1501 1321; x_wconf 75' lang='lat'>227</span> 
     </span>
    </p>
   </div>
  </div>
 </body>
</html>
