1643 2526
570 69 670 106 CAP.
698 73 800 105 2-4.
851 74 870 112 ς
897 73 1021 105 5-12,
1381 71 1468 113 385

123 167 402 206 numerantur
442 168 516 205 aut
557 165 704 206 dicunt
736 165 891 206 Attice.
955 164 1037 206 Sed
1076 165 1149 219 qui
1187 168 1361 206 eatenus
1399 180 1468 206 va—

123 223 308 277 luerunt,
345 222 438 263 sani
470 226 513 263 et
545 223 646 264 sicci
678 224 901 268 dumtaxat
932 223 1184 278 habeantur,
1222 224 1295 265 sed
1325 224 1387 265 ita
1419 227 1467 265 ut

123 281 415 347 palaestritae·
449 281 626 334 spatiaii
651 281 697 322 111
722 284 847 336 xysto
874 284 922 322 ut
954 281 1094 336 liceat,
1124 296 1212 322 non
1243 282 1296 323 ab
1324 281 1467 335 Olym-

123 340 206 394 piis
238 353 438 381 coronam
469 342 630 393 petant.
693 338 774 404 Qui
813 354 942 393 quom
984 343 1156 381 careant
1194 340 1310 381 omni
1347 328 1467 395 vitio,

91 412 212 439 5non
255 400 354 438 sunt
398 398 588 438 contenti
627 399 747 452 quasi
788 398 901 438 bona
941 398 1200 452 valetudine,
1245 399 1317 439 sed
1354 398 1465 440 vires

124 457 306 497 lacertos
348 456 601 510 sanguinem
640 459 865 510 quaerunt,
910 457 1123 509 quandam
1161 433 1291 498 etiam
1329 457 1466 498 suavi—

123 517 258 555 tatem
290 514 456 555 eoloris.
519 514 605 555 Eos
637 514 866 569 imitemur,
898 515 935 555 si
966 528 1212 569 possumus3
1245 515 1281 556 si
1312 515 1466 569 minus,

123 572 219 613 illos
258 572 422 626 potius,
463 573 535 625 qui
577 573 825 626 incorrupta
866 573 1050 614 sanitate
1093 576 1211 627 sunt,
1255 574 1368 627 quod
1400 576 1465 614 est

122 631 342 684 proprium
370 631 627 684 Atticorum,
660 646 787 684 quam
817 645 901 686 eos,
934 645 1115 685 quorum
1146 631 1302 672 vitiosa
1334 632 1464 672 abun-

72 707 104 730 10
123 689 269 730 dantia
301 692 383 743 est,
421 689 558 742 qualis
589 689 695 729 Asia
725 689 885 730 multos
917 689 1028 730 tulit.
1091 689 1213 738 Quod
1246 703 1373 743 quom
1405 690 1464 730 fa-

123 747 282 788 ciemus
319 772 367 776 —
404 748 440 787 31
480 747 605 787 modo
646 747 689 788 id
728 747 869 801 ipsum
911 762 1204 803 assequemur3
1248 751 1312 789 est
1351 748 1463 789 enim

122 820 401 860 permagnum
438 830 502 859 —,
532 805 768 859 imitemur,
811 806 846 846 31
883 806 1167 860 potuerimus,
1210 806 1384 861 Lysiam
1421 810 1464 847 et

123 863 212 904 eius
246 863 416 917 quidem
448 864 701 904 tenuitatem
738 863 1028 918 potissimum,
1074 867 1139 905 est
1171 864 1283 905 enim
1315 865 1462 905 multis

121 921 227 963 locis
261 921 478 976 grandior,
520 922 591 962 sed
631 922 730 975 quia
766 925 808 962 et
839 922 1027 976 privatas
1060 922 1132 963 ille
1163 922 1388 976 plerasque
1421 926 1462 964 et

70 997 102 1021 15
122 994 192 1020 eas
223 980 338 1034 ipsas
377 980 471 1020 aliis
511 983 553 1020 et
591 994 819 1033 parvarum
860 995 1001 1021 rerum
1042 981 1237 1021 causulas
1280 981 1463 1034 scripsit,

121 1038 287 1078 videtur
319 1052 410 1078 esse
441 1037 636 1091 ieiunior,
667 1052 795 1091 quom
828 1052 871 1079 se
902 1038 993 1092 ipse
1021 1038 1216 1079 consulto
1244 1039 1296 1079 ad
1328 1039 1463 1080 minu-

120 1100 261 1137 tarum
289 1111 512 1137 causarum
539 1110 695 1150 genera
719 1096 943 1137 limaverit.
995 1095 1116 1144 Quod
1137 1097 1208 1150 qui
1234 1096 1297 1138 ita
1322 1097 1462 1151 faciet,

120 1158 186 1208 ut,
218 1154 253 1195 si
286 1154 430 1208 cupiat
461 1154 633 1194 uberior
665 1169 775 1208 esse,
809 1168 896 1194 non
926 1155 1083 1208 possit,
1119 1155 1329 1196 habeatur
1361 1171 1461 1196 sane
1509 1208 1517 1211 ι

121 1215 277 1264 orator,
311 1213 383 1253 sed
409 1212 458 1252 de
485 1212 739 1266 minoribus,
772 1227 927 1267 magno
961 1216 1105 1253 autem
1138 1213 1297 1254 oratori
1331 1214 1461 1255 etiam

68 1288 100 1311 20
119 1271 194 1312 1110
220 1271 346 1311 modo
374 1285 497 1324 saepe
530 1270 753 1311 dicendum
779 1274 844 1311 est
869 1270 914 1311 in
940 1271 1017 1311 tali
1044 1285 1198 1325 genere
1225 1286 1459 1312 causarum.

119 1329 187 1369 Ita
217 1329 266 1369 fit
298 1331 346 1369 ut
377 1328 688 1369 Demosthenes
727 1331 839 1369 certe
876 1329 1014 1382 possit
1053 1329 1278 1369 summisse
1311 1329 1461 1384 dicere,

119 1387 228 1428 elate
255 1386 406 1440 Lysias
439 1386 621 1427 foitasse
653 1401 739 1427 non
769 1387 918 1451 possit.
983 1385 1065 1427 Sed
1097 1387 1132 1427 31
1159 1387 1307 1428 eodem
1332 1388 1459 1429 modo

117 1448 273 1499 putant
311 1445 498 1485 exercitu
528 1444 574 1484 in
604 1444 698 1485 foro
731 1447 773 1485 et
803 1444 848 1484 in
881 1445 1078 1485 omnibus
1118 1445 1308 1500 templis,
1353 1460 1459 1499 quae

119 1503 279 1544 circum
305 1502 446 1543 forum
473 1505 584 1556 sunt,
613 1502 835 1543 conlocato
861 1503 943 1543 dici
968 1518 1045 1556 pro
1072 1502 1230 1543 Milone
1258 1503 1460 1558 decuisse,

66 1576 99 1602 25
119 1564 167 1602 ut
199 1561 234 1602 si
267 1561 316 1601 de
348 1575 392 1601 re
423 1561 591 1614 privata
623 1561 674 1601 ad
705 1575 836 1601 unum
868 1561 1051 1602 iudicem
1083 1561 1336 1616 diceremus,
1372 1562 1459 1602 vim

118 1619 385 1672 eloquentiae
424 1634 501 1659 sua
539 1618 762 1673 facultate,
803 1633 890 1660 non
927 1619 988 1659 rei
1019 1622 1173 1659 natura
1212 1620 1458 1660 metiuntur.

119 1677 256 1725 Quare
302 1677 503 1730 quoniam
545 1677 845 1717 nonnullorum
893 1691 1031 1717 sermo
1081 1677 1167 1717 iam
1211 1677 1460 1732 increbruit,

118 1735 276 1789 partim
302 1749 345 1776 se
370 1735 487 1788 ipsos
508 1734 652 1776 Attice
673 1735 822 1789 dicere,
847 1735 1004 1788 partim
1028 1735 1243 1776 neminem
1261 1739 1457 1777 nostrum

120 1793 269 1847 dicere,
301 1793 457 1833 alteros
488 1793 784 1848 neglegamus3
818 1793 922 1834 satis
956 1793 1068 1834 enim
1099 1793 1152 1833 iis
1179 1808 1246 1834 res
1273 1794 1367 1848 ipsa
1398 1809 1460 1835 re-

66 1868 99 1892 30
120 1851 317 1905 spondet,
355 1866 450 1891 cum
482 1854 555 1891 aut
585 1865 673 1891 non
704 1851 986 1892 adhibeantur
1018 1851 1070 1892 311
1102 1866 1251 1892 causas
1285 1855 1358 1892 aut
1391 1853 1458 1893 ad-

118 1909 246 1949 hibiti
277 1908 564 1962 derideantur3
606 1923 705 1949 nam
739 1909 774 1949 si
805 1909 1061 1962 riderentur,
1098 1912 1210 1950 esset
1241 1909 1284 1950 id
1315 1910 1457 1963 ipsum

118 1967 375 2008 Atticorum.
427 1965 509 2006 Sed
540 1966 612 2019 qui
644 1966 725 2007 dici
759 1981 783 2007 a
807 1966 931 2007 nobis
964 1967 1112 2007 Attico
1146 1981 1262 2008 more
1296 1969 1458 2022 volunt,

118 2024 202 2079 ipsi
228 2027 370 2065 autem
403 2038 445 2064 se
470 2038 556 2064 non
589 2027 778 2065 oratores
811 2039 901 2065 esse
932 2025 1200 2078 profitentur,
1232 2025 1267 2066 si
1300 2029 1455 2067 teretes

120 2097 242 2123 aures
285 2082 445 2122 habent
487 2082 822 2137 intellegensque
868 2082 1072 2123 iudicium
1081 2117 1091 2137 ,
1139 2086 1359 2138 tamquam
1404 2085 1456 2124 ad

66 2158 100 2182 35
119 2141 330 2195 picturam
366 2140 628 2193 probandam
667 2140 922 2181 adhibentur
956 2141 1085 2181 etiam
1116 2141 1241 2182 inscii
1273 2142 1454 2182 faciendi

1489 1341 1530 1371 10

1487 1689 1526 1718 11

119 2213 215 2239 cum
248 2198 389 2251 aliqua
422 2197 612 2238 sollertia
647 2198 879 2252 iudicandi,
923 2198 989 2239 sin
1027 2202 1169 2239 autem
1207 2199 1454 2253 intellegen-
1483 2210 1522 2238 12

118 2257 225 2297 tiam
255 2258 421 2310 ponunt
451 2255 495 2295 in
528 2255 723 2296 audiendi
752 2256 926 2297 fastidio
958 2270 1094 2310 neque
1127 2271 1199 2297 eos
1227 2257 1453 2310 quicquam

190 2330 259 2355 010.
279 2331 302 2355 1.
324 2332 345 2355 2.
1128 2327 1171 2357 25
