1643 2526
100 879 155 920 35

103 948 168 979 140

173 107 256 149 198
684 108 746 142 DE
775 107 998 142 ORATORE

170 202 294 244 trinis
329 203 526 244 omnibus
559 203 791 258 expolivit?
822 217 909 244 non
934 202 1089 243 Plato?
1122 205 1249 256 atque
1276 216 1372 243 eum
1397 201 1510 243 idem

169 261 240 302 ille
272 276 360 302 non
390 261 563 317 linguae
596 262 747 316 solum,
778 276 924 302 verum
951 261 1080 302 etiam
1107 261 1238 302 animi
1264 275 1312 302 ac
1340 259 1509 301 virtutis

169 320 376 374 magister
408 320 460 360 ad
491 320 755 361 liberandam
786 319 972 374 patriam
1007 319 1181 373 impulit
1214 318 1418 359 instruxit
1449 333 1511 359 ar-

170 378 315 419 mavit.
375 377 541 419 Aliisne
578 378 713 432 igitur
754 378 918 419 artibus
956 377 1068 418 hunc
1100 377 1284 418 Dionem
1320 376 1510 418 instituit

169 435 314 490 Plato,
358 436 452 477 aliis
490 436 701 478 Isocrates
741 436 1025 478 clarissimum
1061 436 1200 477 virum
1237 435 1510 476 Timotheum

172 493 359 535 Cononis
396 495 758 549 praestantissimi
796 494 1066 549 imperatoris
1104 494 1259 548 filium,
1297 508 1510 535 summum

169 552 310 606 ipsum
331 553 634 607 imperatorem
653 553 953 606 hominemque
975 552 1300 594 doctissimum?
1321 554 1395 593 aut
1415 551 1510 593 aliis

171 610 461 666 Pythagorius
486 611 558 652 ille
583 611 709 666 Lysis
735 612 985 652 Thebanum
1011 611 1366 665 Epaminondam,
1396 610 1511 651 haud

172 669 259 710 scio
298 684 352 710 an
391 684 604 710 summum
641 670 779 711 virum
817 685 948 710 unum
987 669 1125 711 omnis
1159 668 1391 710 Graeciae?
1436 671 1510 709 aut

170 727 411 782 Xenophon
447 728 727 783 Agesilaum?
777 731 850 769 aut
892 728 1112 768 Philolaus
1152 727 1390 781 Archytam
1434 726 1510 768 Ta-

170 786 415 827 rentinum‘?
461 789 533 827 aut
569 786 661 840 ipse
692 786 961 841 Pythagoras
999 790 1137 827 totam
1174 786 1293 827 illam
1324 788 1510 827 veterem

170 844 320 885 Italiae
363 843 604 898 Graeciam,
647 859 753 899 quae
798 845 1011 910 quondam
1055 859 1211 899 magna
1250 836 1510 885 vocitatast?

172 903 382 956 Equidem
419 917 506 943 non
538 903 734 944 arbitror.
798 901 867 944 Sic
900 903 1012 944 enim
1045 903 1185 957 video,
1221 917 1350 943 unam
1382 916 1509 957 quan-

172 962 268 1001 dam
290 961 480 1002 omnium
500 976 653 1015 rerum,
679 975 785 1014 quae
812 964 953 1002 essent
972 961 1144 1002 homine
1165 961 1330 1002 erudito
1357 961 1510 1016 dignae

172 1022 299 1074 atque
344 1034 412 1074 eo,
456 1020 528 1073 qui
566 1020 611 1060 in
648 1034 691 1060 re
731 1019 904 1073 publica
943 1020 1071 1061 vellet
1115 1019 1336 1074 excellere,
1378 1019 1509 1060 fuisse

172 1078 429 1132 doctrinam3
461 1092 589 1131 quam
616 1078 687 1131 qui
715 1078 990 1132 accepissent,
1022 1078 1058 1119 si
1084 1078 1219 1118 eidem
1251 1078 1424 1133 ingenio
1457 1078 1511 1118 ad

171 1136 536 1190 pronuntiandum
573 1136 808 1177 valuissent
840 1139 881 1176 et
913 1151 957 1177 se
990 1136 1041 1177 ad
1080 1136 1303 1177 dicendum
1342 1150 1509 1189 quoque

170 1208 257 1235 non
287 1197 553 1249 repugnante
593 1198 747 1235 natura
785 1194 1016 1248 dedissent,
1057 1194 1298 1248 eloquentia
1334 1194 1511 1248 praesti—

104 1253 287 1293 141tisse.
350 1252 500 1306 Itaque
536 1253 628 1307 ipse
661 1252 915 1294 Aristoteles
955 1268 1051 1294 cum
1088 1253 1238 1293 florere
1275 1252 1510 1294 Isocratem

171 1311 399 1351 nobilitate
432 1310 738 1365 discipulorum
770 1311 948 1365 videret,
986 1312 1099 1364 quod
1137 1311 1264 1365 [ipse]
1297 1325 1396 1352 suas
1429 1311 1510 1352 dis-

172 1369 418 1423 putationes
451 1384 476 1409 a
508 1369 647 1410 causis
679 1369 921 1410 forensibus
954 1372 996 1410 et
1029 1369 1224 1410 civilibus
1257 1370 1309 1410 ad
1339 1369 1509 1410 inanem

174 1427 380 1468 sermonis
431 1427 690 1482 elegantiam
739 1428 1046 1481 transtulisset,
1101 1428 1285 1469 mutavit
1336 1430 1509 1482 repente

173 1489 310 1526 totam
339 1486 521 1526 formam
546 1500 678 1540 prope
705 1486 953 1540 disciplinae
979 1501 1079 1527 suae
1105 1500 1358 1540 versumque
1385 1500 1511 1540 quen-

174 1545 272 1585 dam
302 1542 569 1585 Philoctetae
601 1544 729 1598 paulo
763 1559 882 1585 secus
916 1544 1032 1585 dixit.
1094 1544 1171 1585 Ille
1214 1544 1326 1584 enim
1363 1547 1508 1598 turpe

174 1602 256 1643 sibi
277 1602 337 1643 ait
363 1617 472 1643 esse
498 1605 684 1655 tacere,
711 1618 818 1643 cum
844 1603 1107 1657 barbaros,
1131 1603 1200 1643 hic
1221 1605 1375 1656 autem,
1402 1617 1509 1643 cum

173 1660 455 1701 Isocratem
486 1663 751 1714 pateretur
783 1661 960 1701 dicere.
1010 1660 1161 1715 Itaque
1189 1661 1355 1701 ornavit
1382 1663 1424 1701 et
1448 1660 1510 1701 in-

172 1718 373 1759 lustravit
394 1718 631 1758 doctrinam
650 1718 768 1758 illam
791 1732 958 1759 omnem
974 1733 1199 1771 rerumque
1220 1718 1509 1773 cognitionem

174 1791 271 1817 eum
298 1775 504 1816 orationis
528 1776 831 1817 exercitatione
858 1776 1087 1818 coniunxit.
1138 1776 1287 1830 Neque
1307 1791 1407 1818 vero
1427 1777 1509 1818 hoc

173 1834 286 1889 fugit
319 1834 683 1888 sapientissimum
713 1849 857 1889 regem
889 1834 1148 1889 Philippum,
1180 1835 1251 1889 qui
1282 1835 1394 1876 huno
1414 1834 1510 1876 Ale-

174 1893 334 1933 xandro
373 1892 461 1933 filio
504 1893 722 1934 doctorem
760 1893 949 1947 accierit,
992 1908 1016 1934 a
1053 1908 1136 1947 quo
1174 1894 1322 1934 eodem
1358 1893 1429 1934 ille
1467 1896 1510 1934 et

107 1950 328 2005 14‘2agendi
370 1951 580 2004 acciperet
619 1954 846 2005 praecepta
886 1954 928 1992 et
968 1951 1203 2005 eloquendi.
1264 1951 1389 1993 Nunc
1421 1952 1509 1993 sive

176 2009 249 2062 qui
281 2008 396 2049 volet
429 2023 525 2049 eum
556 2009 873 2063 philosophum,
911 2009 982 2062 qui
1015 2010 1181 2064 copiam
1212 2010 1337 2051 nobis
1368 2024 1509 2051 rerum

175 2066 466 2120 orationisque
504 2067 664 2121 tradat,
703 2081 778 2121 per
815 2081 882 2108 me
920 2067 1104 2121 appellet
1143 2072 1356 2110 oratorem
1392 2067 1510 2123 licet3

175 2125 262 2165 sive
282 2125 396 2165 hunc
417 2128 642 2179 oratorem,
669 2140 794 2179 quem
820 2139 899 2180 ego
920 2125 1013 2166 dico
1041 2127 1295 2181 sapientiam
1318 2126 1510 2168 iunctam

173 2182 329 2223 habere
362 2182 641 2237 eloquentiae,
671 2183 976 2237 philosophum
1007 2185 1220 2239 appellare
1251 2184 1394 2239 malet,
1422 2198 1509 2225 non

174 2240 421 2295 impediam,
453 2241 680 2281 dummodo
701 2241 782 2282 1100
802 2244 981 2296 constet,
1006 2257 1142 2297 neque
1161 2243 1387 2284 infantiam
1407 2242 1510 2297 eius,

176 2299 248 2352 qui
279 2313 369 2339 rem
399 2299 533 2353 norit,
571 2299 642 2340 sed
680 2314 773 2340 eam
805 2300 1014 2353 explicare
1047 2301 1222 2343 dicendo
1253 2314 1340 2342 non
1371 2303 1510 2356 queat,

1530 739 1564 763 10

1530 1029 1563 1055 15

1529 1322 1562 1346 20

1529 1613 1562 1637 25

1529 1909 1563 1935 30

1528 2200 1562 2225 35
