1643 2526
147 97 227 133 LIV
568 97 846 134 ADNOTATIO
874 98 1072 134 CRITICA.

147 203 202 245 fili
228 202 255 235 F
292 223 335 227 -—
377 206 407 237 9.
450 208 499 238 est
530 202 599 238 del.
631 203 705 238 vol.
738 203 846 238 Beier
883 225 927 228 —
966 208 1080 238 cottae
1106 204 1131 238 C
1167 205 1269 239 Cotta
1293 204 1324 237 D
1349 203 1440 239 Ven.
1469 209 1487 238 1

152 249 254 284 Cotta
273 254 322 284 est
341 249 390 294 lg.
409 254 464 292 53,
487 254 542 292 68,
565 253 608 284 70
634 271 677 274 —
707 255 760 284 13.
787 251 837 285 eis
855 250 953 284 Jahn
978 270 1021 275 -—
1051 253 1105 285 17.
1132 256 1197 286 aut
1210 262 1324 295 perm.
1344 250 1488 286 FBON

150 317 192 320 —
225 301 280 330 21.
314 301 379 331 aut
406 296 470 331 alt.
498 307 567 330 om.
594 296 752 331 FBON
794 318 837 321 —-
877 301 931 331 22.
964 298 1106 342 situque
1130 297 1339 332 Hoffmann.
1366 297 1487 333 Fleck.

151 346 228 386 113,
249 347 318 376 244
352 364 394 367 —
428 348 651 379 evanuerunt
676 343 840 387 Purgold
865 365 908 368 —
935 348 991 378 25.
1018 346 1091 378 iam
1115 343 1140 377 C
1166 345 1267 387 fama
1294 343 1419 378 Baiter
1443 365 1486 369 —

149 393 205 423 27.
232 390 374 435 eolleyis
399 389 544 424 FBON
571 411 614 414 —
642 395 697 425 30.
722 392 909 425 uenustior
934 390 1057 425 Ε’ΒΟ1
1084 412 1127 415 -
1152 390 1192 425 P.
1208 395 1287 426 244.
1303 396 1334 425 1.
1350 392 1489 436 prioris

149 437 174 469 F
190 435 218 468 B
235 437 263 470 O
297 457 340 460 —
375 441 405 471 7.
433 438 576 472 audisse
602 437 628 470 F
649 437 740 471 Ven.
770 442 787 470 1
819 458 865 462 —
899 441 951 471 10.
978 439 1019 471 iri
1043 439 1144 472 siuas
1168 439 1222 472 ita
1246 437 1273 471 F
1299 439 1340 472 iri
1365 438 1490 473 Stiuas

148 484 203 517 ita
242 481 270 516 O
310 484 441 519 istiuas
478 485 532 518 ita
569 483 598 516 B
625 483 809 528 (Ven.1‘?)
848 485 954 518 istius
991 484 1022 517 D
1060 486 1208 519 aestiuis
1243 486 1298 519 ita
1331 485 1364 518 N
1397 495 1488 520 corr.

147 529 340 563 Turnebus
379 550 422 554 —
461 535 518 565 25.
558 531 705 565 adortor
730 530 772 563 F¹
793 530 882 564 Ven.
907 535 924 564 1
952 530 1042 564 Ven.
1063 536 1083 565 2
1110 532 1281 566 adhortor
1307 530 1333 566 C
1359 533 1488 567 adhor-

148 580 245 611 tator
271 576 363 611 OffD
390 578 604 612 adornatior
629 588 718 611 corr.
746 576 837 612 Ven.
869 582 885 611 1
914 578 1100 613 ardentior
1125 588 1215 612 corr.
1242 577 1334 612 Ven.
1361 582 1381 612 2
1406 589 1489 623 pro-

148 623 231 657 bav.
260 623 454 667 Corradus,
486 625 635 666 doc-tior,
665 624 809 667 fortior,
833 625 991 669 yravz'or,
1018 625 1191 667 acerbior,
1217 626 1397 660 actuosior
1423 624 1490 659 alii

150 671 186 704 et
213 669 297 705 alia.
349 670 439 705 Cum
464 670 620 704 Trillero
648 672 686 704 et
710 671 936 705 Buttmanno
970 673 1126 706 atrocior
1159 670 1300 715 scripsi.
1351 671 1419 705 Est
1445 683 1489 706 ex

149 716 279 751 Rutilii
309 716 482 761 opinione
509 717 659 752 dictum.
699 739 741 741 —
782 721 836 752 37.
876 719 943 752 alii
969 717 1052 752 add.
1079 718 1220 752 Manub.
1248 739 1291 742 —
1325 719 1442 753 eodem
1467 730 1490 753 a

148 764 176 797 F
192 763 219 796 B
237 763 313 798 ON
340 784 383 788 —
410 764 449 798 Ρ.
465 768 544 798 245.
561 769 592 798 4.
618 765 808 799 mulctatos
834 763 862 798 O
878 764 972 798 B1N
999 785 1041 788 —
1070 768 1123 798 12.
1150 766 1207 799 dis
1233 764 1258 799 C
1284 766 1392 800 etiam
1417 766 1491 800 diis

149 809 180 843 D
207 811 264 845 die
290 810 338 844 02
364 832 407 835 —
438 815 490 845 13.
523 811 653 846 rutilz'a
680 811 705 845 C
730 812 912 845 rutiliarea
937 811 970 844 N
996 811 1120 846 Rutili
1147 811 1257 846 OreH.
1293 832 1334 836 —
1370 815 1423 846 19.
1449 816 1491 847 ut

149 858 259 892 istum
295 857 460 892 FBON
498 878 541 881 —
580 859 725 901 comata
755 859 803 892 sit
839 857 913 890 BD
952 859 1095 903 counita
1132 860 1179 901 (st
1204 858 1288 892 add.
1316 860 1351 903 2)
1384 858 1412 893 Ο
1445 879 1488 883 —

150 907 205 938 21.
236 904 275 938 T.
304 903 328 937 C
357 904 401 938 L.
428 903 570 938 Manut.
597 906 690 947 (135,
712 907 770 939 25)
809 925 852 928 —
892 907 946 938 26.
981 916 1031 939 aii
1055 903 1156 948 prius
1184 904 1255 939 del.
1282 905 1418 938 Pareus
1445 926 1488 930 —

147 951 244 985 ‘nihil
276 950 361 984 add.
389 961 431 984 ex
457 950 541 984 Vat.
569 950 666 984 Max.
694 950 781 984 VIII
808 955 836 993 1,
858 955 877 984 2
905 950 1088 986 Corradus
1119 971 1163 976 —
1197 956 1251 986 37.
1285 956 1437 996 apparet
1463 951 1489 986 C

150 1007 240 1031 corr.
261 997 388 1032 Lamb.
416 1019 458 1021 —
486 998 619 1032 P.24(3.
638 1002 690 1032 19.
717 999 845 1032 deiude
870 997 901 1030 D
928 1019 971 1022 ——
999 1002 1053 1032 21.
1080 999 1321 1042 flacceseiebat
1345 997 1490 1033 FBON

150 1065 193 1069 ν-
221 1047 275 1078 33.
303 1048 335 1078 et
361 1043 385 1078 C
412 1056 456 1079 ex
482 1057 509 1078 ω
536 1065 578 1068 —
605 1044 642 1078 P.
671 1047 750 1078 247.
780 1048 808 1079 7.
842 1046 962 1079 ‘mz'uus
986 1044 1097 1080 FBO
1114 1046 1147 1080 N
1174 1066 1216 1069 —
1246 1049 1298 1079 11.
1330 1046 1437 1080 etiam
1463 1045 1489 1080 C

150 1095 183 1125 et
206 1092 281 1125 iam
306 1090 436 1124 Petrus
463 1090 581 1125 Faber
612 1112 654 1115 —
688 1095 745 1125 25.
771 1091 926 1126 diceutes
950 1091 1074 1126 BDN
1105 1113 1148 1116 -—
1180 1096 1236 1126 26.
1263 1092 1332 1127 Sed
1357 1091 1382 1126 C
1409 1092 1489 1127 Sex.

149 1136 304 1181 Madvig
337 1158 376 1162 —
411 1137 449 1172 P.
477 1141 557 1172 248.
587 1142 616 1172 1.
650 1142 682 1172 et
708 1138 762 1172 M.
788 1137 877 1181 D(“?)
904 1159 947 1162 —
977 1142 1029 1172 17.
1064 1142 1096 1173 et
1121 1138 1147 1172 C
1173 1140 1206 1173 ei
1231 1137 1335 1172 Grut.
1361 1159 1405 1163 —
1432 1143 1488 1173 23.

150 1185 312 1219 durioris
329 1185 441 1219 soceri
466 1184 493 1217 F
507 1184 535 1217 B
552 1184 580 1218 O
595 1184 629 1217 N
654 1205 698 1208 -
725 1188 779 1218 30.
807 1196 850 1219 ea:
868 1185 1023 1219 historia
1042 1198 1068 1218 ω
1096 1206 1137 1209 ——
1166 1189 1220 1220 36.
1248 1186 1380 1220 coelius
1399 1185 1426 1219 F
1444 1207 1488 1210 —

150 1231 188 1266 P.
215 1234 294 1265 249.
324 1235 376 1265 12.
404 1232 598 1266 didicimus
623 1230 670 1264 B2
686 1231 839 1275 O²mrg.
859 1231 892 1265 N
917 1251 961 1256 -
991 1235 1044 1266 18.
1071 1232 1304 1276 Dz'aphanem
1329 1231 1394 1265 FB
1411 1231 1438 1266 O
1454 1233 1489 1266 N

150 1298 193 1302 —
228 1280 281 1311 19.
315 1277 383 1313 Secl
407 1282 439 1313 et
466 1279 490 1312 C
523 1278 592 1313 Sed
617 1279 650 1312 ei
674 1277 799 1311 Lamb.
839 1299 882 1302 -—
921 1282 977 1313 20.
1016 1289 1084 1323 quo
1111 1277 1136 1312 C
1169 1280 1263 1323 Quod
1287 1278 1404 1312 Aldus
1430 1280 1490 1313 cui

149 1323 346 1358 Frotsoher
371 1345 415 1350 —
443 1329 498 1359 26.
530 1325 719 1367 arabant,-
750 1325 930 1359 addebaut
954 1325 1081 1359 Lamb.
1109 1345 1150 1350 —
1179 1329 1234 1359 27.
1269 1326 1488 1360 commenda-

149 1372 309 1405 tionibus
335 1372 361 1404 F
378 1371 405 1404 B
421 1370 497 1405 ΟΝ
524 1392 566 1396 ——
594 1372 632 1405 P.
660 1374 738 1405 250.
767 1376 797 1406 7.
825 1372 1003 1406 tribuerat
1028 1370 1053 1405 C
1079 1373 1260 1406 tribuebat
1285 1371 1376 1406 Ven.
1399 1376 1417 1406 1
1445 1393 1488 1396 —

153 1423 205 1453 10.
233 1423 282 1453 est
302 1418 402 1451 Bake
429 1438 472 1443 —
501 1422 555 1453 11.
581 1422 773 1452 uenientem
799 1418 826 1451 F
851 1419 979 1453 rehem.
1000 1417 1026 1452 C
1047 1439 1089 1443 —
1113 1423 1167 1453 18.
1193 1420 1309 1453 oratio
1329 1423 1416 1453 erat.
1441 1419 1491 1453 Iu

150 1463 175 1498 C
202 1469 278 1499 erat
303 1466 430 1500 oratio.
456 1466 505 1499 Iri
529 1464 619 1498 Ven,
638 1469 655 1498 1
677 1464 711 1498 N
737 1486 783 1490 —
808 1468 863 1498 25.
889 1466 974 1508 feeit
1000 1465 1025 1499 C
1051 1466 1159 1508 febeit
1183 1465 1231 1499 Β1
1255 1466 1365 1510 freyit
1389 1464 1485 1499 Viot.

149 1511 273 1545 Pisan.
296 1533 336 1536 -—
360 1516 417 1546 27.
441 1512 551 1554 facile
571 1510 596 1545 C
622 1512 734 1554 facete
759 1510 886 1546 Lamb.
909 1514 951 1555 (22)
971 1511 1161 1555 Boecking
1186 1532 1230 1536 —
1256 1515 1312 1546 28.
1333 1512 1489 1556 paulum

149 1569 178 1593 c.
208 1559 387 1593 Graecum
411 1558 575 1592 FBON
613 1579 655 1582 ——
695 1561 749 1592 37.
789 1562 821 1592 et
848 1558 873 1592 C
900 1562 932 1593 et
957 1562 1007 1593 est
1033 1557 1164 1601 Stangl
1202 1578 1245 1583 -—
1283 1559 1322 1592 P.
1350 1562 1428 1592 251.
1456 1563 1486 1593 2.

143 1606 350 1650 probabiles
376 1603 401 1638 C
421 1605 625 1649 probabilis
651 1618 677 1638 ω
715 1625 758 1629 —
795 1609 825 1638 3.
858 1609 1042 1639 oratorum
1067 1604 1189 1639 BON
1226 1625 1269 1629 —
1307 1608 1340 1639 4.
1372 1606 1489 1640 rideri

149 1651 313 1686 FBON
346 1672 389 1675 —
423 1656 453 1686 6.
480 1652 547 1695 fiat
572 1651 671 1685 Bake
704 1672 747 1675 —
783 1654 835 1685 10.
862 1653 945 1686 tecti
969 1650 1056 1685 F¹O
1080 1651 1167 1684 Ven.
1199 1656 1215 1684 1
1250 1672 1293 1675 —
1329 1655 1382 1685 12.
1409 1663 1489 1687 eum

144 1709 214 1743 pro
233 1709 292 1733 reo
318 1698 386 1733 dic.
414 1709 482 1732 om.
510 1699 538 1731 B
565 1697 635 1731 del.
664 1696 865 1731 Schneider
890 1719 932 1722 —-
961 1701 1016 1732 21.
1038 1701 1125 1742 apta
1151 1697 1181 1730 D
1209 1698 1301 1732 lectu
1327 1697 1417 1732 Geel
1443 1719 1486 1723 —

150 1749 206 1779 27.
245 1749 277 1779 et
306 1749 454 1789 uterque
486 1743 511 1778 C
543 1749 621 1779 erat
650 1749 796 1789 uterque
825 1744 924 1778 Jahn
961 1765 1004 1768 —
1043 1748 1098 1778 35.
1137 1745 1272 1779 eruditi
1297 1744 1324 1777 F
1338 1744 1410 1779 ΒΟ
1444 1766 1486 1770 —

148 1791 188 1826 P.
216 1795 294 1826 252.
321 1795 352 1826 4.
381 1793 444 1836 qui
469 1803 577 1836 quam
603 1791 715 1825 FBO
742 1792 804 1836 qui
830 1802 909 1826 cum
934 1790 965 1824 D
986 1790 1076 1825 Ven.
1106 1795 1122 1824 1
1150 1803 1358 1836 quanquam
1381 1791 1417 1825 N
1442 1813 1486 1816 —

152 1843 206 1872 11.
232 1839 293 1873 sed
312 1837 337 1872 C
356 1839 417 1872 sed
435 1842 469 1873 et
489 1838 544 1872 ed.
565 1838 669 1872 Rom.
696 1842 729 1873 et
753 1836 856 1871 Bake
882 1859 925 1862 -
954 1841 1009 1871 14.
1035 1838 1204 1872 habemus
1225 1839 1249 1873 C
1277 1839 1488 1874 Habeamus

149 1885 302 1928 Madvig
316 1885 492 1920 Loeemus
510 1884 638 1918 malim
658 1906 700 1909 -—
725 1888 778 1919 18.
799 1886 907 1919 etiam
926 1895 996 1920 om.
1017 1884 1046 1917 B
1060 1883 1095 1917 N
1114 1905 1157 1908 —
1179 1889 1235 1919 23.
1258 1895 1320 1918 an:
1340 1886 1488 1920 uultus?

149 1952 193 1956 -—
221 1935 275 1965 25.
302 1932 524 1976 discipulina
544 1931 573 1965 O
594 1932 691 1966 adse.
712 1931 827 1976 Antis}
852 1952 895 1956 ——
921 1935 976 1966 26.
998 1933 1232 1966 triumviratu
1252 1930 1277 1965 C
1298 1933 1488 1967 tribunatu

149 1977 307 2012 Schuetz
346 1999 388 2002 —
428 1983 484 2012 28.
523 1983 556 2013 et
580 1983 621 2013 ut
651 1977 753 2012 Bake
791 1999 834 2003 —
873 1982 928 2012 32.
967 1978 1061 2013 Sunt
1172 1978 1370 2013 Tic-beronis
1399 1977 1484 2012 incl.

150 2025 278 2060 Simon
302 2045 346 2049 —
373 2029 428 2059 33.
456 2026 487 2059 is
507 2049 515 2059 .
532 2053 561 2059 ..
583 2026 803 2070 disputando
823 2024 907 2059 incl.
929 2024 1038 2067 Kays.
1063 2024 1188 2058 Simon
1210 2045 1251 2049 —
1278 2024 1317 2059 P.
1334 2028 1412 2060 253.
1430 2028 1484 2059 14.
1510 2056 1514 2059 .

147 2072 189 2106 id
215 2099 222 2106 .
238 2099 245 2105 .
261 2099 269 2106 .
295 2071 360 2106 Ac.
389 2071 459 2106 del.
485 2071 611 2106 Lamb.
638 2092 681 2096 -—
709 2075 765 2105 24.
790 2073 884 2106 sieut
910 2070 935 2105 C
960 2073 1012 2106 sie
1036 2071 1114 2105 eod.
1143 2070 1375 2106 Cuiacianus.
1402 2070 1484 2106 Cor-

148 2118 259 2152 radus
285 2138 330 2143 ——
358 2122 411 2153 31.
432 2119 600 2153 videatur
618 2118 701 2152 Ern.
727 2139 771 2143 —
798 2122 852 2153 34.
874 2119 994 2162 inquit
1014 2128 1082 2152 om.
1105 2117 1141 2152 C.
1180 2119 1350 2152 Fortasse
1371 2117 1485 2152 etiam

148 2166 295 2201 Atticus
321 2165 391 2199 del.
419 2186 461 2189 —
494 2165 532 2198 P.
561 2168 640 2199 254.
668 2168 699 2199 5.
730 2166 880 2210 iuquam
905 2165 1069 2209 iutelleyo
1096 2163 1121 2198 C
1146 2165 1311 2209 iutelleyo
1336 2166 1486 2209 iuquam

150 2211 324 2253 Schuetz3
345 2213 493 2256 inquam
513 2211 648 2246 inclusi
668 2232 711 2235 —
734 2216 788 2246 11.
804 2212 990 2246 Enumera
1013 2211 1038 2244 C
1059 2211 1120 2245 Me
1138 2222 1289 2246 manera
1308 2210 1486 2245 Weidner

148 2280 191 2283 —
218 2260 339 2303 iuquit
362 2269 415 2292 me
439 2258 470 2291 D
486 2262 570 2302 22³)oe
597 2279 640 2282 —
670 2262 722 2293 18.
755 2259 893 2292 illustri
919 2257 944 2292 C
972 2258 1127 2292 illustris
1151 2257 1184 2291 N
1210 2278 1254 2282 —-
1281 2258 1318 2291 P.
1345 2262 1425 2292 255.
1453 2261 1482 2293 1.

148 2306 189 2341 P.
218 2305 243 2340 C
272 2306 307 2341 G.
335 2305 517 2340 Corradus
544 2308 613 2349 (58,
635 2309 697 2347 26;
724 2309 802 2348 247,
825 2306 884 2349 32)
910 2325 954 2329 —-
981 2308 1012 2340 5.
1038 2305 1202 2340 mamilia
1226 2304 1254 2338 F
1278 2305 1433 2339 mamilia
1458 2303 1484 2338 C
