1643 2526
176 115 261 156 292
751 112 938 148 BRUTUS

175 209 288 265 dum,
326 209 399 250 sed
430 209 483 250 ad
513 208 812 249 inveniendum
843 207 1040 262 expedita
1070 206 1362 262 Hermagorae
1394 206 1516 248 disci-

175 268 303 322 plina.
347 267 412 308 Ea
437 267 510 308 dat
530 267 717 308 rationes
738 268 876 308 certas
897 269 939 307 et
958 268 1185 320 praecepta
1205 265 1381 319 dicendi,
1408 279 1514 319 quae

177 326 213 367 si
239 326 449 367 minorem
478 324 639 366 habent
670 327 923 379 apparatum
952 348 1000 353 —
1031 326 1131 364 sunt
1157 323 1270 364 enim
1296 323 1422 364 exilia
1451 347 1516 378 -,

176 387 321 425 tamen
356 384 517 424 liabent
556 382 746 424 ordinem
781 385 823 424 et
855 382 1059 435 quasdam
1091 396 1231 422 errare
1261 381 1307 422 in
1338 381 1515 423 dicendo

175 456 263 483 non
304 442 517 496 patientes
560 441 662 483 vias.
722 440 813 481 Has
856 441 928 481 ille
973 443 1121 481 tenens
1165 442 1208 481 et
1249 442 1425 494 paratus
1463 439 1516 480 ad
1552 454 1568 480 5

177 514 327 542 causas
359 500 551 554 veniens,
589 499 815 540 verborum
852 513 939 539 non
976 512 1123 553 egens,
1163 498 1258 552 ipsa
1293 498 1369 539 illa
1406 512 1517 539 com-

176 558 399 612 paratione
425 557 732 612 disciplinaque
759 557 924 598 dicendi
948 557 1035 597 iam
1065 556 1111 597 in
1140 559 1419 610 patronorum
1442 570 1517 596 nu-

108 626 342 659 264merum
378 619 639 670 pervenerat.
701 615 808 656 Erat
846 615 975 656 etiam
1007 614 1072 656 vir
1103 614 1253 656 doctus
1290 614 1337 655 in
1366 614 1516 668 primis

179 674 222 716 C.
249 674 454 715 Visellius
479 674 637 728 Varro,
681 673 961 714 consobrinus
1003 687 1141 727 meus,
1184 672 1257 726 qui
1297 672 1380 713 fuit
1421 687 1517 713 cum

180 731 340 774 Sicinio
374 735 513 773 aetate
546 732 809 774 coniunctus
871 732 912 772 Is
940 746 1036 773 cum
1060 734 1160 785 post
1187 731 1376 772 curulem
1408 731 1518 771 aedi-
1537 747 1570 773 ιο

177 791 345 832 litatem
376 791 502 831 iudex
535 789 795 844 quaestionis
829 792 960 844 esset,
997 792 1062 830 est
1099 792 1312 843 mortuus3
1354 789 1401 830 in
1433 803 1515 842 quo

178 849 317 890 fateor
349 849 464 903 volgi
495 848 700 890 iudicium
726 863 750 889 a
774 848 931 889 iudicio
964 862 1058 888 meo
1093 847 1354 889 dissensisse.
1403 846 1517 887 Nam

178 907 336 961 populo
368 921 456 947 non
486 909 578 947 erat
610 907 714 947 satis
741 906 983 947 vendibilis:
1014 920 1216 960 praeceps
1244 905 1450 959 quaedam
1475 908 1518 946 et

180 980 275 1007 cum
306 965 464 1006 idcirco
498 965 678 1006 obscura
710 964 809 1018 quia
839 967 1055 1018 peracuta,
1086 967 1177 1005 tum
1208 963 1356 1018 rapida
1387 966 1430 1004 et
1456 977 1518 1005 ce-

178 1023 346 1064 leritate
379 1026 551 1064 caecata
583 1022 738 1077 oratio3
771 1023 843 1063 sed
868 1037 1003 1076 neque
1030 1022 1170 1063 verbis
1196 1022 1404 1076 aptiorem
1431 1021 1516 1063 cito
1538 1038 1571 1064 15

180 1082 311 1122 alium
342 1081 521 1122 dixerim
551 1095 686 1134 neque
719 1080 943 1122 sententiis
976 1080 1244 1122 crebriorem.
1292 1079 1518 1121 Praeterea

179 1139 392 1193 perfectus
423 1140 469 1179 in
498 1139 654 1180 litteris
694 1138 883 1193 iurisque
916 1138 1052 1180 civilis
1083 1138 1169 1179 iam
1201 1153 1226 1179 a
1256 1141 1377 1192 patre
1408 1137 1518 1179 Acu—

111 1198 301 1239 265leone
333 1198 536 1238 traditam
566 1197 708 1238 tenuit
739 1197 1018 1251 disciplinam.
1078 1196 1249 1250 Reliqui
1288 1199 1404 1251 sunt,
1445 1196 1517 1250 qui

180 1256 340 1297 mortui
384 1255 487 1309 sint,
529 1255 575 1296 L.
607 1255 867 1310 Torquatus,
911 1269 1036 1309 quem
1079 1258 1128 1296 tu
1169 1269 1257 1295 non
1300 1257 1390 1295 tam
1431 1255 1515 1295 cito

179 1315 395 1354 rhetorem
436 1313 633 1368 dixisses,
674 1313 754 1354 etsi
791 1328 878 1354 non
915 1313 1058 1354 deerat
1091 1312 1248 1367 oratio,
1288 1327 1432 1367 quam,
1468 1315 1517 1353 ut
1537 1330 1571 1356 20

182 1371 333 1413 Graeci
353 1371 510 1424 dicunt,
535 1373 770 1412 πολιτικόν.
814 1371 951 1412 Erant
969 1371 1015 1411 in
1034 1385 1083 1412 eo
1103 1371 1324 1425 plurumae
1349 1370 1517 1411 litterae

180 1445 256 1471 1160
284 1444 355 1471 eae
380 1430 589 1484 volgares,
615 1430 687 1470 sed
711 1429 937 1470 interiores
964 1430 1170 1483 quaedam
1196 1432 1238 1470 et
1263 1429 1518 1483 reconditae,

182 1488 323 1529 divina
355 1488 578 1542 memoria,
613 1503 780 1528 summa
811 1488 1038 1529 verborum
1070 1490 1112 1528 et
1145 1487 1332 1542 gravitas
1366 1490 1408 1528 et
1439 1487 1519 1527 ele-

182 1546 346 1601 gantia3
381 1549 508 1599 atque
539 1546 643 1587 haec
676 1546 819 1586 omnia
849 1546 962 1587 vitae
994 1545 1222 1587 decorabat
1255 1545 1443 1600 gravitas
1476 1548 1518 1586 et

179 1604 417 1658 integritas.
492 1604 561 1644 Me
611 1604 781 1657 quidem
831 1604 1057 1645 admodum
1107 1603 1345 1644 delectabat
1388 1602 1518 1644 etiam
1538 1620 1571 1646 25

181 1662 318 1702 Triari
348 1662 394 1702 in
423 1662 498 1702 illa
531 1664 669 1702 aetate
700 1662 827 1715 plena
858 1662 1072 1702 litteratae
1105 1661 1336 1702 senectutis
1369 1661 1518 1702 oratio.

182 1719 351 1767 Quanta
383 1720 587 1760 severitas
618 1719 664 1759 in
694 1719 831 1760 vultu!
865 1723 1070 1772 quantum
1098 1719 1263 1773 pondus
1288 1719 1335 1759 in
1359 1719 1517 1760 verbis!

111 1788 310 1831 266quam
351 1777 460 1817 nihil
502 1791 589 1818 non
633 1777 946 1818 consideratum
990 1777 1134 1818 exibat
1177 1792 1226 1818 ex
1271 1778 1359 1818 ore!
1409 1777 1519 1818 Tum

181 1836 342 1876 Brutus
386 1835 593 1889 Torquati
638 1838 679 1876 et
723 1835 860 1876 Triari
909 1835 1124 1876 mentione
1175 1838 1414 1877 commotus
1464 1860 1513 1865 —

181 1897 408 1947 utrumque
436 1893 548 1934 enim
574 1907 720 1934 eorum
747 1893 974 1934 admodum
1000 1894 1203 1934 dilexerat
1232 1909 1302 1934 —:
1334 1892 1399 1934 Ne
1426 1907 1517 1948 eg0‚
1537 1911 1571 1936 30

180 1951 338 2005 inquit,
382 1954 431 1993 ut
469 1951 666 1992 omittam
699 1954 856 2006 cetera,
898 1966 1004 2005 quae
1043 1955 1143 1993 sunt
1179 1951 1518 2006 innumerabilia,

182 2009 232 2050 de
264 2009 360 2050 istis
393 2010 556 2050 duobus
591 2024 686 2050 cum
725 2009 886 2064 cogito,
927 2009 1048 2051 doleo
1085 2009 1194 2051 nihil
1225 2013 1344 2051 tuam
1374 2024 1518 2064 perpe-

181 2070 300 2108 tuam
338 2067 638 2109 auctoritatem
675 2068 724 2108 de
762 2082 866 2122 pace
903 2067 1103 2109 valuisse!
1154 2067 1267 2109 Nam
1300 2068 1378 2109 nec
1408 2067 1516 2109 istos

183 2125 427 2166 excellentis
458 2125 572 2166 viros
603 2140 680 2167 nec
706 2126 865 2166 multos
891 2125 997 2166 alios
1028 2126 1287 2180 praestantis
1314 2126 1425 2167 cives
1450 2140 1517 2167 res

180 2183 352 2237 publica
377 2183 642 2237 perdidisset.
694 2183 916 2238 Sileamus,
945 2184 1133 2239 inquam,
1157 2184 1303 2238 Brute,
1335 2184 1384 2225 de
1409 2183 1519 2238 istis,
1537 2199 1570 2226 35

180 2255 233 2282 ne
272 2255 503 2297 augeamus
541 2241 742 2283 dolorem.
803 2240 915 2282 Nam
950 2245 992 2282 et
1023 2242 1352 2297 praeteritorum
1382 2255 1518 2283 recor-

179 2299 297 2340 datio
342 2302 406 2340 est
449 2300 600 2341 acerba
643 2302 686 2340 et
729 2299 920 2341 acerbior
963 2300 1202 2355 expectatio
1245 2300 1516 2353 reliquorum.
