1643 2526
549 97 647 133 CAP.
676 101 824 134 18—19.
863 102 883 141 g
911 102 1060 134 70—771
1393 97 1475 138 241

134 195 299 250 primus
331 194 522 236 fabulam
555 192 599 236 C.
627 192 802 236 Claudio
829 192 955 236 Caeci
986 194 1076 235 filio
1109 196 1151 235 et
1182 193 1239 234 M.
1265 192 1478 234 Tuditano

137 253 383 295 consulibus
428 253 573 294 docuit
619 267 728 294 anno
771 252 866 307 ipso
911 255 1009 294 ante
1060 267 1188 306 quam
1235 255 1363 293 natus
1414 254 1479 292 est

136 312 321 366 Ennius,
357 315 457 366 post
494 311 680 353 Romam
718 311 935 353 conditam
967 313 1111 352 autem
1144 311 1478 365 quartodecumo

137 373 180 411 et
218 370 611 424 quingentensimo,
650 372 698 411 ut
738 369 808 411 hic
849 370 929 424 ait,
966 384 1091 424 quem
1131 383 1210 410 nos
1249 369 1477 423 sequimur.

101 446 116 469 5
137 428 219 469 Est
260 428 373 469 enim
412 428 526 469 inter
563 428 792 482 scriptores
831 428 880 469 de
917 442 1096 469 numero
1136 443 1345 470 annorum
1383 441 1479 469 con-

136 486 357 528 troversia.
419 487 575 528 Accius
608 490 751 528 autem
783 502 807 528 a
839 486 885 535 Q.
918 486 1120 527 Maxumo
1154 486 1351 552 quintum
1383 500 1479 527 con-

137 545 227 586 sule
260 548 433 599 captum
459 545 643 587 Tarento
677 545 849 600 scripsit
878 545 1049 586 Livium
1076 545 1198 586 annis
1224 544 1346 585 XXX
1378 547 1478 599 post

138 618 265 657 quam
298 618 394 644 eum
426 604 617 645 fabulam
650 604 842 645 docuisse
876 607 918 645 et
942 603 1115 645 Atticus
1143 603 1294 645 scribit
1325 606 1368 644 et
1398 617 1477 643 nos

136 662 182 703 in
223 662 411 716 antiquis
451 662 768 704 commentariis
805 662 1064 717 invenimus,
1101 662 1296 703 docuisse
1335 664 1477 702 autem

87 740 118 762 10
138 720 330 761 fabulam
369 720 490 761 annis
529 724 628 775 post
659 719 721 762 XI
760 720 804 763 C.
838 719 1035 762 Cornelio
1075 720 1122 769 Q
1153 719 1343 761 Minucio
1383 734 1479 761 con-

140 779 304 820 sulibus
324 779 434 819 ludis
456 779 707 834 Iuventatis,
733 794 839 833 quos
867 778 1083 820 Salinator
1110 778 1287 820 Senensi
1313 778 1478 832 proelio

137 840 322 878 voverat.
385 837 436 878 In
468 852 551 892 quo
592 841 738 878 tantus
777 852 894 879 error
925 837 1029 879 Acci
1067 837 1167 892 fuit,
1204 840 1253 878 ut
1283 837 1350 878 his
1383 851 1480 878 0011-

142 896 306 936 sulibus
327 895 401 936 XL
425 911 558 937 annos
578 899 705 937 natus
730 896 896 937 Ennius
923 896 1070 937 fuerit:
1097 896 1199 961 quoi
1226 896 1262 936 si
1289 895 1477 960 aequalis

137 954 268 995 fuerit
312 954 477 1007 Livius,
530 955 669 996 minor
712 954 795 995 fuit
839 955 1058 1009 aliquanto
1101 954 1157 1009 is,
1201 954 1272 1008 qui
1315 954 1479 1008 primus

86 1031 118 1055 15
138 1012 329 1053 fabulam
355 1012 482 1066 dedit,
509 1027 635 1066 quam
660 1013 703 1067 ii,
736 1013 807 1066 qui
834 1013 990 1054 multas
1017 1013 1250 1054 docuerant
1276 1015 1374 1053 ante
1399 1012 1478 1052 hos

139 1070 346 1125 consules,
378 1074 420 1111 et
451 1070 629 1112 Plautus
663 1075 705 1112 et
736 1070 935 1112 Naevius.
985 1071 1103 1112 Haec
1136 1071 1171 1112 si
1203 1071 1344 1112 minus
1378 1074 1480 1125 apta

137 1129 335 1170 videntur
365 1129 465 1170 huic
498 1129 695 1179 sermoni,
726 1129 872 1184 Brute,
903 1129 1052 1171 Attico
1085 1129 1274 1185 adsigna,
1307 1129 1380 1183 qui
1412 1144 1478 1170 me

1506 672 1547 703 73

136 1187 421 1228 inflammavit
471 1188 613 1228 studio
656 1187 902 1229 inlustrium
951 1188 1174 1229 hominum
1224 1191 1385 1229 aetates
1437 1191 1505 1228 et-

139 1249 335 1299 tempora
374 1247 666 1300 persequendi.
738 1246 834 1301 Ego
875 1261 994 1301 vero,
1033 1246 1174 1301 inquit
1214 1246 1395 1299 Brutus,
1437 1249 1479 1287 et

87 1323 120 1347 20
140 1304 327 1345 delector
357 1304 442 1344 ista
469 1305 590 1358 quasi
621 1304 844 1345 notatione
876 1308 1116 1359 temporum
1151 1308 1193 1346 et
1219 1305 1271 1345 ad
1296 1305 1339 1345 id
1366 1304 1479 1358 quod

139 1362 382 1416 instituisti,
403 1366 623 1403 oratorum
645 1377 799 1417 genera
820 1362 1083 1418 distinguere
1103 1363 1330 1416 aetatibus,
1349 1363 1480 1404 istam

141 1421 407 1476 diligentiam
440 1435 531 1461 esse
558 1421 923 1462 accommodatam
948 1424 1065 1475 puto.
1116 1421 1261 1475 Recte,
1292 1422 1480 1475 inquam,

140 1479 286 1533 Brute,
316 1479 544 1534 intellegis.
588 1478 730 1533 Atque
762 1479 928 1520 utinam
961 1482 1154 1520 extarent
1179 1479 1254 1520 illa
1280 1479 1481 1533 carmina,

141 1552 247 1591 quae
280 1537 427 1578 multis
461 1537 610 1579 saeclis
643 1541 753 1578 ante*
774 1552 895 1578 suam
928 1540 1112 1578 aetatem
1143 1538 1188 1578 in
1220 1537 1355 1592 epulis
1388 1552 1479 1579 esse

88 1613 121 1638 25
141 1596 349 1637 cantitata
399 1611 423 1636 a
472 1596 652 1651 singulis
703 1596 891 1637 convivis
942 1596 992 1637 de
1036 1596 1248 1637 clarorum
1291 1596 1481 1637 virorum

140 1654 337 1695 laudibus
368 1654 414 1694 in
441 1653 690 1709 Originibus
718 1654 925 1709 seriptum
956 1654 1130 1708 reliquit
1157 1653 1280 1695 Cato!
1319 1654 1480 1696 Tamen

139 1712 277 1765 illius,
315 1727 440 1766 quem
471 1713 516 1753 in
548 1713 718 1754 vatibus
750 1716 792 1753 et
823 1713 982 1754 Faunis
1016 1716 1269 1754 annumerat
1300 1713 1480 1766 Ennius,

141 1771 301 1812 bellum
344 1770 553 1812 Punicum
598 1771 718 1825 quasi
762 1770 953 1826 Myronis
999 1786 1105 1826 opus
1150 1772 1344 1813 delectat.
1413 1770 1479 1812 Sit

142 1829 307 1870 Ennius
341 1843 453 1883 sane,
484 1833 532 1871 ut
565 1832 629 1871 est
662 1832 787 1884 certe,
818 1830 1066 1884 perfectior3
1099 1830 1172 1883 qui
1205 1830 1241 1870 si
1272 1830 1407 1884 illum,
1433 1833 1481 1870 ut

91 1905 126 1929 30
146 1887 339 1941 simulat,
382 1891 689 1943 contemneret,
738 1903 825 1928 non
875 1888 1018 1929 omnia
1066 1888 1179 1929 bella
1221 1903 1479 1942 persequens

143 1945 328 1999 primum
353 1945 459 1986 illud
489 1945 698 1988 Punicum
737 1946 989 1987 acerrimum
1027 1946 1187 1987 bellum
1225 1947 1480 2000 reliquisset.

145 2003 226 2044 Sed
256 2004 347 2057 ipse
386 2003 488 2044 dicit
527 2019 600 2045 cur
630 2005 674 2045 id
705 2005 847 2046 faciat.
910 2004 1171 2059 Scripsere',
1202 2005 1359 2059 inquit,
1391 2004 1480 2045 alii

144 2076 234 2102 rem
276 2061 488 2103 vorsibus'
537 2087 585 2091 —
633 2066 675 2104 et
724 2063 937 2104 luculente
988 2063 1157 2116 quidem
1207 2063 1481 2117 scripserunt,

146 2120 273 2161 etiam
307 2120 343 2160 si
374 2120 514 2161 minus
548 2135 674 2185 quam
707 2124 753 2162 tu
784 2121 929 2175 polite
991 2120 1081 2162 Nec
1112 2136 1212 2162 vero
1244 2122 1324 2162 tibi
1357 2121 1481 2162 aliter

92 2196 124 2220 35
146 2178 276 2219 videri
314 2178 456 2232 debet,
499 2179 571 2232 qui
612 2195 636 2220 a
675 2178 838 2220 Naevio
879 2179 945 2220 vel
987 2179 1209 2234 sumpsisti
1250 2180 1402 2232 multa,
1444 2179 1480 2219 si

144 2236 305 2291 fateris,
336 2236 414 2290 vel,
446 2236 481 2277 si
512 2251 656 2292 negas,
688 2237 944 2291 surripuisti.

263 2293 370 2336 Cum
389 2295 470 2336 hoc
491 2292 652 2336 Catone
674 2296 919 2350 grandiores
940 2303 1045 2337 natu
1064 2296 1238 2337 fuerunt
1260 2295 1303 2336 C.
1324 2294 1479 2336 Flami—

215 2369 282 2395 CIC.
303 2370 325 2394 Ι.
347 2371 362 2394 ‘2
1153 2367 1195 2397 16

1507 1432 1549 1463 75

1508 1782 1549 1812 76

1507 2305 1547 2335 77
