1643 2526
176 92 231 133 66
686 92 749 127 DE
777 91 1001 127 ORATORE

176 187 359 228 oratoris
380 186 573 240 quaesita
593 190 711 242 sunt3
736 187 809 228 sed
830 187 982 241 opinor
1002 185 1233 228 secundum
1251 185 1365 227 hunc
1390 184 1513 226 diem.

105 244 291 286 265Satis
324 245 438 286 em‘m
470 245 605 286 multa
637 261 662 287 a
691 246 816 287 nobis
848 245 974 286 hodie
1007 244 1122 285 dicta
1153 247 1264 285 sunt.
1313 243 1439 285 Nunc
1471 246 1515 284 et

134 1461 151 1491 μ

134 2121 155 2152 2

177 302 393 357 Scaevola,
413 303 616 357 quoniam
634 303 680 345 in
693 304 982 345 Tusculanum
999 303 1060 343 ire
1082 302 1320 357 constituit,
1337 301 1515 356 paulum

175 362 425 415 requiescet,
451 362 551 402 dum
577 377 621 403 se
648 362 762 403 calor
787 362 972 417 frangat,
1004 364 1046 402 et
1071 375 1150 401 nos
1183 360 1280 415 ipsi,
1311 359 1514 414 quoniam

174 420 220 460 id
251 420 455 474 temporis
489 423 566 475 est,
595 420 831 461 valetudini
857 420 1004 461 demus
1032 433 1215 472 operam.
1258 418 1427 460 Placuit
1453 418 1514 460 sic
1532 434 1549 460 5

178 478 386 519 omnibus.
449 478 558 520 Tum
602 477 821 520 Scaevola:
868 477 995 532 Sane,
1037 477 1196 531 inquit,
1238 477 1391 518 vellem
1427 490 1515 517 non

178 537 497 578 constituissem
527 537 573 577 in
604 537 892 578 Tusculanum
925 550 991 577 me
1016 535 1143 576 hodie
1169 537 1397 576 venturum
1422 549 1514 576 esse

175 594 334 635 Laelio.
401 594 605 636 Libenter
646 595 835 636 audirem
875 594 1125 635 Antonium.
1196 594 1273 648 Et,
1312 608 1409 634 cum
1449 607 1516 634 ex-

179 656 390 708 surgeret,
434 653 562 694 simul
606 654 813 694 arridens:
857 652 1006 707 Neque
1051 652 1182 706 enim,
1223 651 1383 706 inquit,
1425 654 1516 692 tam

177 711 283 751 mihi
315 711 521 752 molestus
553 711 648 765 fuit,
681 712 794 765 quod
824 711 891 752 ius
922 713 1119 752 nostrum
1151 709 1274 751 civile
1305 709 1514 764 pervellit,
1535 726 1569 751 ιο

178 783 305 823 quam
335 769 558 824 iucundus,
590 771 702 824 quod
733 784 777 811 se
808 770 853 811 id
883 769 1046 811 nescire
1083 768 1302 810 confessus
1334 771 1409 809 est.

600 1012 650 1048 M.
677 1012 817 1047 TULLI
843 1011 1093 1047 CICERONJS

819 1108 879 1137 DE

539 1200 1161 1255 ORATORE

602 1315 767 1349 LIBER
794 1314 1092 1350 SECUNDUS.

296 1409 455 1465 Magna
490 1409 616 1450 nobis
653 1410 815 1464 pueris,
855 1408 1011 1458 Quinte
1047 1408 1198 1463 frater,
1239 1408 1276 1450 si
1312 1408 1519 1450 memoria

179 1471 311 1522 tenes,
344 1468 487 1522 opinio
520 1468 603 1508 fuit
634 1468 681 1509 L.
714 1467 916 1509 Crassum
946 1481 1034 1508 non
1063 1467 1160 1522 plus
1194 1467 1390 1521 attigisse
1423 1467 1518 1508 doc-

179 1527 316 1568 trinae
356 1542 483 1580 quam
516 1529 724 1580 quantum
761 1526 900 1580 prima
941 1526 1017 1566 illa
1053 1525 1207 1579 puerili
1244 1525 1516 1565 institutione

179 1585 409 1639 potuisset,
452 1583 508 1624 M.
553 1587 696 1625 autem
737 1584 976 1625 Antonium
1027 1583 1199 1624 omnino
1245 1583 1382 1623 omnis
1427 1597 1517 1623 eru·
1536 1599 1570 1624 15

180 1643 353 1683 ditionis
375 1645 592 1696 expertem
613 1646 739 1696 atque
764 1642 962 1697 ignarum
986 1641 1136 1695 fuisse3
1162 1643 1364 1694 erantque
1390 1640 1517 1682 multi

181 1701 271 1755 qui,
303 1714 560 1754 quamquam
591 1714 678 1740 non
714 1700 776 1741 ita
808 1715 852 1741 se
883 1715 973 1740 rem
1004 1699 1160 1741 habere
1194 1699 1518 1754 arbitrarentur,

180 1762 341 1813 tamen,
390 1768 480 1812 quo*
515 1758 683 1799 facilius
724 1772 802 1799 nos
841 1758 1037 1799 incensos
1082 1757 1222 1798 studio
1264 1757 1453 1799 discendi
1493 1772 1518 1798 a

181 1817 375 1858 doctrina
416 1817 692 1870 deterrerent,
735 1816 918 1857 libenter
960 1816 1005 1856 id
1048 1816 1161 1869 quod
1205 1815 1292 1856 dixi
1336 1816 1386 1856 de
1429 1815 1516 1856 illis

182 1875 424 1917 oratoribus
464 1875 776 1929 praedicarent,
816 1877 882 1928 ut,
923 1874 959 1915 si
999 1874 1193 1915 homines
1233 1888 1320 1914 non
1361 1873 1516 1914 eruditi
1536 1891 1570 1916 20

182 1949 391 1975 summam
432 1936 573 1974 essent
615 1933 886 1987 prudentiam
929 1935 1057 1986 atque
1099 1932 1393 1973 incredibilem
1435 1932 1517 1973 elo-

181 1992 399 2046 quentiam
432 1991 660 2045 consecuti,
689 1991 828 2031 inanis
856 1990 993 2031 omnis
1018 1994 1166 2031 noster
1198 2005 1288 2031 esse
1319 1990 1443 2030 labor
1474 1993 1518 2031 et

183 2050 363 2091 stultum
398 2049 445 2090 in
480 2049 606 2090 nobis
644 2049 882 2090 erudiendis
922 2048 1057 2102 patris
1097 2048 1236 2090 nostri
1277 2048 1428 2102 optimi
1468 2062 1517 2089 ac

180 2107 502 2163 prudentissimi
543 2108 623 2148 viri
665 2108 853 2148 studium
892 2107 1116 2147 videretur.
1179 2106 1294 2155 Quos
1335 2109 1428 2147 tum
1467 2108 1516 2147 ut

179 2168 301 2222 pueri
326 2166 513 2207 refutare
539 2166 786 2207 domesticis
812 2165 996 2206 testibus
1022 2168 1143 2219 patre
1169 2168 1212 2206 et
1233 2164 1278 2207 O.
1297 2163 1515 2205 Aculeone
1535 2179 1568 2206 25

179 2225 420 2280 propinquo
460 2227 609 2265 nostro
652 2227 694 2265 et
733 2223 781 2265 L.
820 2223 1022 2265 Cicerone
1063 2226 1217 2277 patruo
1260 2222 1517 2276 solebamus,

181 2284 295 2338 quod
326 2283 376 2324 de
409 2280 563 2324 Crasso
594 2285 717 2336 pater
749 2285 791 2323 et
821 2281 998 2337 Aculeo,
1030 2295 1215 2335 quocum
1246 2283 1338 2322 erat
1367 2282 1518 2321 nostra
