1643 2526
163 88 222 129 26
677 87 740 122 DE
768 87 993 123 ORATORE

162 183 362 238 lustrata,
401 183 596 237 partibus
635 182 866 224 distributa
904 185 1004 224 sunt
1045 207 1102 212 -
1139 181 1185 223 id
1226 182 1340 236 quod
1379 182 1502 224 video

162 241 354 296 potuisse
385 241 478 282 fieri
513 265 579 295 —,
608 255 696 282 non
725 241 941 296 intellegO,
974 255 1101 296 quam
1133 241 1188 282 ob
1219 255 1310 282 rem
1341 255 1440 295 non,
1466 241 1503 282 si

163 300 302 340 minus
333 299 408 340 illa
440 299 588 354 suptili
620 299 884 353 definitione,
916 301 960 340 at
992 299 1072 340 hac
1102 299 1268 354 volgari
1302 299 1502 353 opinione

164 372 232 399 ars
260 373 351 399 esse
377 358 582 399 videatur.
629 356 710 399 Sed
736 357 823 399 sive
850 360 915 398 est
940 372 1007 398 ars
1041 357 1129 398 sive
1162 357 1266 398 artis
1294 357 1502 411 quaedam

164 416 413 471 similitudo,
443 431 531 457 non
562 418 627 457 est
659 431 707 457 ea
739 416 910 469 quidem
946 415 1229 471 neglegenda3
1265 430 1413 457 verum
1442 415 1504 457 in·
1523 432 1539 458 5

163 475 450 530 tellegendum
489 478 554 516 est
592 474 674 515 alia
713 474 919 529 quaedam
957 474 1010 514 ad
1048 474 1388 527 consequendam
1421 473 1503 515 elo-

165 533 383 587 quentiam
415 547 506 574 esse
538 533 711 574 maiora.
768 532 876 573 Tum
907 531 1123 573 Antonius
1155 532 1428 573 vehementer
1459 547 1502 574 se

165 592 371 632 assentire
405 590 560 632 Crasso
593 591 717 645 dixit,
756 591 868 645 quod
904 604 1042 644 neque
1079 591 1142 631 ita
1174 591 1504 645 amplecteretur

165 652 312 703 artem,
343 653 392 690 ut
421 650 453 690 ii
486 649 671 690 solerent
703 649 776 702 qui
808 663 977 690 omnem
1009 649 1096 689 vim
1133 649 1297 690 dicendi
1335 649 1381 690 in
1412 652 1502 690 arte

162 710 388 762 ponerent,
436 722 572 762 neque
616 722 761 748 rursus
800 721 893 748 eam
943 709 1100 762 totam,
1150 707 1260 748 sicut
1310 707 1501 761 plerique
1523 724 1555 749 ιο

162 766 411 821 philosophi
443 766 643 820 facerent,
674 765 926 819 repudiaret.
991 763 1073 806 Sed
1105 765 1320 820 existimo,
1351 765 1509 820 inquit,

165 828 336 879 gratum
374 827 415 865 te
453 824 525 877 iis,
564 822 734 877 Crasse,
769 823 1006 877 facturum,
1049 823 1085 863 si
1125 823 1211 864 ista
1248 824 1504 877 exposueris,

166 897 272 936 quae
299 885 425 936 putas
452 882 504 923 ad
530 882 754 923 dicendum
773 882 870 935 plus
898 895 1027 934 quam
1052 881 1191 935 ipsam
1219 885 1354 922 artem
1380 896 1504 936 posse

164 941 378 995 prodesse.

96 1009 161 1040 111
282 999 435 1040 Dicam
476 998 688 1052 equidem,
733 997 935 1051 quoniam
973 997 1163 1052 institui,
1205 1001 1433 1052 petamque
1478 1013 1556 1040 a15

164 1058 299 1111 vobis,
324 1057 478 1110 inquit,
502 1071 553 1097 ne
579 1056 656 1097 has
677 1071 792 1097 meas
818 1055 1001 1110 ineptias
1029 1056 1233 1110 efferatis,
1260 1071 1503 1110 quanquam

164 1116 418 1156 moderabor
448 1115 553 1169 ipse,
583 1129 635 1155 ne
667 1118 715 1155 ut
748 1114 920 1168 quidam
951 1114 1157 1169 magister
1189 1117 1316 1167 atque
1349 1114 1504 1155 artifex

166 1175 239 1215 sed
271 1173 392 1227 quasi
424 1188 533 1213 unus
567 1187 588 1214 e
620 1175 867 1228 togatorum
897 1186 1075 1213 numero
1108 1175 1235 1226 atque
1268 1187 1318 1213 ex
1343 1172 1504 1213 forensi

165 1247 245 1273 usu
277 1233 406 1273 homo
439 1231 664 1272 mediocris
695 1245 831 1284 neque
872 1231 1044 1271 omnino
1082 1230 1199 1271 rudis
1236 1230 1380 1271 videar
1416 1245 1504 1272 non

164 1291 255 1345 ipse
283 1305 307 1331 a
331 1305 398 1331 me
425 1289 585 1343 aliquid
610 1289 857 1344 promisisse
890 1289 962 1329 scd
988 1288 1168 1329 fortuito
1194 1288 1239 1329 in
1265 1303 1503 1330 sermonem
1523 1305 1557 1330 20

97 1352 354 1390 112vestrum
386 1348 596 1389 incidisse.
658 1347 867 1401 Equidem
900 1361 1029 1400 quom
1060 1350 1249 1401 peterem
1281 1347 1504 1402 magistra-

164 1411 269 1461 tum,
301 1407 491 1448 solebam
522 1406 567 1446 in
592 1406 830 1460 prensando
858 1405 1072 1446 dimittere
1100 1420 1124 1446 a
1149 1419 1215 1446 me
1244 1404 1505 1460 Scaevolam,

165 1480 295 1519 quom
319 1465 381 1506 ita
407 1465 444 1506 01
471 1465 665 1517 dicerem,
696 1478 763 1504 me
788 1463 895 1504 velle
922 1478 1013 1504 esse
1038 1463 1234 1517 ineptum
1266 1488 1316 1492 —
1342 1463 1386 1504 id
1412 1466 1503 1505 erat

163 1527 307 1578 petere
328 1523 538 1577 blandius,
564 1523 677 1576 quod
695 1522 778 1562 nisi
798 1521 941 1575 inepte
961 1522 1094 1574 fieret,
1119 1522 1226 1563 bene
1251 1535 1338 1562 non
1355 1525 1503 1575 posset

163 1582 273 1637 fieri,
306 1606 359 1611 -
387 1582 499 1622 1111110
526 1584 668 1621 autem
695 1594 786 1620 esse
813 1594 951 1633 unum·
970 1579 1186 1620 hominem
1213 1594 1263 1620 ex
1290 1579 1502 1634 omnibus,
1522 1595 1556 1622 25

165 1654 248 1693 quo
287 1642 511 1693 praesente
551 1652 629 1693 ego
668 1638 862 1691 ineptum
900 1651 991 1678 esse
1029 1652 1096 1678 1110
1128 1637 1302 1678 minime
1333 1638 1503 1692 vellem3

165 1712 291 1752 quem
336 1697 505 1751 quidem
554 1710 666 1737 nunc
715 1710 905 1736 mearum
953 1695 1213 1749 ineptiarum
1262 1699 1417 1737 testem
1461 1699 1504 1737 et

165 1758 451 1810 spectatorem
474 1754 648 1795 fortuna
674 1753 908 1795 constituit.
953 1752 1066 1794 Nam
1092 1754 1193 1806 quid
1219 1757 1284 1795 est
1315 1754 1502 1808 ineptius

165 1829 293 1867 quam
319 1814 368 1854 de
395 1813 570 1854 dicendo
594 1812 744 1866 dicere,
770 1826 898 1866 quom
922 1811 1064 1865 ipsum
1091 1812 1259 1853 dicere
1284 1827 1503 1866 nunquam

166 1873 222 1913 sit
253 1886 339 1913 non
368 1871 580 1926 ineptum,
616 1870 700 1911 nisi
733 1884 862 1923 quom
893 1873 958 1910 est
989 1870 1305 1911 necessarium?
1367 1870 1503 1926 Perge
1523 1887 1557 1913 30

97 1941 283 1985 113vero,
325 1930 484 1984 inquit,
528 1928 698 1982 Crasse,
740 1927 917 1969 Mucius.
985 1927 1120 1969 Istam
1165 1928 1277 1969 em'm
1322 1928 1504 1983 culpam,

167 2003 295 2042 quam
326 1988 496 2041 vereris,
528 2002 607 2042 ego
639 1986 880 2040 praestabo.

95 2047 151 2088 25
285 2045 354 2087 Sic
374 2046 520 2100 igitur,
539 2045 692 2099 inquit,
711 2044 862 2097 sentio,
883 2042 1072 2097 Crassus,
1092 2047 1291 2086 naturam
1315 2044 1501 2099 primum

166 2107 293 2158 atque
323 2104 545 2158 ingenium
582 2104 634 2144 ad
670 2103 894 2143 dicendum
924 2102 1011 2143 11111
1050 2102 1213 2144 adferre
1246 2102 1503 2157 maximam,

164 2177 300 2216 neque
332 2176 431 2203 vero
463 2162 572 2214 istis,
605 2162 654 2202 de
682 2161 836 2215 quibus
862 2160 990 2214 paulo
1018 2164 1116 2201 ante
1144 2161 1250 2202 dixit
1275 2160 1504 2215 Antonius,
1523 2177 1557 2203 35

166 2219 447 2275 scriptoribus
468 2219 572 2261 artis
599 2219 811 2260 rationem
832 2218 996 2259 dicendi
1017 2221 1059 2259 et
1078 2219 1191 2260 viam
1213 2219 1286 2260 sed
1304 2222 1504 2260 naturam

166 2279 360 2320 defuisse.
423 2277 536 2319 Nam
569 2280 610 2319 et
643 2277 774 2318 animi
806 2279 933 2331 atque
964 2277 1111 2332 ingeni
1143 2278 1300 2319 celeres
1333 2277 1505 2331 quidam

93 510 150 551 24

96 579 161 609 110
