1643 2526
474 91 574 126 CAP.
602 95 751 127 58—59.
796 95 815 134 g
842 95 1039 128 208—215.
1344 93 1427 134 277

89 201 253 240 censes,
291 185 417 227 istius
454 186 645 228 Liciniae
681 187 835 242 filium,
877 185 1020 229 Crassi
1058 190 1318 230 testamento
1357 189 1430 242 qui

88 245 172 285 fuit
209 245 466 299 adoptatus?
518 244 693 287 Summo
730 245 812 287 iste
851 246 1022 300 quidem
1063 246 1219 288 dicitur
1255 246 1429 302 ingenio

88 303 233 357 fuisse,
262 303 420 359 inquit3
452 306 494 344 et
524 318 625 345 vero
656 304 726 346 hic
759 303 916 359 Scipio,
947 305 1127 359 conlega
1158 320 1290 360 meus,
1322 306 1428 346 mihi

89 376 189 402 sane
221 362 327 403 bene
359 364 402 403 et
432 362 550 416 loqui
582 362 749 404 videtur
781 365 822 403 et
855 363 1004 404 dicere.
1066 363 1211 418 Recte,
1241 364 1430 418 inquam,

53 436 68 461 5
87 420 263 474 iudicas,
293 420 436 461 Brute.
486 421 545 462 Et
571 421 683 462 enim
713 421 838 462 istius
867 427 1000 476 genus
1027 425 1093 462 est
1119 436 1169 463 ex
1199 422 1335 476 ipsius
1368 437 1432 463 sa-

86 478 272 532 pientiae
317 479 449 533 stirpe
491 482 751 534 generatum.
812 478 926 521 Nam
967 483 1010 521 et
1047 480 1096 521 de
1135 481 1301 522 duobus
1341 481 1430 522 avis

86 537 173 578 iam
205 537 401 592 diximus,
434 536 633 592 Scipione
662 541 705 579 et
731 536 899 593 Crasso,
930 542 973 579 et
999 539 1048 579 de
1075 539 1213 580 tribus
1246 540 1431 594 proavis,

88 594 134 643 Q.
166 594 360 649 Metello,
404 596 524 637 cuius
556 599 759 650 quattuor
795 597 891 649 filii,
934 596 979 637 P.
1015 596 1232 652 Scipione,
1276 598 1348 651 qui
1380 613 1431 639 ex

88 654 311 695 dominatu
342 654 404 694 Ti.
438 653 620 696 Gracchi
658 655 850 709 privatus
882 655 928 695 in
957 655 1203 697 libertatem
1234 671 1325 697 rem
1356 672 1430 710 pu-

36 729 68 754 10
87 712 245 754 blicam
270 712 515 767 vindicavit,
546 712 592 761 Q.
615 712 819 755 Scaevola
845 728 1018 768 augure,
1045 714 1117 768 qui
1141 714 1429 769 peritissimus

87 770 192 812 iuris
223 770 420 825 idemque
452 772 662 825 percomis
695 775 760 813 est
784 772 971 813 habitus.
1034 772 1126 813 lam
1152 773 1333 814 duorum
1360 774 1501 815 ab-213

89 844 266 870 avorum
304 844 432 883 quam
469 832 535 871 est
573 830 754 871 inlustre
791 845 966 884 nomen,
1009 830 1054 871 P.
1088 830 1320 886 Scipionis,
1358 832 1430 886 qui

88 888 155 928 bis
188 888 337 929 consul
368 888 463 942 fuit,
496 888 568 942 qui
601 892 665 930 est
692 887 921 930 Corculum
952 889 1104 943 dictus,
1136 890 1312 931 alterius
1346 905 1432 931 om-

87 946 208 987 nium
241 946 561 1001 sapientissimi,
592 947 636 989 C.
663 947 793 988 Laeli.
827 972 873 976 —-
915 946 949 988 O
984 962 1247 1002 generosam,
1278 948 1432 1004 inquit,

36 1020 68 1046 15
90 1004 268 1058 stirpem
305 1008 348 1045 et
384 1007 591 1058 tanquam
621 1005 667 1046 in
697 1021 826 1047 unam
866 1006 1061 1047 arborem
1101 1006 1226 1060 plura
1264 1021 1432 1061 genera,

89 1063 149 1104 sic
179 1063 225 1103 in
255 1063 385 1104 istam
417 1063 590 1104 domum
615 1064 851 1105 multorum
881 1063 1059 1105 insitam
1093 1065 1237 1118 [atque
1262 1065 1433 1106 inlumi-

86 1122 251 1172 natam]
298 1121 569 1176 sapientiam!
613 1146 662 1151 ——
705 1121 913 1163 Similiter
952 1122 1087 1178 igitur
1129 1123 1339 1178 suspicor,
1382 1126 1432 1164 ut
1446 1123 1500 1165 59

89 1179 356 1221 conferamus
387 1182 519 1234 parva
556 1180 744 1236 magnis,
781 1180 997 1235 Curionis,
1038 1181 1119 1222 etsi
1150 1182 1339 1236 pupillus
1371 1197 1432 1223 re-

88 1238 216 1280 lictus
249 1241 326 1292 est,
356 1239 496 1292 patrio
523 1238 655 1280 fuisse
685 1239 887 1280 instituto
920 1254 1027 1293 puro
1061 1254 1254 1281 sermone
1287 1241 1432 1281 adsue-

38 1314 73 1338 *20
91 1296 250 1338 factam
277 1297 468 1352 domum,
499 1300 542 1338 et
567 1312 616 1338 eo
643 1297 780 1352 magis
805 1297 887 1338 hoc
906 1297 1061 1351 iudico,
1087 1299 1200 1351 quod
1217 1299 1432 1340 neminem

90 1370 140 1396 ex
164 1355 232 1396 his
259 1355 441 1409 quidem,
473 1355 546 1408 qui
578 1355 719 1410 aliquo
746 1355 792 1396 in
821 1371 1000 1397 numero
1032 1356 1217 1410 fuerunt,
1249 1357 1431 1412 cognovi

88 1413 134 1454 in
161 1413 276 1454 omm‘
303 1427 455 1467 genere
481 1413 760 1454 honestarum
786 1415 943 1455 artium
969 1417 1058 1455 tam
1083 1414 1317 1469 indoctum,
1341 1419 1431 1456 tam

89 1472 248 1512 rudem.
309 1470 489 1513 Nullum
524 1472 596 1513 ille
634 1475 807 1526 poetam
838 1476 1035 1526 noverat,
1070 1473 1236 1514 nullum
1266 1473 1502 1528 legerat214

92 1532 322 1583 oratorem,
365 1530 528 1571 nullam
565 1531 816 1572 memoriam
857 1531 1127 1584 antiquitatis
1169 1531 1433 1587 conlegerat,

37 1604 71 1631 25
90 1603 177 1629 non
206 1588 426 1642 publicum
456 1589 537 1643 ius,
566 1603 654 1630 non
683 1589 898 1643 privatum
931 1592 974 1630 et
1005 1589 1127 1630 civile
1160 1594 1431 1645 cognoverat.

91 1646 358 1701 Quamquam
394 1647 437 1687 id
475 1647 646 1700 quidem
682 1647 766 1688 fuit
803 1647 933 1688 etiam
970 1647 1016 1688 in
1053 1647 1148 1688 aliis
1188 1651 1231 1689 et
1262 1648 1431 1703 magnis

91 1705 261 1758 quidem
292 1705 548 1759 oratoribus,
580 1720 685 1760 quos
716 1720 869 1760 parum
899 1705 967 1746 his
998 1705 1233 1748 instructos
1266 1707 1431 1748 artibus

90 1763 292 1817 vidimus,
334 1766 383 1804 ut
417 1762 670 1818 Sulpicium,
707 1767 755 1805 ut
786 1763 1037 1805 Antonium.
1101 1763 1183 1805 Sed
1215 1764 1253 1805 ei
1285 1768 1432 1806 tamen

91 1836 224 1862 unum
252 1821 357 1862 illud
388 1821 605 1863 habebant
637 1822 802 1864 dicendi
834 1837 940 1876 opus
973 1823 1262 1873 elaboratum;
1302 1823 1430 1877 idque

38 1896 73 1921 30
92 1894 189 1921 cum
221 1882 437 1920 constaret
468 1895 519 1920 ex
551 1880 736 1935 quinque
773 1881 1012 1921 notissimis
1050 1881 1264 1935 partibus,
1303 1896 1430 1922 nemo

90 1938 137 1978 in
168 1937 310 1991 aliqua
346 1941 467 1991 parte
504 1952 650 1979 earum
681 1939 854 1980 omnino
886 1939 994 1979 nihil
1024 1942 1210 1993 poterat:
1253 1939 1299 1980 in
1332 1954 1433 1994 qua-

92 2010 271 2049 cumque
315 1996 428 2037 enim
466 2011 551 2037 una
586 1997 711 2051 plane
750 1997 983 2051 clauderet,
1027 2000 1172 2038 orator
1212 2012 1303 2039 esse
1344 2012 1431 2039 non

91 2057 255 2108 posset3
287 2054 360 2094 sed
385 2057 528 2095 tamen
560 2055 667 2096 alius
699 2055 744 2096 in
776 2055 860 2096 alia
892 2055 1125 2096 excellebat
1157 2056 1306 2111 magis.
1351 2056 1500 2098 Re-215

91 2112 283 2166 periebat
315 2112 416 2166 quid
447 2112 529 2154 dici
561 2127 667 2167 opus
700 2117 812 2155 esset
837 2117 880 2154 et
911 2128 994 2167 quo
1027 2114 1154 2155 modo
1185 2115 1430 2169 praeparari

39 2188 73 2213 35
93 2173 135 2211 et
167 2185 250 2224 quo
281 2170 376 2211 loco
408 2170 553 2225 locari,
583 2172 870 2226 memoriaque
903 2186 952 2212 ea
984 2173 1315 2226 comprendebat
1346 2172 1431 2213 An-

92 2229 248 2283 tonius,
267 2228 500 2270 excellebat
520 2232 662 2270 autem
683 2230 866 2285 actione,
898 2232 1138 2284 erant[que]
1163 2231 1201 2272 ei
1223 2231 1430 2285 quaedam

93 2301 144 2328 ex
173 2286 241 2328 his
278 2287 399 2341 paria
437 2301 533 2328 cum
564 2285 737 2343 Crasso,
777 2289 983 2343 quaedam
1023 2289 1153 2330 etiam
1192 2288 1430 2343 superiora,
