1643 2526
199 99 255 141 80
705 99 768 133 DE
796 98 1022 134 ORATORE

198 197 246 236 ut
277 194 406 235 homo
437 209 575 249 neque
601 195 751 236 doctus
782 208 918 248 neque
949 194 1133 235 maxime
1166 197 1291 249 aptus
1323 194 1376 236 ad
1401 195 1539 237 dicen-

199 253 316 307 dum,
349 253 459 294 sicut
490 252 653 307 potuit,
685 252 863 307 dolavit3
901 252 1005 294 vicit
1036 255 1199 307 tamen,
1236 255 1285 294 ut
1317 253 1440 308 dicis,
1472 268 1538 294 su-

129 321 172 353 55
198 311 398 365 periores.
460 310 636 352 Minime
668 311 836 365 mirum,
866 310 1007 364 inquit
1026 310 1256 365 Antonius,
1287 310 1322 352 si
1353 311 1439 352 ista
1468 326 1536 353 res

199 369 336 410 adhuc
372 372 522 411 nostra
558 369 707 424 lingua
736 369 969 410 inlustrata
998 383 1086 409 non
1117 372 1193 410 est.
1254 368 1392 411 Nemo
1425 369 1538 411 enim

200 428 343 468 studet
387 427 654 481 eloquentiae
696 431 943 468 nostrorum
985 427 1227 481 hominum,
1274 427 1358 468 nisi
1400 430 1449 469 ut
1491 428 1537 468 in

199 485 339 527 causis
372 488 500 539 atque
531 486 576 526 in
600 486 695 527 foro
722 485 903 539 eluceat,
935 486 1047 540 apud
1074 484 1258 526 Graecos
1285 488 1428 527 autem
1454 485 1538 527 010-

200 544 471 598 quentissimi
501 544 715 598 homines,
751 544 905 584 remoti
937 558 962 584 a
993 543 1132 585 causis
1164 543 1406 585 forensibus
1439 558 1537 585 cum

200 602 253 643 ad
285 605 447 643 ceteras
479 617 545 643 res
577 602 772 643 inlustris
804 606 898 643 tum
930 602 982 643 ad
1012 601 1239 643 historiam
1270 601 1537 643 scribendam

201 660 418 711 [maxime]
466 675 510 701 se
554 660 885 714 applicaverunt
947 659 1143 713 Namque
1187 663 1230 701 et
1268 659 1538 701 Herodotum

198 718 333 783 illum,
365 718 437 772 qui
468 719 666 772 princeps
700 733 831 773 genus
862 718 945 759 hoc
972 718 1152 772 ornavit,
1181 718 1227 759 in
1258 718 1397 759 causis
1428 718 1538 759 nihil

200 776 373 817 omnino
402 779 619 817 versatum
646 791 736 817 esse
764 776 1022 830 accepimus3
1054 776 1173 830 atqui
1204 779 1327 817 tanta
1358 778 1423 817 est
1456 776 1539 818 elo-

201 835 394 888 quentia,
430 837 479 875 ut
510 849 578 876 me
611 835 799 888 quidem,
834 837 1041 887 quantum
1073 848 1152 889 ego
1187 833 1345 875 Graece
1378 834 1538 889 scripta

130 903 173 934 56
199 892 447 947 intellegere
478 907 667 947 possum,
697 906 956 946 magnopere
983 892 1181 947 delectet3
1213 895 1255 933 et
1285 895 1385 946 post
1415 892 1538 934 illum

199 950 466 1005 Thucydides
494 965 639 992 omnes
667 950 833 992 dicendi
860 950 1041 991 artificio
1068 965 1162 991 mea
1182 950 1395 991 sententia
1412 950 1537 992 facile

198 1009 314 1063 vicit,
346 1009 417 1062 qui
442 1009 505 1050 ita
531 1009 677 1050 creber
702 1012 767 1050 est
792 1023 934 1049 rerum
959 1008 1211 1063 frequentia,
1235 1012 1284 1049 ut
1308 1009 1536 1050 verborum

199 1081 331 1121 prope
356 1082 583 1108 numerum
609 1067 918 1108 sententiarum
943 1081 1120 1107 numero
1148 1070 1445 1121 consequatur,
1475 1067 1538 1108 ita

197 1139 326 1179 porro
358 1125 499 1166 verbis
538 1128 603 1167 est
641 1128 764 1179 aptus
803 1128 846 1166 et
877 1139 1066 1179 pressus,
1103 1128 1152 1166 ut
1188 1125 1353 1166 nescias
1390 1128 1536 1166 utrum

198 1197 265 1224 res
298 1183 491 1224 oratione
518 1198 573 1224 an
596 1184 727 1224 verba
753 1183 976 1224 sententiis
1007 1183 1307 1238 inlustrentur3
1339 1183 1458 1237 atqui
1483 1198 1536 1225 ne

198 1241 312 1283 hunc
351 1242 539 1296 quidem,
577 1256 820 1295 quanquam
858 1244 923 1282 est
958 1241 1005 1282 in
1041 1255 1085 1282 re
1122 1241 1294 1295 publica
1330 1244 1537 1296 versatus,

198 1314 250 1340 ex
280 1313 457 1340 numero
497 1300 736 1354 accepimus
774 1314 938 1353 eorum,
976 1299 1048 1352 qui
1086 1313 1235 1340 causas
1274 1299 1537 1354 dictitarunt,

199 1361 241 1398 et
272 1357 351 1398 hos
382 1358 500 1412 ipsos
532 1358 665 1399 libros
697 1361 791 1398 tum
823 1357 1043 1412 scripsisse
1077 1357 1244 1411 dicitur,
1275 1371 1404 1411 quom
1436 1372 1461 1399 a
1490 1372 1536 1399 re

198 1415 371 1469 publica
415 1420 605 1457 remotus
650 1419 776 1469 atque
825 1440 873 1445 —
919 1415 963 1456 id
1007 1415 1120 1480 quod
1164 1418 1340 1469 optumo
1385 1415 1536 1470 cuique

199 1473 383 1514 Athenis
429 1474 617 1515 accidere
662 1474 838 1515 solitum
882 1477 947 1514 est
990 1498 1039 1502 —
1082 1473 1128 1514 in
1171 1473 1344 1514 exilium
1386 1474 1535 1528 pulsus

129 1541 172 1572 57
200 1535 323 1573 esset.
383 1532 509 1573 Hunc
542 1535 794 1573 consecutus
827 1535 892 1572 est
922 1530 1172 1585 Syracusius
1199 1531 1420 1586 Philistus,
1452 1532 1536 1586 qui,

199 1604 328 1643 quom
366 1589 564 1644 Dionysii
606 1590 780 1644 tyranni
822 1589 1181 1630 familiarissimus
1225 1592 1356 1643 esset,
1399 1590 1535 1631 otium

200 1663 323 1688 suum
369 1648 635 1701 consumpsit
678 1648 724 1688 in
766 1647 947 1688 historia
997 1647 1220 1687 scribenda
1269 1647 1535 1701 maximeque

198 1705 490 1760 Thucydidem
530 1709 612 1759 est,
654 1709 702 1746 ut
743 1705 848 1745 mihi
889 1705 1073 1759 videtur,
1112 1705 1318 1746 imitatus.
1379 1705 1537 1747 Postea

198 1777 298 1804 vero
340 1778 390 1804 ex
432 1764 668 1805 clarissima
706 1763 827 1816 quasi
864 1762 1048 1804 rhetoris
1089 1763 1260 1803 officina
1298 1764 1380 1804 duo
1417 1778 1536 1818 prae·

200 1824 363 1862 stantes
394 1822 581 1876 ingenio,
612 1821 912 1875 Theopompus
945 1824 986 1861 et
1017 1821 1230 1875 Ephorus,
1261 1821 1314 1862 ab
1346 1821 1535 1863 Isocrate

199 1880 407 1934 magistro
438 1879 613 1934 impulsi
645 1894 689 1921 se
722 1879 774 1920 ad
804 1879 1031 1920 historiam
1063 1879 1353 1935 contulerunt3
1385 1894 1534 1922 causas

201 1938 373 1978 omnino
404 1952 624 1992 nunquam
650 1937 898 1992 attigerunt.
959 1937 1153 1990 Denique
1186 1938 1315 1978 etiam
1347 1952 1372 1978 a
1400 1938 1537 1992 philo-

200 1996 352 2049 sophia
393 1996 611 2050 profectus
653 1996 850 2050 princeps
887 1994 1128 2049 Xenophon
1166 1994 1409 2037 Socraticus
1451 1996 1536 2051 ille,

198 2057 299 2108 post
325 2054 377 2095 ab
404 2054 640 2095 Aristotele
668 2053 950 2095 Callisthenes
977 2067 1117 2094 comes
1143 2053 1376 2095 Alexandri
1407 2054 1537 2109 scrip-

200 2112 256 2153 sit
298 2111 543 2166 historiam,
587 2115 629 2152 et
667 2112 703 2153 is
749 2111 918 2165 quidem
964 2111 1178 2153 rhetorico
1223 2126 1357 2166 paene
1399 2126 1536 2167 more3

197 2170 270 2211 ille
306 2173 449 2211 autem
487 2170 680 2224 superior
716 2170 876 2211 leniore
909 2170 1093 2223 quodam
1125 2184 1230 2211 sono
1263 2173 1327 2211 est
1358 2184 1460 2212 usus
1493 2173 1536 2211 et

200 2228 273 2282 qui
297 2228 421 2269 illum
444 2228 654 2282 impetum
681 2228 864 2269 oratoris
889 2241 977 2268 non
1000 2227 1171 2282 habeat,
1201 2228 1427 2269 vehemens
1452 2228 1536 2270 for-

199 2289 313 2328 tasse
344 2286 498 2341 minus,
530 2286 603 2327 sed
634 2286 853 2341 aliquanto
881 2289 1027 2327 tamen
1052 2289 1129 2341 est,
1160 2289 1209 2328 ut
1233 2286 1339 2327 mihi
1365 2285 1536 2340 quidem

132 1915 186 1955 14

129 1982 173 2014 58

1555 443 1572 471 5

1558 736 1591 762 10

1557 1026 1589 1053 15

1555 1317 1590 1343 20

1555 1608 1588 1634 25

1555 1898 1589 1924 30

1554 2186 1588 2213 35
