1643 2526
89 605 145 646 36

160 125 217 167 38
672 121 735 156 DE
763 105 987 156 ORAToRE

160 234 288 262 causa
312 218 508 260 volebam
529 231 657 270 quam
676 231 782 257 mea.
824 214 974 270 Neque
1001 215 1114 256 enim
1138 218 1362 269 tantopere
1386 214 1496 256 hanc

160 293 185 319 a
216 276 370 319 Crasso
403 275 736 329 disputationem
768 273 1074 328 desiderabam,
1112 276 1374 327 quantopere
1407 272 1496 314 eius

158 336 204 377 in
244 335 382 377 causis
421 333 613 375 oratione
652 333 855 387 delector-3
897 346 1010 373 nunc
1047 346 1165 386 vero,
1196 331 1367 386 Crasse,
1404 345 1499 372 mea

159 407 327 448 quoque
360 392 490 433 etiam
521 406 648 432 causa
678 405 804 446 rogo,
838 393 903 445 ut,
940 390 1141 444 quoniam
1172 392 1342 430 tantum
1372 389 1499 430 habe-

159 466 253 493 mus
299 451 377 492 otii
421 453 630 504 quantum
673 449 759 490 iam
799 449 872 489 diu
910 448 1036 489 nobis
1077 462 1164 489 non
1202 447 1402 502 contigit,
1445 461 1533 490 ne5

160 524 333 565 gravere
366 508 640 550 exaedificare
668 507 712 549 id
738 522 843 562 opus
871 506 983 561 quod
1007 506 1247 547 instituisti.
1296 505 1499 547 Formam

160 568 273 609 enim
318 567 452 609 totius
495 565 660 621 negotii
705 565 903 620 opinione
947 565 1166 606 meliorem
1209 564 1498 617 maioremque

162 626 303 680 video,
347 640 474 680 quam
523 624 795 665 vehementer
843 623 990 678 probo.
1061 623 1310 677 Enimvero,
1358 621 1499 676 inquit

92 674 361 738 165Crassus,
398 682 545 724 mirari
582 682 686 724 satis
723 696 811 723 non
843 696 950 736 queo
983 681 1114 722 etiam
1144 684 1187 722 te
1218 681 1341 735 haec,
1379 679 1501 721 Scae-

93 1511 157 1542 166

159 743 275 797 vola,
313 741 568 796 desiderare,
609 755 715 795 quae
751 754 887 794 neque
926 754 1005 795 ego
1036 740 1099 780 ita
1129 742 1253 780 teneo
1286 742 1334 780 ut
1364 738 1396 779 ii
1428 738 1500 792 qui
1521 756 1554 781 ιο

160 802 313 842 docent
344 814 481 853 neque
508 802 607 840 sunt
633 799 722 840 eius
751 798 917 854 generis
943 801 1004 851 ut,
1037 798 1073 839 si
1100 801 1273 852 optume
1298 800 1500 850 tenerem,

160 859 290 914 digna
328 861 471 899 essent
502 859 586 898 ista
618 857 827 912 sapientia
859 871 907 898 ac
938 856 1024 897 tuis
1058 856 1242 897 auribus.
1303 855 1390 896 Ain
1419 855 1500 896 tu?

159 917 300 971 inquit
332 917 416 957 ille.
479 915 524 957 Si
557 916 606 957 de
637 916 734 957 istis
767 914 1064 957 communibus
1093 917 1135 955 et
1160 913 1404 968 pervagatis
1430 913 1501 954 Vix

159 976 259 1016 huic
292 975 423 1016 aetati
463 974 718 1016 audiendum
755 977 902 1028 putas,
941 973 1125 1014 etiamne
1162 972 1238 1013 illa
1275 972 1500 1027 neglegere

159 1048 406 1088 possumus,
450 1047 557 1086 quae
595 1036 643 1073 tu
682 1032 842 1073 oratori
881 1031 1177 1086 cognoscenda
1213 1045 1305 1071 esse
1343 1029 1501 1083 dixisti,
1521 1046 1554 1073 15

161 1092 210 1133 de
247 1091 412 1132 naturis
449 1090 691 1144 hominum,
732 1090 781 1131 de
819 1090 1029 1143 moribus,
1070 1089 1119 1130 de
1157 1088 1398 1130 rationibus
1435 1087 1502 1141 iis,

162 1149 317 1204 quibus
357 1149 582 1189 hominum
622 1151 785 1190 mentes
824 1151 867 1189 et
903 1148 1186 1188 incitarentur
1224 1149 1267 1188 et
1303 1146 1503 1200 reprime—

160 1211 320 1261 rentur,
352 1207 401 1248 de
432 1206 627 1260 historia,
665 1207 714 1247 de
747 1206 1018 1260 antiquitate,
1049 1205 1099 1246 de
1132 1204 1501 1246 administratione

160 1266 221 1307 rei
252 1265 460 1320 publicae,
491 1264 670 1318 denique
703 1265 752 1306 de
776 1268 924 1305 nostro
955 1264 1050 1318 ipso
1076 1263 1166 1304 iure
1193 1262 1336 1304 civili‘?
1379 1262 1502 1303 Hanc

161 1324 274 1365 enim
312 1338 391 1378 ego
430 1337 599 1364 omnem
636 1323 856 1364 scientiam
897 1325 939 1363 et
978 1321 1146 1375 copiam
1177 1336 1319 1362 rerum
1349 1320 1395 1361 in
1426 1323 1502 1361 tua
1521 1338 1554 1363 20

160 1382 389 1436 prudentia
409 1381 596 1422 sciebam
620 1381 777 1435 inesse3
808 1381 854 1421 in
881 1380 1063 1421 oratoris
1090 1393 1189 1420 vero
1214 1379 1502 1420 instrumento

161 1444 251 1481 tam
281 1440 445 1481 lautam
477 1439 785 1494 supellectilem
814 1453 1033 1492 nunquam
1064 1438 1262 1478 videram.

280 1497 408 1539 Potes
440 1498 587 1553 igitur,
617 1497 760 1551 inquit
793 1495 985 1550 Crassus,
1016 1499 1064 1536 ut
1096 1496 1180 1537 alia
1213 1495 1411 1536 omittam
1442 1494 1504 1534 in-

159 1556 442 1597 numerabilia
480 1559 522 1596 et
558 1556 752 1596 inmensa
790 1558 833 1596 et
868 1555 921 1595 ad
950 1554 1094 1608 ipsum
1125 1557 1248 1594 tuum
1280 1553 1346 1593 ius
1379 1552 1503 1594 civile

160 1614 345 1667 veniam,
386 1616 577 1654 oratores
614 1617 766 1667 putare
797 1627 889 1667 eos,
931 1626 1036 1665 quos
1075 1612 1232 1652 multas
1270 1611 1399 1652 horas
1438 1625 1505 1652 ex·
1524 1628 1556 1653 25

159 1672 366 1727 pectavit,
406 1686 535 1725 quom
574 1671 621 1711 in
658 1685 856 1725 campum
892 1673 1160 1724 properaret,
1200 1672 1243 1710 et
1282 1669 1422 1710 ridens
1461 1671 1504 1709 et

162 1730 436 1771 stomachans
468 1729 513 1769 P.
537 1728 753 1782 Scaevola,
786 1743 883 1769 cum
913 1727 1139 1782 Hypsaeus
1172 1727 1358 1768 maxima
1389 1740 1506 1780 voce,

160 1788 358 1843 plurimis
389 1787 529 1828 verbis
564 1802 587 1828 a
619 1786 674 1827 M.
708 1785 862 1828 Crasso
894 1789 1089 1840 praetore
1127 1786 1419 1839 contenderet,
1455 1788 1505 1826 ut

161 1847 219 1900 ei,
251 1861 377 1900 quem
410 1845 682 1899 defendebat,
719 1859 847 1886 causa
879 1844 1025 1885 cadere
1057 1843 1223 1897 liceret,
1255 1842 1328 1884 On.
1362 1846 1504 1884 autem

163 1903 365 1945 Octavius
402 1904 531 1944 homo
571 1903 806 1944 consularis
844 1916 932 1943 non
969 1901 1108 1943 minus
1146 1902 1277 1957 longa
1310 1901 1502 1942 oratione
1524 1919 1558 1944 30

161 1965 394 2016 recusaret,
424 1976 477 2002 ne
511 1961 777 2003 adversarius
810 1975 938 2002 causa
970 1960 1138 2001 caderet
1171 1974 1219 2001 ac
1250 1974 1303 2000 ne
1333 1960 1389 2014 is,
1426 1973 1504 2013 pro

163 2034 246 2074 quo
272 2020 364 2074 ipse
392 2020 564 2074 diceret,
596 2019 713 2073 turpi
739 2019 900 2060 tutelae
931 2018 1088 2059 iudicio
1123 2021 1250 2072 atque
1278 2017 1394 2058 omni
1419 2031 1507 2058 mo-

94 2078 289 2121 1671estia
321 2077 507 2119 stultitia
540 2077 770 2119 adversarii
802 2076 1085 2117 liberaretur?
1126 2076 1221 2131 Ego
1254 2090 1353 2117 vero
1384 2075 1506 2128 istos,

161 2136 304 2190 inquit
334 2160 382 2165 —
412 2136 586 2176 memini
619 2135 733 2177 enim
763 2134 870 2176 mihi
900 2149 1073 2175 narrare
1104 2134 1296 2176 Mucium
1321 2157 1390 2188 ——,
1419 2146 1507 2173 non

163 2195 290 2236 modo
324 2194 507 2235 oratoris
539 2194 711 2235 nomine
745 2193 818 2234 sed
848 2207 901 2233 ne
933 2192 1027 2233 foro
1061 2193 1232 2246 quidem
1257 2192 1410 2247 dignos
1435 2191 1506 2232 vix
1525 2207 1559 2233 35

162 2252 363 2307 putarim.
408 2252 543 2305 Atqui
562 2266 650 2293 non
670 2251 805 2292 defuit
823 2251 909 2291 illis
930 2251 1136 2304 patronis,
1153 2250 1295 2304 inquit
1314 2248 1506 2302 Crassus,

164 2310 410 2365 eloquentia
440 2324 577 2365 neque
610 2309 778 2351 dicendi
809 2309 921 2350 ratio
954 2312 1028 2350 aut
1060 2309 1182 2363 copia
1214 2308 1287 2349 sed
1316 2307 1422 2348 iuris
1454 2307 1509 2348 ci-
