1643 2526
167 103 255 145 264
743 104 930 138 BRUTUs

166 198 317 253 oratio,
343 213 425 252 qua
452 213 562 240 anno
589 199 1080 254 duodequinquagesimo
1106 214 1207 241 usus
1234 203 1308 241 est.
1358 199 1410 240 In
1432 200 1500 242 his

166 257 363 298 omnibus
400 257 513 298 inest
551 257 722 311 quidam
761 257 850 298 sine
888 257 975 298 ullo
1010 257 1108 299 fuco
1140 258 1333 299 veritatis
1366 258 1500 312 color3

165 315 268 368 quin
299 315 429 356 etiam
468 315 733 369 comprensio
771 318 813 356 et
851 315 1038 357 ambitus
1075 316 1146 357 ille
1183 317 1428 371 verborum,
1464 316 1501 357 si

166 373 226 414 sic
265 374 474 426 περίοδον
515 373 718 427 appellari
758 373 916 428 placet,
959 377 1050 415 erat
1094 375 1204 428 apud
1243 375 1365 415 illum
1405 389 1500 416 con-

164 434 328 472 tractus
361 434 404 472 et
434 431 588 485 brevis,
619 434 662 472 et
692 431 738 472 in
769 432 960 472 membra
992 433 1209 487 quaedam,
1247 446 1352 487 quae
1383 437 1500 473 κῶλα
1537 449 1554 475 5

97 487 316 530 163Graeci
348 492 515 543 vocant,
546 489 824 543 dispertiebat
857 490 1093 531 orationem
1124 491 1351 532 lubentius.
1377 531 1380 533 Α
1406 490 1500 532 Ηο0

163 546 258 587 loco
285 547 463 588 Brutus:
496 546 672 595 Quando
700 548 871 601 quidem
896 551 943 588 tu
974 548 1082 589 istos
1115 551 1318 604 oratores,
1348 549 1501 603 inquit,

163 607 285 645 tanto
331 619 457 659 opere
500 605 667 659 laudas,
708 606 860 647 vellem
905 606 1066 659 aliquid
1103 607 1294 648 Antonio
1331 609 1500 661 praeter

161 662 283 703 illum
315 663 365 703 de
397 663 562 704 ratione
602 663 766 704 dicendi
805 679 904 705 sane
943 664 1095 705 exilem
1131 665 1342 719 libellum,
1377 665 1501 719 plura

163 718 317 761 Crasso
350 721 547 762 libuisset
579 721 779 762 scribere:
824 737 920 763 cum
958 722 1071 764 enim
1109 723 1305 764 omnibus
1344 738 1553 765 memo-10

162 778 270 819 riam
298 779 363 819 sui
387 782 480 819 tum
506 779 634 819 etiam
664 779 933 833 disciplinam
959 781 1123 822 dicendi
1154 781 1278 822 nobis
1309 781 1501 835 reliquis-
1543 813 1548 817 .

164 839 268 877 sent.
331 836 443 877 Nam
476 835 702 878 Scaevolae
742 838 907 878 dicendi
938 838 1196 893 elegantiam
1229 839 1333 880 satis
1366 854 1417 880 ex
1447 839 1500 880 iis

95 894 444 948 1640rati0nibus,
471 909 575 948 quas
601 895 786 949 reliquit,
811 896 1015 937 habemus
1043 897 1270 951 cognitam.
1318 897 1377 938 Et
1403 911 1500 952 ego:

162 951 270 992 Mihi
303 953 471 1006 quidem
503 968 527 994 a
558 953 742 1007 pueritia
774 954 896 1007 quasi
934 955 1141 1009 magistra
1172 955 1273 1010 fuit,
1311 955 1500 1010 inquam,

162 1010 238 1050 illa
267 1010 313 1050 in
350 1011 489 1066 legem
521 1009 747 1065 Caepionis
781 1012 936 1066 oratio,
978 1013 1023 1053 in
1061 1027 1144 1066 qua
1185 1016 1227 1054 et
1265 1013 1498 1055 auctoritas
1521 1030 1553 1056 15

164 1071 340 1109 ornatur
373 1072 564 1123 senatus,
602 1083 684 1123 quo
717 1084 793 1123 pro
828 1070 972 1111 ordine
1004 1070 1079 1111 illa
1110 1071 1326 1126 dicuntur,
1366 1075 1408 1112 et
1439 1071 1500 1112 in-

162 1126 275 1166 vidia
307 1127 546 1168 concitatur
576 1127 621 1167 in
651 1127 839 1168 iudicum
877 1131 919 1168 et
949 1129 994 1168 in
1025 1132 1321 1170 accusatorum
1352 1129 1500 1171 factio-

162 1198 272 1237 nem,
304 1188 453 1226 contra
485 1199 666 1238 quorum
693 1186 932 1239 potentiam
957 1187 1221 1241 populariter
1245 1190 1337 1228 tum
1363 1187 1499 1228 dicen-

163 1242 262 1282 dum
282 1242 374 1283 fuit.
424 1242 562 1283 Multa
580 1243 625 1283 in
644 1243 718 1283 illa
739 1243 930 1285 oratione
952 1245 1150 1299 graviter,
1175 1245 1310 1286 multa
1334 1246 1499 1299 leniter,

161 1300 298 1340 multa
338 1315 502 1355 aspere,
545 1301 681 1342 multa
720 1301 855 1343 facete
897 1302 1010 1343 dicta
1050 1306 1165 1357 sunt3
1208 1304 1332 1357 plura
1369 1304 1498 1344 etiam
1519 1321 1552 1346 20

162 1357 277 1398 dicta
308 1373 434 1412 quam
465 1359 636 1412 scripta,
677 1360 789 1412 quod
821 1375 871 1400 ex
903 1360 1158 1414 quibusdam
1190 1362 1401 1415 capitibus
1434 1377 1500 1403 ex-

160 1416 313 1470 positis
333 1431 410 1457 nec
431 1417 652 1471 explicatis
672 1418 864 1473 intellegi
890 1422 1044 1472 potest.
1089 1419 1189 1474 Ipsa
1212 1420 1287 1460 illa
1308 1420 1499 1461 censoria

162 1477 310 1514 contra
349 1473 421 1515 Cn.
454 1474 695 1516 Domitium
736 1476 956 1531 conlegam
996 1491 1082 1518 non
1122 1481 1187 1518 est
1227 1478 1383 1532 oratio,
1425 1479 1498 1519 sed

163 1532 283 1585 quasi
316 1533 457 1586 capita
488 1548 630 1574 rerum
663 1536 704 1574 et
738 1534 944 1575 orationis
983 1536 1336 1576 commentarium
1366 1536 1494 1590 paulo

161 1589 339 1643 plenius.
389 1590 426 1631 N
432 1591 520 1631 ulla
544 1595 609 1632 est
633 1591 745 1632 enim
765 1593 986 1633 altercatio
1010 1593 1266 1634 clamoribus
1294 1608 1496 1647 umquam
1516 1612 1549 1638 25

94 1647 310 1688 165habita
336 1649 580 1689 maioribus.
631 1649 689 1689 Et
708 1664 807 1690 vero
834 1650 915 1690 :fuit
940 1651 985 1690 in
1016 1651 1097 1692 1100
1123 1651 1252 1692 etiam
1277 1652 1495 1705 popularis

162 1705 292 1746 dictio
331 1706 556 1761 excellens,
600 1706 763 1747 Antoni
801 1721 934 1762 genus
973 1708 1136 1749 dicendi
1178 1709 1312 1750 multo
1355 1710 1495 1763 aptius

160 1763 328 1804 iudiciis
362 1779 489 1818 quam
522 1765 802 1805 contionibus.

89 1820 146 1862 45
283 1821 371 1862 Hoc
409 1822 502 1863 loco
540 1822 681 1876 ipsum
715 1823 955 1864 Domitium
991 1834 1079 1865 non
1115 1825 1321 1878 relinquo.
1383 1825 1496 1867 Nam

161 1878 240 1919 etsi
271 1893 358 1919 non
388 1879 471 1921 fuit
501 1881 545 1921 in
579 1883 796 1921 oratorum
826 1895 1022 1936 numero,
1058 1886 1202 1923 tamen
1238 1897 1350 1936 pono
1390 1883 1494 1924 satis
1514 1901 1549 1926 30

158 1936 204 1976 in
230 1951 279 1977 eo
305 1937 436 1979 fuisse
464 1938 670 1979 orationis
697 1942 823 1992 atque
848 1939 1005 1994 ingeni,
1037 1955 1120 1994 quo
1147 1944 1189 1981 et
1217 1941 1494 1996 magistratus

157 2008 384 2048 personam
405 1999 447 2036 et
468 1997 733 2038 consularem
748 1997 1001 2051 dignitatem
1021 2001 1231 2054 tueretur,
1251 2000 1363 2052 quod
1382 1999 1495 2041 idem

159 2052 209 2092 de
236 2051 279 2093 C.
301 2051 444 2094 Caelio
478 2054 668 2109 dixerim,
698 2055 953 2096 industriam
981 2056 1026 2096 in
1052 2071 1101 2097 eo
1129 2072 1338 2098 summam
1362 2057 1494 2098 fuisse

159 2124 429 2164 summasque
456 2112 648 2165 virtutes,
675 2113 940 2166 eloquentiae
966 2117 1148 2169 tantum,
1175 2115 1287 2168 quod
1313 2118 1425 2156 esset
1449 2115 1494 2155 in

159 2169 284 2209 rebus
316 2169 493 2222 privatis
527 2170 674 2211 amicis
706 2171 808 2225 eius,
839 2171 884 2211 in
915 2186 959 2212 re
991 2173 1162 2226 publica
1192 2173 1327 2227 ipsius
1360 2173 1494 2227 digni·
1513 2190 1547 2215 3⁵

88 2226 238 2267 166tati
277 2227 391 2268 satis.
454 2228 617 2268 Eodem
660 2231 851 2282 tempore
890 2228 944 2269 M.
977 2230 1217 2271 Herennius
1258 2231 1304 2271 in
1340 2231 1494 2271 medio-

158 2284 299 2325 cribus
327 2285 569 2327 oratoribus
602 2286 754 2327 Latine
787 2290 829 2327 et
860 2287 1087 2342 diligenter
1117 2288 1389 2342 loquentibus
1420 2303 1495 2329 nu-
